1838 3210
449 197 523 238 DE
561 195 818 239 MANUELE
859 197 1122 240 COMNENO
1162 200 1262 240 LlB.
1304 201 1358 240 11.
1525 198 1627 253 107

187 307 308 348 τορος
340 291 633 347 ὄνομάζοντες,
671 294 745 336 καί
775 296 1032 350 κρυφιώδεις
1060 295 1270 347 συσκευάς
1295 296 1346 338 τὰ
1376 296 1454 338 οὐκ
1479 297 1525 339 ὲν
1550 313 1631 350 μυ-

187 360 251 415 χῷ
275 360 349 414 γῆς
376 361 448 401 καί
490 357 745 416 παραβύστῳ
773 358 864 401 ἀλλ’
891 363 961 416 ἐφ’
993 360 1097 420 ἡλίῳ
1127 359 1441 415 συλλαλοὺμενα
1467 361 1631 417 μάρτυ-

188 439 248 478 ρι.
303 422 324 464 ὅ
355 426 497 466 τοίνυν
525 423 736 479 Μανουὴλ
765 425 857 473 νέος
884 422 944 468 ὧν
969 424 1034 469 ἔτι
1061 430 1134 469 καί
1158 424 1427 483 αὖτὰρεσκος,
1455 426 1530 469 καί
1554 422 1630 468 ἅλ-

188 492 271 538 λως
296 488 611 543 ὖποβλέπεσθαι
625 489 698 531 τὸν
725 488 909 545 ἀδελφὸν
938 491 1020 532 ὑπὸ
1050 495 1132 535 ταῖν
1155 496 1234 535 ’τοῦ
1262 492 1527 548 πατριάρχου
1555 508 1632 534 κα-

152 553 379 610 5τηγόρων
425 555 482 604 ὥς
520 557 795 608 βασιλειῶντα
822 555 1095 610 έναγόμενος,
1135 559 1369 614 ἀνατρέψαι
1394 559 1535 601 τοῦτον
1556 560 1632 600 τοῦ

187 618 342 674 θρόνου
361 619 510 675 ἐζήτει.
538 616 712 675 κᾶπειδὴ
731 617 904 663 ἅπτεται
930 624 1077 676 μῶμος
1095 626 1167 666 καί
1191 628 1274 667 τῶν
1305 621 1548 678 ἀψαύστων,
1574 622 1632 673 ὥς

188 685 380 740 οἴδαμεν,
411 688 484 728 καί
509 683 644 739 ἅπας,
677 686 735 736 ὥς
753 685 827 728 καί
848 689 971 730 τοῦτο
1000 687 1136 742 ἴσμεν,
1166 690 1225 738 εἷς
1243 688 1288 732 τὸ
1307 689 1434 732 κακόν
1458 707 1500 732 τι
1529 691 1634 744 δρᾶν

187 753 562 807 προσκλινέστερος,
589 756 838 809 καθαιρέσει
865 752 1229 808 καθυποβάλλεται
1255 756 1312 806 ὥς
1337 756 1635 811 συναιρετίζων

185 818 358 874 μοναχῷ
388 817 471 860 τινί
489 816 687 874 Νήφωνι.
744 815 796 874 ἦν
825 821 871 862 δὲ
902 819 925 860 ὅ
952 821 1119 876 Νήφων
1144 820 1334 877 συνήθης
1359 822 1437 875 μὲν
1468 823 1525 879 τῷ
1552 837 1638 862 πα-

130 901 175 926 10
187 883 366 940 τριάρχῃ
408 883 482 925 καί
525 883 721 935 πολλάκις
750 887 797 927 ἐκ
828 887 900 941 τῆς
929 888 1064 928 αὐτοῦ’
1088 888 1293 943 τραπέζης
1319 884 1534 935 ἓστιαθείς
1560 888 1633 929 καί
1643 898 1671 932 C

187 951 330 1004 στέγης
358 947 513 1002 ὅμοίως
538 948 796 1011 μετειληχιᾷς
814 983 826 1005 ,
865 953 1102 1007 διεβέβλητο
1135 954 1182 995 δὲ
1215 951 1272 1002 ὦς
1303 953 1377 994 οὔκ
1408 951 1539 1007 ὄρθός
1568 951 1631 1007 εἴη

184 1014 238 1058 τὰ
271 1017 313 1065 ές
342 1015 500 1068 πίστιν,
532 1015 605 1057 καί
630 1014 704 1070 τήν
735 1021 974 1072 σχοινοτενῆ
999 1018 1120 1072 γένυν
1150 1020 1347 1074 ε’κέκαρτο
1374 1021 1446 1061 καί
1473 1020 1635 1071 δεσμω-

186 1082 315 1139 τηρίῳ
353 1082 548 1136 ἐνείρχθη
587 1081 704 1137 παρὰ
745 1084 820 1125 τοῦ
858 1080 1124 1138 πατριάρχου
1166 1082 1369 1139 Μιχαήλ.
1424 1079 1477 1139 ἦν
1509 1080 1584 1126 οὖν
1613 1082 1637 1126 ὅ

187 1149 366 1200 Κοσμᾶς
404 1148 458 1188 δι’
488 1146 616 1189 αὐτὸν
655 1147 726 1188 ὑπ’
754 1149 893 1190 αἰτίαν
919 1148 975 1198 ὥς
1004 1146 1206 1205 ὄμόφρων
1232 1165 1277 1192 τε
1305 1149 1380 1191 καί
1405 1147 1632 1202 ὃμόδοξος,

128 1213 176 1255 15
188 1214 261 1254 καί
283 1212 322 1254 οἱ
350 1213 551 1264 ἀντίδοξοι
568 1214 628 1270 τῷ
648 1215 806 1271 Κοσμᾷ
832 1215 1110 1269 εὐπροσώπου
1140 1215 1296 1271 ταύτης
1327 1217 1529 1273 α’φορμῆς
1558 1219 1635 1258 λα-

185 1275 357 1332 βόμενοι
394 1281 645 1334 κατέτρεχον
685 1274 764 1335 ἤδη
803 1281 876 1322 καί
904 1283 1106 1336 λαμπρῶς
1138 1282 1347 1324 ἐπέκειντο
1358 1315 1372 1335 ,
1400 1279 1508 1324 κατὰ
1532 1279 1635 1336 κρά-

186 1361 255 1394 τος
292 1342 483 1399 αἱρήσειν
522 1344 597 1386 καί
619 1342 742 1395 ὅλαις
769 1350 964 1389 καθελεῖν
992 1346 1157 1403 ψήφοις
1199 1346 1332 1391 αιῗτὸν
1359 1348 1635 1403 ἐπειγόμενοι.

186 1407 424 1467 κρινόμενος
451 1406 528 1453 οὖν
544 1444 555 1465 ,
584 1408 614 1468 ἢ
639 1414 801 1465 μᾶλλον
827 1411 1200 1468 κατακρινόμενος,
1227 1413 1302 1456 καί
1330 1411 1359 1456 ἃ
1392 1415 1468 1456 ov'x
1492 1413 1637 1468 ἐγίνω-

188 1492 286 1518 σκεν
311 1477 604 1531 ἐρωτώμενος,
631 1476 706 1520 καί
728 1476 799 1520 διὰ
833 1481 967 1520 ταῦτα
994 1481 1072 1521 τοῦ
1103 1478 1259 1535 θρόνου
1291 1478 1637 1535 ἐξοστρακιζόμε-

125 1557 177 1585 20
190 1556 279 1595 νος,
330 1542 455 1598 ζήλου
482 1544 721 1597 πιζιιπλαται
738 1577 751 1597 ,
789 1543 863 1586 καί
889 1543 934 1586 τὸ
965 1546 1186 1602 συνέδριον
1212 1547 1344 1588 ἐκεῖνο
1374 1545 1634 1601 περισκεψά-

187 1623 310 1661 μενος
337 1610 388 1666 τῇ
415 1611 494 1663 μὲν
519 1609 658 1667 μήτρᾳ
686 1613 761 1665 τῆς
792 1611 1010 1664 βασιλίδος
1048 1612 1223 1669 ἐπιτιμᾷ
1251 1611 1311 1668 μή
1342 1613 1474 1654 παῖδα
1501 1617 1677 1657 τεκεῖνῑ)

191 1669 374 1730 ἄρρενα,
424 1677 618 1731 α’φοριζει
655 1678 705 1718 δὲ
727 1677 800 1717 καί
844 1678 928 1718 τῶν
964 1678 1065 1727 περὶ
1107 1674 1182 1719 τὸν
1217 1679 1395 1730 βασιλέα
1421 1677 1537 1728 τινὰς
1564 1677 1638 1719 καὶ

188 1738 262 1796 τήν
290 1739 383 1782 τότε
414 1744 701 1784 συνελθοῦσαν
743 1744 803 1792 εἰς
831 1738 965 1784 αὐτοῦ
991 1745 1242 1798 καθαίρεσιν
1268 1741 1444 1786 σύνοδον
1470 1743 1528 1793 ὥς
1555 1746 1634 1797 βα·
1646 1752 1687 1786 V.
1700 1753 1743 1799 43

282 1859 315 1892 9.
342 1850 484 1892 νίφωνι
508 1848 577 1880 ΑΒ.
700 1859 749 1881 ιι.
767 1846 815 1885 αἷς
834 1846 904 1881 οὐκ
932 1845 1031 1894 ὀρθ]
1051 1847 1101 1885 ὥς
1123 1848 1327 1895 βογόμιλος
1341 1849 1378 1881 B.
1478 1860 1530 1884 ια.
1555 1849 1634 1898 καὶ]

281 1891 348 1927 διὰ
375 1897 469 1938 γοῦν
492 1896 602 1927 τοῦτο
622 1895 660 1927 A.
755 1894 949 1941 ἐκέκαρτο]
977 1894 1166 1940 πρότερον
1202 1895 1412 1941 κουρεύσας
1441 1898 1505 1930 καὶ
1534 1907 1635 1943 πομ-

283 1941 428 1978 πεύσας
451 1939 567 1976 αὐτόν
592 1941 629 1974 Β.
755 1943 812 1976 23.
843 1943 1066 1988 παράλογον
1096 1940 1263 1977 σύνοδον
1294 1943 1331 1976 Β.

189 2036 261 2069 lius
304 2036 342 2069 in
381 2047 518 2070 sacrum
558 2036 734 2081 palatium
762 2037 943 2082 ingressus
973 2043 1015 2070 ut
1041 2037 1286 2071 clandestinos
1302 2063 1312 2079 ,
1337 2043 1374 2072 et
1396 2049 1491 2084 quae
1516 2040 1637 2086 palam

190 2082 512 2128 colloquebantur,
550 2084 724 2129 tanquam
750 2085 909 2118 occultas
934 2085 1219 2129 conspirationes
1236 2085 1512 2120 calumniantur.
1559 2087 1641 2121 Ma-

187 2131 277 2164 nuel
302 2131 427 2175 igitur,
455 2136 496 2164 ut
520 2131 734 2164 ambitiosus
761 2131 990 2172 adolescens,
1016 2133 1074 2164 cui
1100 2132 1208 2164 facile
1230 2143 1250 2164 a
1278 2133 1506 2177 patriarchae
1533 2145 1639 2168 accu-

190 2176 370 2211 satoribus
393 2177 681 2222 persuadebatur
698 2179 845 2213 fratrem
866 2190 1012 2224 regnum
1029 2181 1214 2220 affectare,
1232 2178 1329 2212 hunc
1355 2179 1487 2214 throno
1514 2181 1640 2215 detur-

188 2223 278 2258 bare
305 2225 487 2269 cupiebat.
514 2230 550 2258 et
573 2226 659 2270 quia
683 2225 778 2258 nihil
803 2232 877 2260 tam
902 2231 1064 2259 sanctum
1090 2231 1144 2259 est
1169 2226 1267 2271 quod
1291 2227 1471 2260 calumnia
1494 2233 1639 2262 tentare

188 2283 264 2304 non
294 2271 448 2312 audeat,
482 2277 519 2305 et
541 2283 664 2306 omnes
705 2272 752 2306 ad
775 2273 979 2306 nocendum
1012 2273 1246 2318 procliviores
1287 2285 1364 2307 esse
1402 2280 1567 2317 constat,
1592 2275 1638 2308 de

189 2329 396 2352 successore
421 2319 454 2352 ei
479 2318 598 2352 dando
623 2320 759 2364 agitur,
781 2332 847 2366 per
873 2332 1016 2353 causam
1044 2320 1143 2365 quod
1168 2331 1248 2352 cum
1274 2320 1450 2366 Nephone
1479 2322 1638 2368 quodam

189 2365 366 2399 monacho
393 2376 581 2411 perperam
602 2367 764 2400 sentiret.
797 2373 875 2401 erat
896 2368 928 2400 is
953 2367 1150 2400 monachus
1177 2368 1211 2399 ei
1235 2367 1445 2411 familiaris,
1471 2375 1508 2403 et
1529 2381 1638 2414 saepe

189 2423 314 2446 mensa
354 2413 431 2446 eius
469 2413 673 2459 iisdemque
715 2414 867 2448 aedibus
905 2414 1085 2447 utebatur.
1111 2414 1253 2447 crimini
1275 2421 1397 2449 autem
1423 2416 1458 2449 ei
1484 2416 1641 2449 dabatur

190 2470 300 2504 prava
330 2460 476 2504 opinio,
510 2465 549 2494 et
582 2472 662 2493 rasa
698 2462 836 2495 eratin
871 2461 1018 2506 longum
1040 2461 1208 2502 maxilla,
1237 2467 1274 2495 et
1297 2473 1317 2494 a
1339 2463 1544 2508 patriarcha
1567 2464 1639 2496 Mi-

191 2505 317 2539 chaele
341 2507 379 2540 in
403 2518 582 2540 carcerem
606 2508 789 2542 coniectus
815 2509 943 2542 fuerat.
963 2508 1088 2554 itaque
1114 2508 1258 2541 Cosmas
1284 2510 1391 2543 etiam
1417 2516 1459 2543 ut
1482 2516 1642 2543 sectator

193 2553 272 2585 eius
301 2558 338 2586 et
367 2556 578 2599 suffragator
609 2555 648 2588 in
681 2556 816 2589 crimen
851 2561 1011 2589 venerat.
1048 2567 1119 2601 qua
1153 2556 1315 2600 speciosa
1340 2557 1519 2590 calumnia
1555 2557 1640 2590 freti

195 2598 390 2633 adversarii
416 2601 657 2646 patriarcham
683 2608 806 2647 aperte
832 2602 1078 2644 incursabant,
1105 2607 1141 2635 et
1166 2603 1201 2634 vi
1226 2615 1395 2648 superare
1414 2616 1454 2636 ac
1479 2604 1517 2636 in
1542 2603 1642 2636 ordi-

194 2656 278 2678 nem
291 2657 416 2691 cogere
430 2649 631 2682 manifestis
651 2650 826 2694 suffragiis
839 2649 1061 2683 nitebantur.
1085 2649 1240 2695 proinde
1260 2651 1299 2683 in
1326 2651 1501 2684 iudicium
1525 2649 1642 2682 addu-

194 2697 295 2733 ctus,
325 2703 367 2725 ac
395 2696 517 2740 potius
554 2696 780 2741 praeiudicio
819 2697 1106 2737 condemnatus,
1139 2708 1218 2729 cum
1261 2709 1303 2730 ea
1338 2703 1523 2742 rogaretur
1546 2708 1641 2742 quae

195 2738 404 2782 ignorabat,
438 2742 486 2774 ob
512 2753 626 2788 eaque
656 2755 721 2788 per
753 2744 1002 2777 ostracismum
1027 2743 1207 2789 quendam
1233 2744 1450 2789 pelleretur,
1475 2743 1643 2789 indigna-

196 2786 296 2820 tione
319 2786 447 2831 pleuus
485 2788 722 2834 imperatricis
756 2795 897 2825 uterum
936 2796 1144 2831 execratur,
1170 2801 1216 2824 ne
1243 2801 1359 2824 mares
1382 2791 1519 2825 liberos
1544 2791 1641 2838 pari-
