1878 3230
718 219 851 258 Unus
895 216 1084 258 CAPTA.
1106 277 1108 279 Ι
1470 198 1503 252 8
1517 216 1534 250 1
1555 217 1572 251 1

161 311 328 367 ρατιέξει
370 313 474 368 μήτε
500 306 588 369 1μὴν
621 311 820 367 μεθόδοις
854 317 1098 370 χρωμένους
1135 319 1451 370 στρατηγικαῖς,
1493 316 1584 356 ἀλλ’

161 379 253 419 οὐδ’
282 380 326 427 ἐς
357 378 574 434 ἀκρίβειαν
605 379 889 431 ὡπλισμένους
906 412 918 432 ,
947 383 1272 435 συντεταγμένην
1297 379 1371 435 τὴν
1409 377 1586 433 δύναμιν

162 443 218 492 ὥς
238 445 281 492 ές
306 442 448 498 μάχην
477 442 636 497 ἐξάγειν
665 443 905 498 ἐγνώκεσαν.
963 445 1020 494 (ὃς
1046 446 1083 486 δ’
1103 443 1292 500 α’πήντων
1319 446 1463 494 αὐτοῖς
1483 445 1632 490 ‘Pon-1)

160 515 278 561 μαῖοι
302 507 409 561 μετὰ
436 508 623 563 θάρσους
648 515 734 557 τοῖς
762 510 939 563 τείχεσιν
969 511 1306 564 ἐπεγχρίπτοντες
1334 508 1482 568 (ᾤοντο
1504 510 1585 564 γὰρ

124 573 321 618 5δειλίαν
349 573 422 627 τήν
447 576 528 616 τῶν
551 576 745 616 Λατίνων
770 575 1040 631 ἀσφάλειαν),
1071 577 1323 629 διεκχέονται
1348 578 1428 617 τῶν
1447 576 1589 616 πυλῶν

159 641 236 680 καί
256 654 379 695 σφισι
406 641 727 692 συμπλέκονται,
762 639 834 681 καὶ
873 640 978 695 πρὸς
1010 638 1159 695 μικρὸν
1197 639 1462 694 α’ντισχόντες
1486 640 1591 682 Ῥω-

161 710 281 757 μαῖοι
309 705 537 758 τρέπονται,
565 703 638 746 καί
662 707 820 759 γίνεται
846 708 920 760 τῆς
949 703 1106 759 ἡμέρας
1136 707 1291 759 ἐκείνης
1319 703 1495 746 ἐλεεινὸν
1520 706 1592 746 καί

163 769 359 812 οἴκτιστον
387 772 546 823 θέαμα·
601 770 780 826 μηδενὸς
805 770 884 826 γὰρ
919 771 1113 825 λαβόντες
1147 770 1185 812 οἱ
1221 774 1397 812 Λατῖνοι
1433 768 1590 825 φειδώ,
1619 772 1625 797 ἶ

162 833 267 876 κατὰ
296 835 343 877 δὲ
373 832 540 877 πάντων
570 837 626 892 τῷ
653 839 764 892 ξάρει
790 835 1071 891 χρησάμενοι,
1104 835 1182 891 τὴν
1216 838 1292 890 γῆν
1321 836 1493 877 ἐπίαναν
1527 835 1592 876 αἳ-

102 916 267 953 ιομασι
283 932 296 953 ,
327 899 402 942 καὶ
426 902 510 942 τῶν
536 901 747 957 πεσόντων
777 903 915 949 ου’δείς
948 900 1068 952 ὁσίας
1092 901 1302 956 τετύχηκε.
1357 902 1481 942 ταυτί
1513 902 1592 953 μὲν

162 961 236 1007 οὖν
271 965 298 1021 ἦ
340 968 590 1019 προεξιοῦσα
629 968 803 1022 δέδρακε
848 967 1044 1023 στρατιά·
1098 968 1197 1009 οὐδὲ
1238 966 1317 1021 γὰρ
1361 968 1597 1020 περαιτέρω,

159 1037 316 1086 χωρεῖν
347 1029 606 1087 τεθάρρηκε,
629 1031 846 1086 Ῥωμαίων
873 1036 952 1088 μὲν
985 1035 1057 1076 καί
1081 1031 1264 1087 Βλάχων
1296 1031 1403 1085 μετὰ
1441 1032 1593 1084 μοίρας

163 1098 374 1151 Σκυθικῆς
401 1095 670 1151 περιιόντων,
698 1101 780 1139 ταῖν
813 1099 852 1139 δ’
889 1094 1027 1140 ἄλλων
1053 1100 1095 1147 ές
1134 1098 1208 1152 τήν
1230 1093 1458 1152 Ἀδριανοῦ
1493 1111 1592 1137 συν-

163 1161 408 1215 δραμόντων
445 1161 503 1210 ὥς
542 1164 600 1211 εἰς
642 1164 774 1213 σῶζον
813 1162 1110 1219 κρησφύγετον.
1166 1161 1270 1204 κατὰ
1317 1163 1363 1203 δέ
1397 1176 1444 1215 γε
1480 1162 1593 1216 μῆνα

104 1229 150 1270 15
165 1226 236 1268 τόν
261 1226 457 1281 Μάρτιον
482 1225 634 1278 ἔξεισιν
661 1225 683 1268 ὅ
709 1227 909 1281 βασιλεὺς
935 1230 1194 1277 Βαλδουῖνος
1221 1229 1293 1270 καί
1315 1228 1338 1268 ὅ
1359 1229 1503 1282 Πλέης
1522 1224 1592 1267 κό-

162 1308 244 1346 μης
272 1291 496 1345 Δολόϊκος,
538 1294 610 1334 ἐπί
633 1294 670 1334 δ’
710 1295 852 1342 αὕτοῖς
880 1292 902 1334 ὅ
941 1292 1040 1344 δούξ
1067 1296 1267 1342 Βενετίας
1298 1292 1454 1346 Ἐρίκος
1481 1289 1594 1334 Διέν-

165 1360 335 1411 δουλος,
362 1357 465 1410 μετὰ
493 1360 577 1399 τῶν
600 1359 760 1400 οἰκείων
794 1358 963 1407 ἕκαστος
991 1358 1164 1410 τάξεων.
1224 1356 1369 1411 ἆμέλει
1410 1356 1483 1399 καί
1521 1373 1594 1398 κα-

163 1422 406 1480 τειληφότες
432 1422 506 1479 τήν
531 1425 765 1478 Ἀδριανοῦ,
795 1427 866 1466 καί
894 1423 1087 1478 βαλόντες
1115 1426 1245 1466 ε’κεῖσέ
1265 1441 1319 1481 πῃ
1351 1421 1593 1479 στρατήγιον
1606 1431 1642 1463 P.
1658 1431 1726 1475 396

165 1489 207 1537 ές
233 1486 327 1531 ὅσον
352 1488 410 1543 μή
451 1486 556 1531 εἶναι
594 1493 742 1544 βέλους
777 1487 916 1542 ἐντός,
956 1492 1007 1545 τῇ
1045 1487 1247 1546 ὑστεραίᾳ
1281 1489 1358 1538 τὰς
1397 1487 1595 1541 δυνάμεις

101 1567 151 1595 20
166 1556 369 1610 προσῆγον
398 1556 454 1612 τῷ
478 1556 609 1609 τείχει
636 1557 706 1596 καί
740 1556 866 1596 ἴστων
903 1553 981 1603 τὰς
1012 1553 1219 1608 μηχανάς.
1275 1545 1360 1595 ταῖν
1402 1555 1441 1594 δ’
1482 1551 1596 1600 ἐντὸς

168 1619 439 1673 ἀμυνομένων
467 1616 687 1676 εὐρώστως
705 1653 716 1672 ,
745 1620 866 1661 οὐδέν
890 1635 931 1661 τι
956 1622 1077 1661 πλέον
1104 1622 1174 1674 ἐφ’
1212 1619 1389 1675 ἡμέραις
1429 1619 1594 1673 ἐπέραι-

259 1743 288 1766 1.
311 1729 463 1777 μεθόδῳ
486 1732 705 1778 χρωμένους
726 1730 898 1775 βασιλικῆ
924 1731 964 1765 A.
1085 1731 1118 1765 3.
1150 1729 1199 1767 οἷς
1223 1729 1268 1777 δ’]
1299 1730 1338 1764 οἱ
1364 1728 1529 1776 ῥωμαῖοι
1556 1728 1620 1775 δὲ,

253 1772 349 1824 μετᾶ
378 1777 546 1822 θάρσους
576 1778 765 1820 ὑπήντων
791 1776 938 1814 αὗτοὺς.
968 1776 1226 1820 ἔμακριίνοντο
1252 1775 1292 1810 δὲ
1323 1774 1399 1809 α’πὸ
1433 1779 1501 1809 τοῦ
1524 1779 1598 1809 τεί-

258 1835 350 1869 χους
377 1825 414 1857 οἱ
445 1824 630 1870 ᾳριίγγοι.
679 1824 926 1868 ὑπολαβόντες
959 1822 998 1857 δὲ
1023 1823 1059 1856 οἱ
1085 1822 1248 1868 ῥωμαῖοι
1275 1822 1334 1856 ὅτι
1359 1816 1421 1856 διὰ
1455 1821 1599 1855 δειλίαν

260 1873 322 1904 καὶ
347 1870 468 1916 φόβον
495 1870 855 1916 ὕπομακρύνουσιν,
881 1870 1095 1914 ἐξέρχονται
1128 1867 1202 1903 α’πό
1239 1871 1314 1904 τῶν
1345 1868 1497 1912 πορτιῦν
1533 1871 1598 1901 καὶ

262 1917 410 1954 τούτοις
434 1918 710 1962 συμπλέκονται
729 1918 766 1950 Β.
861 1920 890 1952 8.
916 1916 954 1949 οἱ
975 1918 1137 1950 Λατῖνοι
1164 1927 1222 1948 om
1242 1918 1283 1950 A.
1391 1916 1443 1949 13.
1467 1917 1542 1949 τῶν
1564 1913 1597 1947 δ’

261 1962 394 2011 ἄλλων]
426 1963 638 2009 κατάντημα
671 1966 734 1996 καὶ
769 1963 1011 2009 ιῖκούμβισμα
1039 1960 1106 2004 τήν
1128 1961 1429 2007 α’δριανούπολιν
1451 1961 1599 2005 ἔχοντες

260 2009 298 2041 Β.
398 2011 444 2043 16.
471 2009 490 2043 ὁ
515 2009 683 2046 δολεῑκος
700 2011 736 2042 Β.
835 2012 886 2043 18.
913 2012 975 2042 καὶ
998 2007 1182 2054 βαλόντες]
1219 2011 1281 2042 καὶ
1315 2008 1463 2055 χάρακα
1487 2017 1598 2054 στρα-

259 2054 392 2101 τήγιον
413 2052 613 2100 βάλλοντες
635 2054 728 2091 ὅσον
748 2053 798 2102 μ’)
828 2055 960 2095 σώζειν
985 2057 1142 2101 σαγίταν
1168 2055 1205 2086 Β.

167 2151 279 2183 xisset
294 2175 303 2190 ‚
329 2136 449 2183 Latiiii
476 2151 648 2183 Romanos
674 2161 741 2182 nec
765 2150 877 2183 aciem
900 2150 1093 2183 militarem
1117 2147 1251 2182 habere
1275 2159 1342 2182 nec
1366 2147 1441 2181 ulla
1462 2148 1598 2182 bellica

170 2197 359 2241 disciplina
385 2197 453 2238 uti,
483 2202 591 2242 atque
618 2195 708 2228 adeo
736 2208 804 2229 nec
831 2197 916 2230 satis
940 2202 1092 2229 armatos
1118 2206 1192 2229 esse
1218 2196 1434 2240 conspicati,
1461 2194 1506 2227 ad
1530 2207 1598 2239 pu—

170 2253 272 2287 gnam
296 2253 333 2276 se
359 2249 547 2287 pararunt,
572 2243 710 2287 longius
737 2243 883 2287 digressi
909 2255 929 2276 a
959 2242 1156 2277 moenibus.
1182 2254 1258 2275 eam
1279 2242 1489 2275 Latinorum
1512 2253 1598 2274 cau-

170 2291 307 2323 tionem
334 2290 482 2322 Romani
506 2289 693 2323 timiditati
718 2290 935 2331 tribuentes,
960 2290 1072 2335 portis
1099 2290 1200 2322 effusi
1226 2295 1262 2322 et
1284 2293 1420 2322 temere
1445 2288 1597 2328 invecti,

169 2336 278 2381 paulo
304 2341 387 2381 post
409 2337 446 2369 in
471 2336 587 2380 fuga-m
611 2342 807 2369 vertuntur.
831 2348 872 2370 ac
897 2347 939 2369 eo
965 2337 1023 2370 die
1047 2335 1252 2369 miserabile
1276 2341 1313 2368 et
1336 2341 1436 2368 atrox
1460 2340 1599 2378 specta-

172 2382 290 2414 culum
314 2381 444 2415 editur.
468 2383 603 2415 nemini
622 2384 800 2427 parcitur,
830 2382 1026 2417 caeduntur
1050 2393 1173 2415 omnes
1190 2408 1199 2423 ,
1223 2382 1394 2426 insepulti
1420 2380 1600 2413 abiiciun-

172 2432 251 2468 tur,
277 2429 447 2472 sanguine
470 2430 671 2474 pinguescit
691 2430 830 2463 humus.
855 2429 944 2463 haec
967 2441 1174 2475 praecursor
1199 2429 1373 2462 exercitus
1397 2427 1492 2459 fecit.
1531 2436 1601 2458 nee

174 2475 270 2506 enim
291 2474 439 2508 ulterius
466 2475 631 2520 progredi
667 2488 771 2509 ausus
796 2481 869 2517 est,
902 2488 982 2510 cum
1006 2476 1154 2509 Romani
1189 2481 1225 2508 et
1250 2473 1372 2507 Blachi
1411 2484 1489 2504 curn
1514 2472 1600 2514 Scy-

172 2519 279 2552 thicis
305 2520 510 2555 cohortibus
536 2522 772 2563 circumirent,
797 2524 928 2556 caeteri
950 2534 1035 2558 vero
1052 2522 1323 2566 Adrianopolim
1348 2523 1601 2551 concurrerent

171 2571 344 2610 tanquam
369 2567 406 2599 in
430 2574 563 2601 certum
588 2570 734 2612 asylum.
758 2572 951 2615 imperator
978 2581 1063 2603 vero
1088 2568 1284 2601 Balduinus
1317 2575 1437 2598 mense
1466 2564 1599 2596 Martio

175 2612 372 2656 egreditur,
400 2618 437 2646 et
462 2614 565 2648 Pleae
590 2627 705 2649 comes
723 2616 907 2657 Doloicus‚
932 2622 967 2649 et
990 2622 1072 2661 post
1096 2626 1155 2647 eos
1183 2614 1302 2646 Ericus
1325 2610 1513 2644 Dandulus
1527 2610 1600 2643 Ve-

172 2659 350 2692 netiarum
378 2658 449 2692 dux
463 2671 540 2692 cum
566 2662 638 2694 suis
663 2664 815 2708 quisque
840 2663 1052 2706 legionibus.
1077 2667 1113 2694 et
1133 2660 1228 2693 vallo
1257 2663 1355 2691 extra
1378 2658 1443 2690 teli
1468 2657 1601 2690 iactum

174 2705 220 2738 ad
246 2705 515 2750 Adrianopolim
539 2710 754 2741 communito
770 2734 780 2749 ‚
808 2709 983 2753 postridie
1016 2708 1134 2751 copias
1172 2705 1218 2738 ad
1243 2704 1385 2737 moenia
1418 2703 1602 2736 adducunt

175 2757 213 2786 et
236 2751 416 2786 machinas
448 2753 597 2797 erigunt.
633 2755 780 2789 urbanis
820 2760 939 2789 autem
970 2760 1111 2790 strenue
1145 2763 1182 2787 se
1220 2751 1498 2786 defendentibus
1535 2761 1599 2796 per
