1878 3230
691 170 828 210 unns
869 168 1058 210 CAPTA.
1481 151 1587 225 785

161 273 234 313 καί
255 271 499 324 ἀείμνηστον
535 266 609 309 καί
650 270 806 310 τέλειον
844 270 1038 325 δώρημα,
1075 269 1175 326 μηδ’
1214 273 1484 327 α’-ρθρέμβολα
1519 272 1595 312 καὶ

162 336 486 391 σχοινοδέσμους
504 333 608 375 κᾰπί
621 336 704 376 τῶν
724 333 942 391 κροτάφων
966 334 1250 392 α’στραγάλους
1267 337 1323 386 ὥς
1349 335 1493 379 πολλοὶ
1506 339 1592 378 τῶν

160 403 260 444 καθ’
287 401 399 455 ἡμᾶς
430 398 642 452 δεξάμενοι
673 398 743 440 διὰ
774 398 1004 454 χρημάτων
1032 402 1234 443 ἀπόδοσιν
1243 435 1256 455 ,
1283 404 1357 444 καί
1381 401 1487 456 πρὸς
1513 401 1593 455 μό-

158 481 233 509 νου
259 467 366 508 θεοῦ
399 464 646 520 τρεφόμενοι
671 466 745 505 τοῦ
769 463 845 519 τὴν
873 465 1034 521 τροφὴν
1063 468 1107 508 ἐν
1146 466 1337 524 εὐκαιρίᾳ
1361 470 1463 509 πᾶσι
1489 469 1594 521 βρα-

123 530 351 586 5βεύοντος
378 530 451 571 καί
473 528 571 577 τούς
597 528 791 577 νεοσσούς
818 530 903 571 τῶν
930 529 1115 584 κοράκων
1131 529 1230 580 τούς
1247 533 1593 584 ἐπικαλουμένους

162 595 295 638 αὐτὸν
311 596 584 645 δειπνίζοντος
611 595 653 643 ἐς
671 593 716 634 τὸ
745 589 945 649 ἄφθονον,
974 593 1034 637 ἔτι
1046 611 1093 650 γε
1118 596 1205 651 μὴν
1229 595 1278 638 τὰ
1309 596 1416 650 μήτε
1443 596 1593 651 νήθον-

159 678 213 703 τα
237 661 339 716 μήτε
363 657 583 713 σπείροντα
610 660 730 712 κρίνα
760 662 836 700 τοῦ
866 654 996 713 ἇγροῦ
1010 664 1241 715 φιλοτίμως
1267 661 1498 710 ἐνδύοντος.
1554 659 1595 703 οἳ

160 729 199 767 δ’
224 727 409 780 ἅγροῖκοι
435 723 507 765 καὶ
529 723 716 777 ἆγελαῖοι
744 722 1043 778 ἐπεκερτόμουν
1058 727 1215 778 μᾶλλον
1244 732 1330 775 τοῖς
1360 728 1404 768 ἐκ
1424 729 1594 779 Βυζαν-

158 793 250 833 τίου
278 791 392 844 ἡμῖν,
419 788 492 830 καί
516 787 593 842 τὴν
619 790 663 830 ἐν
689 791 874 845 πτωχείᾳ
902 789 976 831 καί
1001 790 1226 846 γυμνότητι
1251 794 1480 845 κακουχίαν
1504 793 1594 834 ἰσο-

100 875 147 902 10
160 856 368 899 πολιτείαν
397 853 592 910 α’φρόνως
619 853 849 907 (ὀνόμαζον,
880 856 933 895 ου’
953 860 1040 904 τοῖς
1065 857 1147 897 τῶν
1175 858 1302 905 πέλας
1327 861 1466 906 κακοῖς
1493 874 1629 907 παι-Β

158 920 387 974 δευόμενοι.
442 921 588 960 πολλοὶ
617 920 663 960 δὲ
703 918 776 960 καί
799 920 976 972 α’νομίαν
1003 919 1364 974 ὑπολαμβάνοντες
1390 922 1590 976 »εὐλογη-

157 987 228 1036 τὸς
253 984 398 1039 κύριος
427 980 491 1025 ὅτι
518 982 881 1038 πεπλουτήκαμεν”
906 983 1072 1038 ἔλεγον,
1102 984 1241 1038 ὄλίγου
1266 987 1340 1035 τὰς
1371 989 1453 1028 τῶν
1480 1004 1592 1040 συμ-

157 1052 348 1109 φυλετῶν
373 1049 518 1099 οὐσίας
546 1049 849 1101 ἀποδιδομένας
879 1046 1117 1102 ὠνούμενοι.
1145 1046 1194 1091 οὖ
1220 1052 1298 1105 γάρ
1328 1068 1393 1092 πω
1420 1053 1593 1105 βουθοί-
1642 1046 1647 1050 ’

155 1133 231 1165 νας
258 1114 520 1172 εἰσῳκίσαντο
547 1117 781 1166 Λατίνους,
828 1115 902 1155 καί
926 1113 1094 1155 εἶ’δοσαν
1121 1111 1234 1163 ὅπως
1259 1118 1337 1168 μὲν
1360 1113 1431 1157 τὸν
1458 1113 1593 1172 ἄκρα.

99 1186 228 1227 ιότον
274 1178 382 1222 οἶνον
414 1179 524 1233 ὅμοῦ
549 1181 621 1221 καί
659 1179 890 1233 ζωρότερον
918 1178 1058 1231 ὥσπερ
1091 1179 1165 1220 καί
1189 1179 1259 1221 τὸν
1285 1180 1410 1234 χόλον
1440 1181 1591 1236 ἀκέρα-

157 1261 256 1289 στον
278 1248 471 1300 χέουσιν,
511 1241 620 1292 ὅπως
647 1244 693 1285 δὲ
715 1241 938 1297 Ῥωμαίοις
967 1245 1013 1286 ἐν
1035 1242 1302 1302 ὑπερηφανίᾳ
1325 1245 1398 1287 καί
1424 1248 1591 1297 ἐξουδε-

157 1310 282 1356 νώσει
309 1312 634 1366 προσφέρονται.

265 1378 359 1419 Καὶ
385 1377 563 1417 τοιαῦτα
590 1375 669 1427 μὲν
696 1372 748 1416 τὰ
781 1374 966 1430 ἡμέτερα
996 1376 1069 1417 καί
1095 1377 1179 1418 τῶν
1199 1375 1244 1418 οἳ
1265 1376 1592 1420 συνεκοινιόνουν

155 1440 257 1498 ἦμΐν
291 1439 503 1496 σχήματος
546 1443 621 1482 καί
646 1442 727 1482 τῶν
754 1443 927 1493 λογικῶν
954 1442 999 1483 ἐν
1024 1443 1194 1494 μεθέξει
1223 1444 1499 1485 παιδεύσεων.
1556 1443 1594 1484 οἱ

94 1510 198 1552 2οδ’
223 1510 269 1550 ἐκ
294 1509 367 1561 τῆς
398 1507 563 1562 φαύλης
582 1507 819 1559 συμμορίας
847 1505 918 1547 καί
942 1503 1132 1561 ἀγοραῖοι
1158 1509 1494 1562 ἐχρηματίζοντο,
1525 1509 1599 1549 καί

157 1575 282 1615 πάλιν
322 1570 374 1613 τὰ
415 1574 512 1613 θεῖα
561 1574 835 1626 βεβηλοῦντες
867 1569 951 1611 ὑπὸ
984 1575 1181 1613 Λατίνων
1208 1571 1494 1625 α’ποδιδόμενα
1521 1575 1597 1613 καί

158 1638 214 1688 ὥς
241 1635 376 1680 κοινὸν
404 1634 603 1692 α’ργόριον
631 1637 978 1690 ἐμπορευόμενοι,
1008 1636 1065 1685 ὥς
1084 1635 1198 1692 εἴπερ
1227 1640 1308 1678 τῶν
1339 1623 1451 1679 mdiv
1477 1638 1633 1694 &pn-c

198 1776 199 1779 Ἴ
254 1751 283 1774 ι.
306 1735 391 1783 μηδ’
415 1734 667 1783 α’ρθρέμβολα]
692 1733 784 1781 μήτε
809 1734 979 1773 δεθέντες
999 1735 1093 1782 μήτε
1107 1734 1390 1781 α’στραγγιίλους
1416 1737 1479 1770 ἐπὶ
1502 1735 1592 1776 τούς

247 1786 449 1832 μιλίγγους
475 1783 593 1829 ήμῶν
616 1785 764 1822 θέντες,
797 1781 848 1836 μή
872 1794 907 1815 τι
929 1782 1059 1827 ἕτερον
1083 1777 1202 1818 κακόν
1216 1782 1414 1823 παθόντες,
1439 1784 1591 1816 καθώσ-

251 1841 323 1875 περ
351 1831 484 1864 πολλοὶ
511 1830 659 1863 ἔπαθον
683 1826 744 1862 dui
771 1839 816 1861 τα
851 1829 1024 1874 χρήματα
1051 1829 1088 1861 Β.
1227 1840 1258 1873 7.
1283 1829 1321 1862 οἱ
1343 1827 1378 1862 δ’
1399 1829 1588 1877 ιῖγροῖκοι]

250 1878 289 1911 οἱ
310 1875 371 1917 τῆς
397 1877 621 1922 σηλυμβρίας
646 1874 686 1909 δὲ
721 1879 907 1919 χωριᾶται
927 1877 989 1908 καὶ
1014 1875 1170 1919 χυδαῖοι
1195 1875 1332 1921 ἐγέλων
1355 1877 1502 1921 μᾶλλον
1525 1881 1590 1909 καὶ

245 1925 491 1976 παρεβίὲαζον
511 1923 611 1968 ἡμᾶς
630 1919 718 1958 τούς
744 1920 818 1955 ἀπὸ
843 1921 905 1963 τῆς
932 1921 1081 1959 πόλεως
1102 1922 1139 1954 Β.
1245 1933 1295 1954 ιι.
1319 1919 1499 1969 α’νομίαν]
1525 1925 1590 1956 καὶ

249 1970 482 2016 αἰομουντες
503 1967 731 2014 παραλόγως
753 1967 880 2014 ἔλεγον
907 1968 947 2000 Β.

158 2062 229 2102 tia,
256 2071 330 2094 non
364 2060 489 2093 ferreis
516 2060 685 2101 manicis,
726 2070 800 2092 non
824 2058 972 2092 funibus
999 2059 1135 2100 vincti,
1160 2069 1234 2092 non
1256 2059 1385 2104 pugnis
1412 2059 1525 2100 caesi,
1549 2063 1591 2093 ut

157 2108 264 2141 multi
292 2119 336 2140 ex
358 2108 490 2141 nostris
514 2108 689 2152 pecuniae
715 2105 852 2139 dandae
877 2117 1000 2148 causa3
1028 2113 1064 2139 et
1087 2118 1107 2139 a
1133 2106 1210 2139 solo
1236 2105 1304 2139 deo
1330 2106 1500 2146 enutriti,
1525 2107 1590 2150 qui

157 2154 277 2188 cibum
310 2154 477 2187 omnibus
508 2159 710 2199 opportuno
745 2158 906 2197 tempore
935 2158 1036 2186 curat
1059 2158 1095 2186 et
1116 2153 1236 2197 pullos
1260 2163 1444 2185 corvorum
1471 2163 1508 2184 se
1531 2152 1590 2184 in-

156 2206 328 2234 vocantes
365 2201 513 2245 largiter
549 2200 686 2245 pascit,
721 2204 757 2232 et
796 2199 947 2243 agrestia
970 2199 1048 2231 lilia
1064 2225 1074 2240 ‚
1099 2210 1192 2243 quae
1217 2209 1335 2243 neque
1358 2204 1447 2231 nent
1469 2210 1589 2242 neque

158 2249 346 2288 seminant,
371 2246 561 2292 splendide
590 2246 709 2280 vestit.
733 2257 815 2278 nam
842 2246 965 2278 rustici
989 2251 1025 2279 et
1050 2246 1187 2291 plebeii
1210 2245 1372 2278 homines
1398 2245 1504 2278 nobis
1521 2246 1589 2287 By-

159 2294 311 2327 zantinis
346 2294 456 2338 magis
496 2293 743 2333 insultabant,
789 2297 826 2325 et
859 2292 1101 2326 mendicitatis
1138 2303 1178 2324 ae
1209 2292 1385 2324 nuditatis
1409 2291 1588 2324 miseriam

159 2340 415 2385 aequalitatem
443 2346 603 2374 amenter
624 2337 869 2379 nominabant,
902 2339 1098 2372 vicinorum
1122 2339 1226 2371 malis
1253 2338 1369 2370 nihilo
1395 2337 1480 2370 facti
1500 2349 1587 2381 pru-

160 2386 351 2419 dentiores.
374 2387 479 2420 multi
503 2387 610 2420 etiam
636 2386 798 2418 homines
813 2385 935 2417 iniurii
963 2385 1069 2418 deum
1092 2385 1291 2418 laudabant
1314 2385 1462 2424 scilicet,
1486 2383 1584 2427 quod

161 2432 264 2465 ditati
289 2439 406 2467 essent
427 2433 655 2478 popularium
685 2432 851 2477 pretiosis
884 2431 1116 2465 facultatibus
1146 2431 1210 2464 vili
1234 2431 1350 2475 pretio
1378 2429 1582 2473 redemptis.

159 2477 312 2511 necdum
335 2481 431 2513 enim
470 2480 668 2513 taurivoros
699 2478 845 2510 Latinos
873 2478 911 2511 in
945 2478 1051 2511 aedes
1079 2489 1159 2511 suas
1195 2482 1424 2521 receperant;
1464 2485 1582 2519 neque

159 2530 308 2565 norant,
335 2531 376 2558 ut
399 2536 533 2558 merum
560 2525 682 2566 simul,
708 2524 1004 2569 quemadmodum
1033 2530 1070 2558 et
1095 2525 1219 2564 bilem,
1243 2524 1443 2567 importune
1468 2523 1585 2553 effun-

161 2571 308 2610 derent,
335 2576 372 2603 et
389 2572 562 2605 Romanos
587 2571 741 2616 superbe
768 2577 805 2604 et
828 2572 1059 2616 contemptim
1083 2570 1269 2603 haberent.

251 2617 300 2649 Ac
327 2622 450 2650 noster
482 2623 614 2658 status,
654 2628 847 2662 eorumque
881 2619 944 2662 qui
970 2616 1130 2650 eiusdem
1153 2614 1370 2649 conditionis
1391 2617 1430 2647 et
1450 2612 1580 2645 litteris

162 2662 295 2697 eruditi
320 2668 442 2704 erant,
466 2664 548 2696 talis
585 2665 662 2696 fuit.
687 2664 869 2708 improbus
893 2670 1010 2696 autem
1033 2674 1117 2708 grex
1144 2668 1179 2694 et
1204 2661 1482 2693 circumforanea
1506 2664 1582 2691 tur-

161 2710 209 2744 ba
233 2709 430 2742 ditescebat
459 2709 687 2754 profanamus
711 2710 830 2744 denuo
865 2711 990 2751 sacris,
1010 2720 1102 2755 quae
1127 2708 1246 2741 Latini
1270 2705 1495 2746 vendebant,
1518 2706 1581 2739 iis-

233 2779 380 2814 Nicetas
411 2777 616 2813 choniates.
1284 2774 1327 2808 50
