1878 3230
323 234 436 300 420
750 244 977 284 NicssTAE
1025 242 1334 284 cnoNiATAE

327 348 459 398 ζιὶνων
486 339 630 398 ἄκροις
657 341 892 397 ἀφίπτατο,
928 342 1001 382 καί
1039 342 1335 393 διεψευσμένος
1370 335 1419 395 ἦν
1457 339 1508 382 τὰ
1545 343 1673 384 πολλοὶ
1715 338 1743 398 ἢ

268 403 269 406 ¹
319 408 567 464 Ἀνδρονίκῳ
585 404 905 458 διασοβούμενος
924 401 1024 461 ὄναρ
1054 403 1248 454 πολλάκις
1276 407 1551 462 ἐφισταμένῳ,
1578 403 1744 461 ἢῖἷσους

326 475 348 515 ὅ
377 473 536 528 τραχὺς
567 466 687 519 οὗτος
706 473 778 512 καί
796 473 1088 524 δυσεκβίαστος
1115 470 1187 512 καί
1213 470 1495 525 ἀπαραίτητος
1522 470 1604 524 τὴν
1623 470 1750 526 ὀργῆν

325 541 394 593 τῆς
422 539 574 586 οἰκείας
603 538 800 590 ἆπηνείας
843 535 958 577 ἔθετο
989 535 1208 589 πάρεργον.
1267 533 1290 576 ὃ
1317 534 1396 590 γὰρ
1423 536 1493 578 ε’πί
1516 537 1598 577 τῶν
1625 536 1752 589 ἐσχά-

191 613 402 655 V.1712’wv
433 600 725 655 συμβήσεσθαι
751 601 917 655 ἡμερῶν
957 599 979 641 ὅ
1017 601 1294 655 θεοίνθρωπος
1334 601 1634 655 προηγόρευσε,
1677 602 1785 655 ‹iq-5

313 666 457 708 ’λονὸτι
487 665 681 719 ,,ἔσοντ“αι
710 666 749 706 οἱ
776 666 851 706 δύο
882 667 951 706 ε’πί
977 667 1111 720 κλίνης
1135 669 1260 718 μιᾶς,
1291 663 1310 706 ὃ
1338 661 1395 713 εἷς
1429 663 1752 720 παραλαμβάνε-

324 747 392 772 ται
421 729 491 772 καί
518 728 539 770 ὃ
569 729 706 784 ἕτερος
735 727 901 785 ἀφίεται
915 733 954 783 ,”
980 732 1099 771 τοῦτο
1127 730 1308 783 ἀτεχνῶς
1335 730 1413 771 κᾶν
1450 735 1540 779 ταῖς
1575 731 1753 785 ἡμέραις

204 804 313 838 P.208
327 798 500 843 ἐκείναις
519 797 688 849 ἐγίνετο,
717 792 806 842 ἑνός
832 810 940 843 τινος
967 796 1050 836 τῶν
1076 796 1284 837 συνεύνων
1310 792 1480 844 ἐξάπινα
1508 798 1753 848 συλλαμβα-

324 864 495 914 νομένου
525 862 597 902 καί
625 862 888 914 α’παγομένου
917 860 1018 915 πρὸς
1046 860 1281 914 σωματικὴν
1309 860 1500 904 κάκωσιν.
1556 862 1652 901 οὐδὲ
1670 859 1766 915 γὰρ·

322 926 396 967 καί
417 930 604 979 γυναῖκες
633 925 800 979 οἷπῆσαν
827 926 901 967 τοῦ
925 924 981 980 μὴ
1012 924 1093 966 ὑπὸ
1124 927 1237 979 δίκην
1265 928 1425 966 πίπτειν
1449 924 1521 966 καί
1545 924 1595 967 τοὶ
1624 926 1751 966 οἷπευ-
1769 942 1814 968 ιο

322 997 442 1033 κταῖα
472 991 746 1046 ὑφίστασθαι,
781 988 885 1032 ἄλλα
914 991 986 1032 καί
1006 988 1161 1031 τούτων
1176 992 1251 1032 οιῖκ
1269 990 1405 1043 ὀλίγαι
1421 990 1467 1032 τὸ
1489 992 1568 1032 τῶν
1588 992 1752 1046 ὀφθαλ-

324 1058 415 1108 μῶν
454 1053 672 1097 ἀπώλεσαν
718 1058 806 1111 φῶς
837 1058 908 1097 καί
944 1054 1066 1108 λιμὸν
1106 1055 1177 1096 καί
1199 1054 1390 1111 φρουράν
1427 1056 1499 1097 καί
1535 1053 1752 1108 αἰκισμοιῖς

321 1118 560 1175 ὑπέστησαν
590 1119 797 1173 σώματος.
855 1119 927 1162 καί
966 1119 1100 1176 πατήρ
1141 1118 1281 1175 ἧλόγει
1323 1123 1495 1172 τέκνων,
1537 1119 1610 1162 καί
1645 1119 1752 1169 υἱεῖς

322 1184 563 1240 ὠλιγώρουν
592 1186 762 1238 πατρός·
819 1189 892 1227 καί
914 1186 1188 1241 διεμερίζοντο
1209 1187 1327 1227 πέντε
1352 1188 1396 1227 ἐν
1422 1185 1517 1242 οἴκῳ
1544 1182 1617 1238 ἑνί,
1642 1191 1753 1240 τρεῖς

320 1250 392 1292 ἒπί
420 1250 518 1292 δυσὶ
548 1249 620 1292 καί
648 1251 724 1291 δύο
751 1252 822 1292 ἐπὶ
854 1250 978 1304 τρισί.
1035 1252 1179 1290 πολλοὶ
1218 1253 1263 1291 δὲ
1297 1250 1369 1291 καί
1403 1250 1459 1299 ὥς
1487 1248 1815 1303 Σοδομιτικὸνιό

319 1314 560 1371 ἐμπρησμὸν
584 1314 655 1357 τὸν
684 1318 756 1356 τοῦ
782 1316 1057 1370 Ἀνδρονίκου
1086 1313 1226 1367 θυμὸν
1253 1314 1538 1370 ἐκτρεπόμενοι
1568 1313 1753 1371 φυγάδες

320 1378 402 1437 ὅλῳ
429 1382 530 1422 ποδί
563 1382 635 1434 τῆς
666 1382 860 1435 πατρίδος
888 1377 1103 1434 γεγόνασιν
1139 1382 1211 1421 καί
1243 1386 1328 1431 τοῖς
1370 1382 1414 1422 ἑκ
1442 1378 1628 1434 γειτόνων
1650 1380 1752 1422 Ῥω-

279 1446 460 1496 Βμαίοις
491 1446 775 1499 παρενέβαλον
802 1444 993 1497 ἔθνεσιν,
1023 1447 1064 1486 οἳ
1086 1443 1158 1485 καὶ
1194 1441 1304 1497 εἶχον
1336 1440 1388 1485 ἂν
1424 1442 1602 1493 ἑαυτούς
1642 1446 1752 1486 α’πα-

320 1507 548 1558 θεστάτους
579 1512 739 1562 κακῶν,
772 1512 810 1551 εἰ
835 1509 910 1564 τήν
942 1508 1080 1564 φυγήν
1118 1510 1170 1565 τῇ
1193 1509 1469 1563 Ἀνδρονίκου
1505 1510 1590 1566 ζωῇ
1632 1525 1752 1551 συνε-

319 1576 547 1627 μέτρησαν.
602 1577 674 1615 νῦν
704 1575 748 1615 δὲ
776 1577 856 1615 ταῖν
884 1577 968 1615 κατ’
999 1572 1107 1616 οἶκον
1135 1573 1481 1627 μεταποιούμενοι
1516 1575 1575 1624 εἰς
1601 1574 1812 1629 στήληναο

320 1641 398 1690 μὲν
414 1636 513 1687 ἁλὸς
530 1638 634 1679 κατὰ
653 1638 728 1693 τὴν
744 1644 921 1692 γυναῖκα
933 1638 1036 1680 Λώτ
1063 1640 1137 1679 οὔκ
1155 1636 1376 1694 ε’ποῖγησαν,
1393 1640 1492 1680 οὐδὲ
1509 1638 1648 1691 νεκρὸς
1665 1641 1752 1693 ἐγε-

321 1701 510 1756 γόνεισαν
525 1701 611 1757 ἅλς,
631 1699 764 1753 ἄλλως
784 1705 830 1745 δὲ
849 1707 1143 1759 μωρανθὲντες
1155 1702 1200 1745 τὸ
1220 1705 1293 1759 ζῆν
1305 1706 1592 1759 κατέστρεψαν
1605 1705 1750 1753 κακῶς.

420 1825 446 1845 1.
471 1813 700 1861 ψευδόμενος
715 1815 755 1848 Α.
849 1825 880 1846 2.
905 1815 966 1860 ἐφ.
990 1816 1113 1849 κακῶν
1137 1813 1157 1857 ἢ
1177 1814 1216 1847 Α.
1309 1816 1338 1848 5.
1365 1813 1543 1860 δηλονότι]
1566 1812 1622 1848 ὅτι
1644 1814 1749 1849 ἔσον-

413 1873 475 1893 ται
500 1860 564 1894 δύο
592 1864 628 1894 Α.
745 1863 776 1894 8.
806 1859 899 1907 ἑνός-Ι
938 1864 1106 1908 κειμένου
1140 1857 1215 1906 γὰρ
1243 1860 1307 1894 τοῦ
1342 1858 1573 1906 ἅνδρογύνου
1608 1862 1668 1894 ἐπὶ
1690 1862 1751 1903 τῆς

412 1907 534 1948 κλίνης
558 1907 576 1941 ὃ
606 1903 659 1945 εἷς
678 1907 979 1952 παρελαμβάνετο
1005 1910 1066 1941 καὶ
1088 1906 1183 1952 πρὸς
1208 1911 1391 1953 τιμωρίαν
1417 1903 1626 1955 σωματικὴν
1653 1906 1749 1951 ἀπᾴ-

412 1963 497 1998 γετο
517 1956 551 1986 Β.
651 1966 700 1999 ¹9·
730 1953 1019 2001 συνεμέτρησαν]
1044 1957 1299 2000 συνεπέρανιιν
1312 1954 1351 1986 Α.

322 2053 469 2086 solliciti
504 2055 687 2095 viverent,
721 2066 788 2087 nec
825 2055 941 2087 securi
980 2066 1141 2087 somnum
1174 2060 1361 2099 caperent,
1394 2054 1456 2087 sed
1484 2055 1603 2088 subito
1631 2056 1748 2089 territi

322 2100 651 2143 expergiscerentur
691 2101 934 2133 Andronicum
967 2101 1003 2133 in
1042 2113 1078 2133 se
1123 2102 1258 2133 irruere
1295 2101 1381 2140 rati,
1419 2106 1480 2133 aut
1518 2112 1577 2134 eos
1603 2113 1747 2135 cernere

321 2155 411 2222 (ΐυοε
436 2157 538 2190 asper
575 2147 637 2178 ille
680 2147 916 2190 implacabilis
954 2152 990 2179 et
1026 2147 1258 2180 inexorabilis
1296 2146 1500 2179 trucidarat.
1539 2158 1621 2180 nam
1647 2148 1746 2193 quod

322 2202 410 2222 (eus
437 2197 473 2224 et
505 2191 610 2224 homo
637 2192 797 2225 Christus
834 2194 998 2225 extremis
1032 2193 1252 2237 temporibus
1279 2194 1436 2224 futurum
1461 2203 1537 2225 esse
1567 2193 1677 2234 dixit,
1705 2199 1746 2228 ut

321 2236 416 2269 binis
441 2238 479 2269 in
516 2238 640 2270 eodem
674 2239 768 2271 lecto
807 2239 1020 2271 cubantibus
1046 2240 1136 2272 alter
1160 2244 1358 2271 assumatur
1381 2240 1472 2271 alter
1496 2238 1745 2284 relinquatur,

321 2282 359 2315 id
383 2284 528 2315 omnino
564 2284 636 2316 illis
675 2283 802 2316 diebus
838 2285 1040 2325 accidebat,
1076 2296 1155 2317 cum
1189 2286 1280 2317 alter
1313 2285 1500 2328 coniugum
1543 2285 1587 2317 ad
1611 2297 1744 2330 poenas

321 2340 468 2373 corpore
506 2330 654 2373 luendas
696 2330 815 2363 subito
841 2337 1022 2375 raperetur
1050 2331 1183 2376 (neque
1208 2331 1302 2363 enim
1338 2331 1548 2363 mulieribus
1581 2343 1747 2366 concessa

322 2381 399 2408 erat
423 2376 615 2419 impunitas
629 2390 646 2421 ²,
672 2377 760 2420 quin
792 2382 828 2409 et
852 2377 975 2409 harum
1002 2388 1073 2409 non
1095 2387 1229 2420 paucae
1261 2377 1372 2409 oculis
1398 2377 1543 2410 orbatae
1569 2389 1743 2412 carcerem

321 2421 449 2454 famem
475 2422 622 2454 verbera
659 2423 894 2467 tolerarunt),
928 2429 1029 2466 pater
1063 2423 1155 2454 filios
1184 2423 1401 2466 negligeret,
1437 2423 1503 2455 filii
1528 2430 1645 2467 patres
1670 2437 1744 2459 non

321 2473 510 2508 ουτοι-81ης
538 2469 567 2500 si
591 2469 629 2500 in
654 2469 781 2501 iisdem
806 2468 955 2500 aedibus
989 2469 1091 2514 quini
1117 2475 1253 2506 essent,
1280 2470 1373 2501 terni
1398 2468 1491 2501 binis
1516 2475 1552 2502 et
1574 2470 1651 2503 bini
1672 2477 1743 2504 ter-

319 2513 376 2546 nis
412 2513 692 2547 adversarentur.
727 2515 831 2547 multi
857 2515 963 2547 etiam
1000 2514 1195 2547 Andronici
1237 2515 1455 2547 iracundiam
1480 2520 1521 2547 ut
1548 2516 1744 2550 Sodomiti-

320 2570 399 2592 cum
432 2560 636 2592 incendium
672 2561 775 2592 remis
811 2566 846 2592 et
877 2561 965 2593 velis
1005 2561 1181 2604 fugientes
1207 2571 1312 2604 quain
1347 2561 1552 2605 longissime
1577 2574 1597 2594 a
1626 2564 1743 2607 patria

319 2605 572 2647 discedebant3
605 2607 669 2652 qui
705 2607 735 2639 si
772 2606 917 2638 exilium
946 2617 1059 2650 usque
1098 2606 1143 2638 ad
1177 2606 1275 2639 illius
1315 2607 1453 2640 obitum
1477 2608 1740 2650 extendissent,

318 2652 432 2685 omnis
455 2652 541 2686 mali
569 2657 730 2698 expertes
756 2653 1041 2697 permansissent.
1066 2663 1161 2685 nunc
1179 2652 1263 2685 dum
1279 2653 1328 2684 rei
1357 2654 1521 2686 familiari
1540 2655 1739 2688 consultum

317 2698 466 2739 volunt,
489 2710 562 2731 non
588 2698 733 2743 quidem
762 2699 799 2731 iu
825 2704 976 2732 statuam
1003 2698 1086 2731 salis
1111 2704 1193 2731 sunt
1218 2700 1343 2731 mutati
1370 2706 1410 2732 ut
1438 2700 1516 2732 Loti
1542 2711 1652 2742 uxor,
1674 2712 1740 2734 ne-

319 2755 389 2788 que
416 2744 467 2776 sal
493 2751 692 2778 emortuum
718 2751 928 2787 evaserunt,
960 2744 1023 2778 sed
1047 2745 1185 2792 alioqui
1205 2746 1333 2779 mentis
1358 2757 1474 2780 errore
1501 2747 1616 2781 affecti
1643 2747 1737 2782 mala

318 2795 430 2823 morte
458 2791 651 2836 peri-erunt.
