1878 3230
305 206 376 244 DE
416 200 611 242 ALExlo
652 200 848 242 isAAcu
889 200 1084 242 ANGEm
1113 202 1196 241 FR.
1223 203 1322 240 Lm.
1351 203 1424 241 ιιι.
1502 181 1612 254 667

177 301 416 359 ’ἀρύσασθαι
449 301 520 344 τὸν
545 299 688 344 ποτόν.
744 301 939 355 τοιοὲτου,
969 304 1111 344 τοίνυν
1137 300 1346 354 ἐρύματος
1370 300 1570 354 ἐγκρατὴς
1595 296 1618 339 ὅ

185 357 359 426 Χρύσος
386 366 602 423 γενόμενος
632 366 735 422 πρὸς
758 367 881 408 οὐδὲν
908 364 970 408 ὅτι
998 368 1089 408 κατ’
1117 368 1250 407 αὕτοῦ
1275 364 1474 420 βασιλεὺς
1506 363 1618 406 ἔπει-

175 452 242 478 σιν
268 433 537 489 ἐτετάρακτο,
564 435 654 475 ἄλλ’
686 434 745 481 ὥς
771 430 1091 484 ἀντιταξόμενος
1109 430 1376 487 ἡτοιμάσατο.
1430 435 1515 478 τοῖς
1537 431 1617 482 μὲν

175 497 251 543 οὖν
276 502 321 543 ἐν
347 502 472 556 πείρα
492 501 676 551 πολέμου
698 496 946 551 Ῥωμαίοις,
975 496 1020 538 εἴ
1040 501 1104 546 τίς
1131 488 1212 539 που
1240 500 1343 545 τέως
1372 498 1444 538 καί
1468 493 1618 538 §noas-

137 570 316 609 5λειπτο
333 599 344 619 ,
373 564 446 606 καί
474 559 534 612 οἷς
560 564 587 618 ἧ
616 565 701 606 τῶν
727 564 860 606 ἐκεῖσε
887 564 1009 612 θέσις
1033 566 1186 618 χωρῶν
1216 564 1413 615 οὐδαμοῖς
1430 560 1617 616 ἠγνόητο,

176 633 271 673 δέον
301 630 482 685 ἐκρίνετο
521 631 599 670 καί
623 631 682 684 τῷ
721 631 894 681 βασιλεῖ
915 626 1215 681 συνεβούλευον
1245 627 1510 682 παραλλάξαι
1539 629 1619 679 μὲν

170 695 243 738 τὸν
272 693 519 751 Πρόσακον,
559 697 777 746 μετελθεῖν
820 695 868 735 δὲ
913 691 964 734 τά
995 690 1117 734 λοιπά
1162 694 1400 746 πολίσματα
1446 691 1519 734 καὶ
1543 691 1618 742 τάς

174 760 316 814 κώμας
345 757 498 802 ὁπόσαι
537 757 729 813 κατήκοοι
759 757 918 815 Χρύσῳ
964 757 1179 812 γεγόνασι,
1209 757 1313 810 μετὰ
1343 760 1389 800 δὲ
1416 756 1492 812 τῆν
1519 757 1616 799 τοὺ-

170 843 252 868 των
277 826 477 881 χείρωσιν
506 826 564 882 τῷ
592 825 807 881 Προσάκῳ
834 827 1148 880 παρεμβαλεῖν·
1180 820 1292 865 οὕτω
1315 823 1395 878 γὰρ
1426 826 1616 866 ἐσεῖσθαι

115 909 160 935 ιο
173 891 245 934 καί
268 891 311 934 τὸ
339 890 582 946 στράτευμα
603 892 954 946 εὐθαρσέστερον,
983 888 1035 931 τὰ
1064 886 1300 944 εὖχείρωτα
1325 890 1618 945 καταστρεψά-

169 957 295 1011 μενον
334 956 538 1012 πρότερον
566 959 639 998 καί
663 958 780 998 λείαν
817 958 979 998 ἐκεῖθεν
1007 955 1358 1010 περιβαλόμενον,
1386 958 1459 996 καί
1485 954 1617 996 αὐτὸν

174 1024 220 1064 δὲ
239 1022 312 1066 τὸν
341 1020 515 1075 Χρύσον
557 1024 606 1079 τῇ
646 1025 718 1078 βίᾳ
745 1023 827 1064 ταῖν
865 1021 1124 1076 πραγμάτων
1152 1021 1384 1075 α’γχόμενον
1407 1024 1616 1074 μεταβου-
1628 1026 1661 1059 Ρ.
1677 1027 1758 1061 326·

171 1088 414 1130 λεύσασθαί
434 1103 475 1129 τι
494 1086 787 1142 χρηστότερον,
822 1087 994 1129 ἐνδόντα
1019 1088 1097 1128 τοῦ
1126 1082 1232 1140 ἄγαν
1259 1083 1287 1140 ἢ
1315 1088 1388 1128 καί
1416 1083 1616 1140 ἀπογνόν-

170 1170 221 1194 τα
248 1155 330 1196 ταῖν
357 1155 452 1194 καθ’
480 1152 623 1194 αὑτόν.
680 1154 755 1194 τοῦ
783 1154 830 1194 δέ
856 1167 902 1205 γε
929 1151 1035 1193 κατὰ
1059 1140 1141 1206 Χτήν
1169 1151 1339 1205 πρώτην
1368 1149 1501 1205 ὁρμὴν
1529 1156 1617 1200 τοῖς

114 1222 160 1263 15
176 1217 463 1273 ἀπροσμάχοις
505 1217 642 1267 ειῖθὺς
686 1221 939 1273 προσβαλεῖν
984 1219 1057 1259 καί
1083 1216 1190 1273 πρός
1215 1211 1291 1273 ὄρη
1312 1219 1619 1269 διαμιλλᾶσθαι

172 1282 390 1337 ἀπότομα,
431 1283 490 1338 μὴ
522 1283 596 1325 καί
620 1279 728 1325 εἶναι
766 1282 950 1336 μάταιον
977 1282 1142 1337 ἔλεγον,
1173 1282 1246 1324 καὶ
1276 1279 1412 1331 ἄλλως
1436 1281 1617 1336 ἱδρῶτας

173 1347 276 1405 ὄριῖν
319 1347 596 1403 αἱματόεντας
641 1349 714 1390 καί
739 1351 1034 1404 προσκείμενον
1062 1347 1191 1390 πόνον
1221 1349 1379 1402 πολύν,
1409 1351 1483 1390 καί
1510 1365 1617 1404 φαν-

170 1415 375 1466 τάζεσθαι
417 1413 573 1471 κόρσας
611 1414 850 1470 οἷναύχενας
884 1418 965 1457 ταῖν
992 1417 1276 1469 μαχουμένων
1309 1416 1490 1471 ἀνδρῶν.
1545 1417 1619 1456 καί

174 1481 212 1522 οἱ
239 1482 318 1534 μὲν
350 1483 488 1522 ταῦτα
534 1481 774 1538 παρῄνουν,
816 1482 1073 1536 α’ντέστησαν
1102 1483 1148 1522 δὲ
1178 1480 1463 1535 γενναιότερον
1493 1481 1530 1522 οἱ
1554 1479 1615 1534 μὴ

110 1562 161 1588 20
175 1546 350 1602 ἑνόρχαι
376 1547 455 1587 τοῦ
481 1549 687 1600 βασιλέως
711 1546 938 1600 πρόκοιτοι,
967 1542 1028 1587 ὧν
1053 1549 1356 1602 ε’πρωτίστευεν
1383 1544 1405 1587 ὅ
1435 1545 1615 1588 Οἰναιιό-

172 1628 244 1666 της
272 1614 311 1654 Γ
309 1612 501 1666 ειόργιος,
545 1611 618 1653 καὶ
654 1611 705 1654 τὰ
742 1613 816 1654 ἐπὶ
843 1615 917 1665 τῆς
952 1614 1184 1666 θεραπείας
1210 1614 1434 1664 λειογένεια
1462 1613 1614 1663 μειρά-

172 1693 256 1719 κια.
314 1673 430 1719 οὗτοι
456 1676 537 1732 γάρ
565 1676 831 1730 περιστάντες
861 1676 934 1718 τόν
959 1679 1137 1729 βασιλέα
1163 1679 1339 1719 παλαιοί
1364 1679 1437 1718 καί
1463 1678 1616 1718 πανδέ-

175 1747 254 1793 ’ξιοι
278 1742 448 1785 ἔπεισαν
476 1746 520 1792 ἐς
546 1742 618 1785 τὸν
645 1742 874 1796 Πρόσακον
902 1741 1131 1798 εὕθυιόρως
1159 1740 1274 1798 ἄγειν
1295 1743 1372 1797 τὴν
1399 1742 1612 1797 στρατιάν,

175 1807 248 1850 καί
272 1812 360 1851 κατ’
388 1810 520 1851 αὐτοῦ
547 1811 624 1850 τοῦ
638 1806 814 1864 Χρύσου
842 1808 981 1850 α’ντίον
1000 1808 1054 1850 τά
1084 1804 1192 1850 ὅπλα
1223 1804 1339 1863 ἄγειν
1368 1811 1442 1850 καί
1461 1808 1508 1850 τὸ
1539 1807 1646 1852 δ’ὁ-Β

274 1920 325 1964 ι4.
343 1920 423 1966 τοῦ]
448 1917 516 1953 td?
589 1930 643 1953 21.
673 1913 716 1953 τά
743 1918 821 1967 ἐπὶ]
849 1918 893 1954 τοὶ
918 1921 988 1954 τοῦ
1011 1921 1140 1954 κελίου
1165 1919 1283 1954 αὐτοῦ
1310 1919 1550 1956 παιδόπουλα
1573 1921 1610 1953 Β.

176 2037 291 2071 eoque
316 2038 450 2060 summe
468 2028 670 2061 necessario
701 2032 737 2060 et
758 2027 1064 2072 praestantissimo
1089 2032 1207 2069 caret,
1233 2027 1332 2073 quod
1356 2039 1402 2061 ne
1430 2039 1502 2062 una
1530 2031 1614 2074 qui-

177 2073 257 2106 dem
281 2084 398 2118 aquae
421 2079 520 2117 gutta
550 2074 604 2106 ibi
632 2074 792 2124 scatufjt,
815 2085 882 2107 nec
907 2074 1049 2107 fossiles
1072 2075 1174 2119 putei
1200 2080 1296 2115 sunt,
1322 2075 1386 2108 sed
1410 2075 1457 2108 ad
1479 2075 1614 2109 flumen

177 2119 467 2152 descendendum
498 2126 534 2154 et
569 2120 707 2164 hydriis
746 2130 842 2166 aqua
878 2120 1082 2153 haurienda
1119 2126 1183 2154 est.
1232 2122 1387 2165 Chrysus
1414 2123 1524 2166 igitur
1547 2123 1613 2156 tali

174 2166 320 2199 castello
344 2167 503 2211 potitus,
538 2165 764 2212 imperatoris
786 2173 913 2201 contra
936 2178 975 2200 se
999 2167 1230 2212 expeditione
1254 2168 1350 2201 nihil
1373 2169 1539 2208 territus,
1567 2169 1614 2202 ad

173 2213 413 2246 resistendum
436 2225 474 2247 se
496 2215 646 2259 paravit.
672 2214 823 2247 Romani
843 2225 927 2247 vero
954 2215 1006 2247 rei
1029 2215 1196 2248 militaris
1222 2216 1350 2260 periti,
1376 2216 1406 2249 si
1429 2216 1494 2261 qui
1519 2216 1612 2250 sorte

175 2266 403 2304 supererant,
442 2266 479 2294 et
514 2262 600 2294 situs
624 2261 784 2294 locorum
819 2272 892 2294 non
919 2261 1053 2306 ignari,
1073 2262 1271 2295 monebant
1295 2263 1547 2307 imperatorem
1573 2268 1613 2296 ut

174 2307 371 2350 praeterito
405 2307 552 2340 Prosaco
586 2308 727 2353 reliqua
766 2307 900 2352 oppida
926 2314 962 2341 et
982 2319 1092 2353 pagos
1120 2308 1248 2353 Chrysi
1271 2309 1481 2350 invaderet,
1507 2315 1543 2342 et
1567 2310 1612 2343 iis

178 2353 386 2396 expugnatis
412 2353 555 2386 demum
579 2354 625 2387 ad
648 2353 742 2387 illud
766 2354 953 2387 castellum
973 2355 1170 2388 accederet.
1196 2356 1247 2389 sic
1274 2362 1311 2389 et
1339 2356 1533 2389 exercitum
1557 2356 1613 2389 so-

178 2408 216 2430 re
241 2398 466 2432 fidentiorem
489 2401 639 2434 victoria
665 2408 702 2435 et
734 2400 868 2446 praeda
892 2412 937 2434 ex
962 2402 1081 2435 minus
1107 2402 1217 2436 firmis
1242 2402 1399 2435 castellis
1425 2408 1551 2448 parta,
1576 2407 1614 2435 et

177 2445 295 2488 ipsum
321 2445 491 2490 Chrysam
526 2448 561 2480 vi
595 2447 685 2481 belli
724 2453 873 2492 urgente
909 2454 972 2482 aut
1002 2448 1193 2482 consilium
1220 2454 1441 2482 mutaturum
1466 2449 1612 2482 remissa

176 2491 375 2534 pertinacia
391 2517 401 2532 ,
425 2499 489 2526 aut
518 2493 563 2526 de
587 2494 694 2528 rebus
722 2495 795 2528 suis
833 2493 1118 2539 desperaturum.
1142 2500 1324 2541 caeterum
1351 2496 1390 2528 in
1414 2506 1531 2528 arcem
1555 2495 1613 2527 in-

179 2537 451 2581 expugnabilem
476 2540 654 2585 principio
679 2542 798 2575 facere
821 2542 998 2586 impetum
1022 2547 1060 2575 et
1086 2553 1166 2575 cum
1192 2543 1394 2587 praeruptis
1418 2542 1531 2586 petris
1555 2540 1612 2572 di-

177 2584 308 2615 micare
333 2595 412 2616 cum
435 2597 564 2620 vanum
591 2598 690 2629 esse,
714 2594 791 2621 tum
817 2589 975 2622 cruentis
1006 2588 1200 2622 sudoribus
1226 2594 1264 2622 et
1286 2589 1407 2621 multis
1433 2588 1610 2620 aerumnis

180 2635 217 2662 et
243 2628 414 2663 caedibus
436 2632 592 2676 plenum.
630 2633 688 2667 his
723 2635 925 2680 spadones,
967 2635 1142 2679 Georgius
1179 2635 1382 2668 Oenaeotes
1406 2635 1444 2665 in
1468 2633 1610 2677 primis,

181 2677 217 2708 et
243 2675 423 2710 imberbes
461 2677 720 2714 adolescentuli
756 2682 886 2714 acriter
910 2681 1104 2722 adversati,
1130 2681 1337 2726 imperatori
1360 2685 1612 2723 persuaserunt

179 2727 221 2754 ut
246 2727 340 2756 recta
366 2722 410 2755 ad
434 2724 618 2758 Prosacum
643 2726 837 2761 adduceret
860 2729 1075 2768 exercitum,
1099 2739 1171 2772 quo
1197 2732 1299 2772 capto
1325 2725 1418 2758 nihil
1442 2725 1611 2770 deinceps

181 2779 285 2814 posse
324 2770 513 2811 resistere,
551 2773 758 2815 praesertim
800 2785 879 2807 cum
915 2773 1009 2806 nihil
1035 2773 1228 2819 impediret
1254 2784 1324 2817 quo
1350 2772 1467 2806 minus
1496 2783 1612 2806 arcem
