1878 3230
277 146 391 202 608
727 163 958 205 NICETAE
1004 162 1313 204 CHONIATAE

382 262 491 304 Ἀλλ’
520 254 637 300 οὔπω
675 260 801 313 μῆνες
829 266 941 314 τρεῖς
975 258 1354 314 παριππεύκεισαν,
1387 261 1458 300 κατ’
1493 260 1610 316 φήμη
1639 276 1699 310 τις

274 326 459 380 πρόεισιν
503 321 693 377 α’ψευδὴς
721 325 766 365 ἐκ
797 323 981 366 ,Κιλίκων
1018 323 1109 365 τινὰ
1139 322 1379 377 ὁρμώμενον
1401 319 1584 374 Ἀλέξων
1605 320 1701 367 τοῦ-

230 403 401 441 Βνομα,
448 389 503 446 τῷ
541 390 613 430 τοῦ
656 391 859 442 βασιλέως
883 390 1063 439 Ἀλεξίου
1093 387 1269 441 ὀνόματι
1299 386 1578 441 ἐποχούμενον
1604 387 1648 431 ὃν
1677 388 1701 429 ὅ

271 451 468 508 βασιλεὺς
495 455 676 507 ἐγείνατο
702 452 923 508 Μανουὴλ,
952 456 1008 511 τῷ
1033 456 1104 508 τῆς
1132 454 1290 502 πόλεως
1318 450 1522 506 Ἀγκύρας
1548 469 1702 507 σατρα-

273 517 441 561 πεύοντι
487 520 748 572 προσρυῆναι
784 518 855 560 καί
890 517 963 560 ’ὕπ’
1003 518 1133 560 αὐτοῦ
1174 518 1490 572 προσδεχθῆναι
1531 516 1586 566 ὥς
1609 516 1739 563 υἱόν5

273 586 415 639 ἀληθῆ
456 586 532 625 τοῦ
562 583 868 639 αϋτοκράτορος
895 583 1132 638 Μανουήλ,
1178 581 1256 636 οὔχ
1290 580 1401 632 ὅπως
1426 579 1704 637 περατιόσειεν

274 652 389 705 αὐτῷ
416 648 467 690 ‘cd
497 651 584 694 κατ’
612 647 755 704 ἔφεσιν
785 644 896 705 (ᾔδει
923 647 1004 703 γάρ
1026 649 1211 697 κάκεῖνος
1230 647 1287 696 ὥς
1316 646 1338 687 ὅ
1364 646 1564 700 βασιλεύς
1586 647 1704 690 Ἀλέ-

273 717 358 764 ξιος
380 716 450 756 διὰ
469 716 688 768 πνιγμονῆς
709 713 778 755 ὑπ’
802 713 1067 769 Ἀνδρονίκου
1085 711 1158 755 τὸν
1175 713 1267 766 βιόν
1286 712 1600 767 κατέστρεψεν),
1617 711 1705 752 ἀλλ’

274 781 328 821 ἵν’
357 778 379 820 ὄ
406 778 640 832 βασιλεύων
661 779 878 831 Ῥωμαίων
905 780 1242 820 συνδιαπλέκοιτο
1257 775 1470 833 πράγμασι
1495 782 1581 825 τοῖς
1607 793 1706 818 στα-ι

275 850 468 893 σιασταῖς
498 844 924 896 ἀντικαθιστάμενος,
951 846 1024 885 καί
1049 842 1174 892 αὐτὸς
1203 844 1397 885 ἐντεῦθεν
1423 841 1706 896 παρακερδαί.
1723 855 1770 886 10

272 926 321 966 νῃ
349 925 413 963 τι,
444 909 672 964 χρημάτων
700 904 821 950 ὤνιον
848 907 922 964 τὴν
943 907 1050 961 μετὰ
1074 905 1293 960 Ῥωμαίων
1318 910 1462 963 φιλιάν
1488 905 1705 960 κτώμενος.

272 974 366 1017 ἐπεὶ
405 976 452 1017 δὲ
492 976 551 1024 εἰς
580 972 699 1029 ἔργον
729 977 863 1016 ταῦτα
902 973 954 1029 δὴ
981 973 1032 1016 τὰ
1056 975 1296 1028 ἀγγέλματα
1323 971 1557 1028 ἑκβεβήκει,
1586 973 1659 1014 καί
1684 970 1707 1014 ὅ

273 1037 549 1094 ψευδώνυμος
592 1034 712 1089 οὗτος
737 1040 915 1090 Ἀλέξιος
942 1045 1027 1089 τοῖς
1054 1038 1224 1094 ὁμόροις
1250 1039 1298 1095 τῇ
1321 1036 1503 1096 Ἀγκύρᾳ
1523 1038 1706 1091 Ῥωμαϊ-

275 1110 362 1154 κοῖς
399 1103 651 1158 πολίσμασιν
693 1103 896 1160 ἐπεφύετο
935 1104 1229 1158 ἐνισχυόμενος
1271 1102 1385 1158 παρὰ
1432 1104 1506 1145 τοῦ
1531 1105 1706 1158 Πέρσου
1758 1147 1760 1149 ,

276 1170 349 1212 καί
373 1169 697 1225 κρατυνάμενος,
749 1169 962 1211 στέλλεταί
983 1186 1046 1218 τις
1088 1168 1282 1221 ἐκτομίας
1311 1163 1345 1226 ᾧ
1371 1168 1588 1222 τοῦπίκλην
1611 1167 1707 1209 Ἠο-
1723 1171 1771 1212 15

148 1243 187 1278 Ρ.
200 1235 491 1290 α97νοπολίτης
500 1268 513 1287 ,
551 1228 646 1289 ἄρτι
685 1234 787 1290 πρὸς
842 1236 1047 1287 βασιλέως
1089 1232 1460 1288 παρακοιμώμενος
1506 1233 1707 1287 τιμηθείς.

276 1301 407 1354 μηδὲν
447 1315 486 1341 τι
517 1300 563 1341 δὲ
608 1300 685 1340 τοῦ
708 1298 887 1340 θλαδίου
930 1301 1231 1353 κατορθοῦντος
1260 1297 1362 1353 πρὸς
1404 1296 1479 1351 τὴν
1505 1295 1710 1340 ὑπόθεσιν

278 1366 365 1407 δεῖν
396 1363 499 1418 ἔγνω
537 1361 610 1404 καὶ
649 1362 776 1411 αὐτὸς
804 1361 826 1403 ὃ
867 1362 1063 1417 βασιλεὺς
1100 1364 1301 1414 ἐξελθεῖν,
1339 1364 1384 1403 ἐν
1423 1364 1482 1420 τῷ
1515 1363 1635 1416 μέρει
1662 1364 1709 1404 δὲ

279 1431 353 1471 καί
379 1432 461 1471 ταῖν
487 1426 592 1481 μετὰ
622 1430 699 1470 τοῦ
724 1431 898 1484 Πέρσου
937 1430 1124 1470 σπονδῶν
1147 1429 1471 1482 ἐπιμεληθῆναι,
1503 1426 1624 1476 εἰδώς
1650 1426 1710 1475 ὥς

282 1491 390 1536 οὕτω
421 1491 600 1546 μάλιστα
628 1492 782 1549 ῥᾳδίως
808 1492 1131 1547 καταγωνίσεται
1156 1491 1228 1533 τὸν
1259 1491 1432 1544 ὀνόματι
1457 1487 1612 1547 ἑτέρου,
1641 1490 1773 1534 uaiao

281 1558 430 1602 τούτου
458 1556 586 1600 πάλαι
613 1559 850 1610 τεθνεῶτος,
878 1558 1151 1611 ἐπερχόμενον
1179 1557 1291 1613 αὐτῷ
1317 1553 1550 1598 ἀντίπαλον.
1605 1554 1713 1611 πλὴν

282 1625 305 1665 ὃ
334 1626 509 1679 Πέρσης
546 1624 602 1680 τῷ
635 1623 766 1680 καιρῷ
797 1620 1119 1676 καταχρώμενος
1159 1622 1234 1662 οὐκ
1273 1617 1406 1670 ἄλλως
1445 1620 1519 1676 τήν
1547 1619 1711 1676 εἰρήνην

283 1691 473 1743 ἐδέχετο,
501 1689 541 1730 εἷ
572 1687 631 1743 μή
657 1688 805 1730 αὐτίκα
842 1686 1080 1742 δωρήσεταί
1103 1686 1141 1728 οἱ
1168 1686 1366 1740 βασιλεὺς
1394 1687 1594 1740 ἀργυρίου
1622 1701 1711 1727 κεν-

282 1755 457 1810 τηνάρια
484 1756 603 1796 πέντε
628 1754 858 1806 κεκομμένα
883 1756 941 1801 είς
963 1749 1171 1804 νόμισμα,
1202 1755 1377 1807 ἑτησίως
1402 1754 1439 1793 δ’
1452 1751 1590 1793 ἔκτοτε
1620 1767 1711 1806 τρι.

144 1827 187 1860 V.
202 1828 268 1874 244
282 1823 349 1864 σίν
377 1822 422 1863 ἐκ
448 1819 604 1862 τούτων
626 1822 906 1875 φιλοτιμεῖται
934 1817 1005 1860 καί
1028 1820 1219 1874 Σηρικοῖς
1244 1814 1548 1873 τεσσαράκοντα
1577 1815 1705 1873 νῆμα·
1721 1820 1774 1863 25

378 1942 429 1977 15.
458 1941 693 1983 οἰνοπολίτης
714 1940 751 1972 Β.

356 2052 488 2086 Verum
512 2052 684 2085 trimestri
708 2051 866 2084 nondum
894 2051 1015 2096 elapso
1039 2052 1133 2084 fama
1157 2062 1228 2084 non
1251 2051 1361 2084 fallax
1389 2051 1544 2091 affertur,
1559 2049 1707 2084 Cilicem

284 2099 462 2143 quendam
497 2104 676 2142 assumpto
708 2098 825 2131 Alexii
858 2098 925 2130 filii
958 2099 1136 2131 Manuelis
1169 2099 1314 2131 nomine
1346 2096 1392 2130 ad
1419 2097 1576 2140 Ancyrae
1607 2096 1708 2129 urhis

255 2179 258 2181 ,
285 2151 461 2189 satrapam
496 2156 533 2178 se
570 2144 784 2184 contulisse,
809 2144 855 2177 ab
891 2155 1008 2188 eoque
1044 2150 1086 2177 ut
1119 2155 1241 2178 verum
1273 2144 1450 2177 Manuelis
1485 2144 1598 2175 filium
1630 2153 1708 2176 sus-

285 2197 427 2235 ceptum
455 2201 552 2232 esse,
575 2202 648 2223 non
671 2196 713 2223 ut
737 2190 814 2224 eius
851 2191 1040 2235 postulatis
1069 2196 1244 2223 annueret
1268 2191 1430 2234 (noverat
1452 2189 1546 2221 enim
1570 2194 1607 2221 et
1630 2188 1708 2233 ipse

282 2238 531 2281 imperatorem
557 2236 722 2269 Alexium
750 2236 795 2269 ab
818 2236 1019 2269 Andronico
1044 2237 1303 2281 strangulatum
1327 2236 1417 2281 esse)
1443 2234 1506 2268 sed
1531 2240 1573 2267 ut
1594 2235 1707 2279 impe-

282 2289 377 2316 rator
399 2283 506 2315 bellis
541 2282 794 2323 distineretur,
829 2283 913 2315 dum
949 2282 1360 2322 seditiosisresisteret,
1394 2281 1530 2325 etipse
1567 2281 1707 2326 aliquid

282 2329 513 2362 emolumenti
538 2328 624 2361 inde
642 2329 855 2373 perciperet,
884 2329 1042 2362 amicitia
1065 2340 1127 2362 sua
1150 2329 1314 2361 Romanis
1338 2326 1494 2360 vendita.
1517 2332 1707 2372 postquam

280 2381 401 2408 autem
424 2374 676 2408 Pseudalexius
701 2375 769 2408 iste
793 2375 974 2408 Persarum
998 2375 1127 2420 opibus
1151 2374 1294 2407 adiutus
1316 2374 1474 2417 Ancyrae
1496 2373 1614 2406 vicina
1639 2375 1708 2406 Ro-

279 2433 384 2455 mana
408 2421 540 2465 oppida
566 2421 831 2465 populabatur,
856 2421 1039 2454 eunuchus
1067 2420 1212 2466 quidam
1235 2426 1467 2464 cognomento
1482 2419 1706 2463 Eonopolita‚

280 2479 396 2512 nuper
420 2468 463 2501 ab
489 2468 700 2512 imperatore
728 2467 941 2500 accubitor-is
967 2467 1141 2510 dignitate
1160 2473 1317 2507 ornatus,
1343 2466 1389 2499 ad
1405 2478 1484 2499 eum
1511 2466 1707 2510 reprimen-

283 2514 368 2548 dum
395 2514 560 2547 mittitur.
584 2513 646 2557 qui
668 2525 745 2546 cum
775 2524 848 2545 rem
873 2513 966 2545 male
992 2518 1139 2556 gereret,
1167 2513 1360 2558 imperator
1383 2513 1452 2557 ipsi
1477 2511 1548 2545 sibi
1573 2522 1707 2544 exeun-

282 2561 368 2593 dum
391 2570 467 2594 esse
494 2560 644 2599 censuit,
666 2559 863 2604 eademque
888 2570 993 2603 opera
1015 2559 1058 2591 de
1082 2559 1226 2591 foedere
1239 2560 1373 2592 Persico
1398 2556 1584 2603 agendum,
1608 2557 1705 2590 haud

282 2608 424 2651 ignarus
452 2607 679 2650 impostorem
695 2606 796 2638 iilum
817 2617 857 2638 ea
887 2606 1023 2638 rati‹›ne
1047 2605 1216 2638 facillime
1244 2605 1418 2638 debellari
1447 2615 1560 2650 posse.
1585 2615 1704 2636 verum

282 2655 386 2687 Persa
413 2653 597 2685 occasione
621 2663 705 2684 usus
730 2652 1011 2696 pacificationem
1038 2662 1074 2684 se
1092 2652 1189 2684 nulla
1215 2652 1285 2684 alia
1310 2653 1446 2685 ratione
1470 2650 1704 2683 admissurum

283 2699 485 2741 affirmavit,
507 2699 578 2733 nisi
603 2699 740 2743 argenti
763 2698 892 2742 signati
925 2699 1121 2732 centenarii
1145 2698 1306 2743 quinque
1335 2698 1372 2732 in
1395 2697 1517 2744 primis
1542 2702 1580 2730 et
1602 2695 1704 2729 dein-
