1878 3230
328 151 437 236 892
759 175 962 216 vvoLFn
1001 174 1429 216 ANNOTATioNsss.

324 293 407 319 non
440 276 571 318 video.
590 289 720 330 neque
740 275 894 329 σκῆψις
911 275 1052 329 placet.
1079 277 1332 316 sobrietatem
1347 274 1609 318 bellatoribus
1637 283 1757 320 etiam

326 349 408 374 esse
434 333 572 370 utilem
600 345 683 369 non
712 345 839 398 nego:
871 331 940 370 sed
962 331 1003 370 id
1031 331 1097 369 hic
1135 345 1218 370 non
1246 333 1393 394 agitur.

433 386 482 426 Ρ.
508 384 603 436 844,
635 386 702 425 25.
732 384 789 431 ὥς
822 398 974 424 ουκουν
1000 381 1171 435 ἐβάλετο
1203 382 1310 425 κατὰ
1339 382 1459 439 νοῦν]
1488 384 1755 440 negationem,

324 441 436 495 quod
465 439 693 480 redundare
720 440 928 504 existimo,
957 440 1087 483 omisi.

435 496 486 539 Ρ.
514 495 608 561 849,
649 496 710 536 15.
756 489 884 557 ἤγουν
909 469 1094 534 Λατῖνον
1123 503 1190 533 auc
1214 502 1316 533 certe
1345 494 1542 534 Latmum.
1574 501 1674 548 puto
1703 496 1758 536 le-

325 550 500 604 gendum
534 562 583 588 ου
611 548 711 600 γοῦν
737 551 802 589 vel
831 561 1001 600 ουκουν,
1031 550 1169 603 itaque
1196 549 1317 589 verti.

434 605 483 645 Ρ.
512 603 615 653 851,
647 617 690 656 9.
747 602 806 651 ὥς
839 579 1001 656 ἱμᾶσι]
1019 603 1188 644 fortasse
1234 600 1442 654 ἱματίτοις
1480 602 1640 658 probris
1666 614 1759 646 tan-

325 672 447 715 quam
475 659 641 698 vestibus
666 671 737 698 nos
763 661 953 721 oper-mnt-

435 715 489 754 Ρ.
519 713 615 760 851,
649 714 710 752 13.
764 713 915 764 μενοῦν
945 725 991 764 γε
1030 711 1129 753 ου’δὲ
1157 711 1208 752 δι’
1247 705 1378 764 οχλου
1410 711 1495 752 τισί
1520 710 1758 766 γεγόναμεν]

324 768 425 810 haec
452 782 524 822 per
564 767 884 821 indignationem
927 767 1044 807 adiici
1074 768 1265 808 videntur
1294 768 1344 806 ad
1374 767 1582 807 bominum
1610 769 1762 823 iniqui-

325 830 447 864 tatem
477 823 791 877 exaggerandam
817 829 858 862 et
887 836 1000 862 suam
1030 823 1298 861 innocentiam
1326 822 1622 862 declarandam.

436 878 487 920 P.
516 853 622 928 85ι,
651 892 717 920 22.
760 891 830 917 και
870 877 944 929 τῆς
987 877 1069 917 τῶν
1110 877 1296 928 βιθυνῶν
1321 873 1610 930 μητροπόλεως
1636 890 1762 940 προε-

326 927 582 986 δρεύουσαν]
626 940 724 1000 puto
765 931 979 995 legendum
1019 932 1090 971 και
1119 929 1192 984 τήν
1219 931 1301 971 τῶν
1323 932 1511 982 βιθυνιόν
1536 928 1759 995 noo-§dosii-

326 1001 467 1027 ουσαν.
494 1001 589 1025 nam
617 1001 642 1039 η
671 983 983 1050 npoed‘osziovoa
1011 994 1050 1026 et
1077 984 1327 1039 μητρόπολις
1354 986 1459 1025 idem
1494 985 1654 1035 valent,
1683 987 1761 1026 nisi

326 1042 456 1084 fallor.
486 1041 519 1081 si
549 1043 636 1106 quis
671 1050 802 1081 autem
830 1043 951 1081 etiam
980 1040 1236 1094 metropolim
1263 1041 1376 1080 alteri
1409 1041 1562 1080 civitati
1589 1040 1762 1092 subiicit,

325 1096 459 1150 legat.
490 1097 562 1136 καὶ
588 1093 663 1148 τὴν
687 1095 762 1149 τῆς
786 1095 867 1136 τῶν
893 1096 1081 1147 βιθυνῶν
1109 1092 1400 1159 μητροπόλεως
1419 1090 1761 1158 προεδρευουσαν

327 1151 530 1200 Νίκαιαν,
574 1151 712 1190 addito
751 1151 943 1190 duntaxat
983 1149 1157 1190 articulo
1196 1148 1293 1202 τήν,
1340 1157 1387 1190 ut
1413 1150 1534 1204 paulo
1561 1156 1657 1189 ante
1682 1145 1760 1202 τὴν

326 1207 430 1259 παο’
452 1203 646 1260 Ἀσκανία
673 1204 818 1270 λίμνην
842 1209 1071 1256 παροικεῖν.

329 1313 358 1354 d
435 1260 485 1301 P.
516 1245 635 1311 852,
643 1261 680 1302 5.
735 1273 805 1301 και
843 1259 1048 1316 παοιστᾷν
1091 1257 1300 1314 ἐντεῦθεν]
1345 1258 1534 1300 videntur
1562 1256 1757 1298 nonnulla

359 1327 477 1355 eesse.
