1838 3210
244 192 353 250 236
677 208 904 250 N1CETAE
944 195 1253 250 cnoNlATAE
1272 191 1277 198 ’

1354 270 1365 285 ,

203 325 355 357 Βνοντο
383 308 454 349 καί
489 309 534 348 ’τά
578 307 719 360 πρόσω
758 309 923 350 ἐποίουν
967 303 1139 364 ἄβατα),
1184 305 1264 351 ὅσα
1306 310 1378 351 καί
1420 305 1669 366 θρεμμάτων

243 375 384 428 ἀγέλαι
407 371 605 424 Ῥωμαῖοι
632 373 729 425 περὶ
744 372 958 426 σταθμούς
979 372 1052 422 τὰς
1081 375 1321 428 δυσχωρίας
1335 376 1492 423 ἐκείνας
1520 377 1669 431 ἐφθεί-

240 453 373 494 ροντο,
434 435 540 477 ἀλλὰ
568 436 639 478 καί
655 436 710 478 ἐἴ
729 440 776 479 τί
797 453 877 479 που
905 441 1094 492 γενναίου
1123 437 1387 495 φρονήματος
1415 442 1516 494 ἐπῆν
1543 440 1667 483 εἰσέτι

242 506 380 550 αὐτοῖς
409 499 435 555 ἦ
463 504 606 554 θυμοῦ
634 503 738 545 κατὰ
769 507 852 545 τῶν
881 504 1117 546 ἀντιπάλων
1154 505 1424 547 ὑπολέλειπτο
1457 505 1668 558 ζώπυρόν,

241 570 314 609 καί
338 570 459 610 τοῦτο
486 569 662 621 σβεσθὲν
690 567 905 625 ἀφῄρητο,
935 569 1008 611 καί
1036 571 1233 612 ἀπέλιπεν
1263 570 1413 619 αὐτοὺς
1437 570 1481 613 τὰ
1513 569 1664 624 πρόθυ-
1686 575 1709 614 5

240 649 319 685 μον
346 634 506 685 τέλεον,
541 632 585 674 ἐκ
621 635 699 674 τοῦ
726 632 826 682 τους
867 637 1089 687 πολεμίους
1138 635 1211 676 ὑπ’
1252 630 1352 687 ὄψιν
1390 631 1503 689 ἄγειν
1530 637 1673 684 αὐτοῖς

242 697 379 752 ἕτερον
409 700 632 754 συμφορᾶς
679 699 940 753 ἐπεισόδιον,
980 702 1113 757 αἰχμῇ
1157 707 1456 756 περιπαρεΐσαν
1493 700 1568 755 τὴν
1598 703 1675 742 τοῦ

238 763 502 818 Ἀνδρονίκου
544 767 619 805 τοῦ
643 762 837 819 Βατάτζη
873 765 1071 821 κεφαλήν.
1129 762 1181 822 ἦν
1205 768 1250 808 δὲ
1278 762 1398 814 οὗτος
1421 764 1675 822 ἀδελφιδοῦς

243 830 319 882 μὲν
349 831 405 886 τῷ
429 832 599 881 βασιλεῖ
620 830 851 884 Μανουὴλ,
881 831 1113 872 ἀπέσταλτο
1142 834 1187 873 δὲ
1215 831 1321 884 μετὰ
1351 833 1549 887 στρατιᾶς
1578 827 1675 886 ὅση-

244 910 320 948 περ
351 897 395 935 ἐκ
422 894 722 949 Παφλαγόνων
750 895 823 936 καί
851 897 924 950 τῆς
949 898 992 938 ἐν
1022 894 1176 954 Πόντῳ
1210 897 1458 952 “Ηρακλειἀς
1485 899 1678 952 ἐστρατο-
1696 911 1742 936 ιο

245 960 387 1015 λόγητο
416 964 502 1008 τοῖς
526 955 759 1010 Ἀμασεῦσι
792 959 990 1016 Τούρκοις
1019 957 1346 1015 ἀντιταξόμενος.
1405 962 1566 1018 φήμαις
1593 963 1678 1003 τοί-

203 1033 318 1066 (Ξνυν
338 1022 546 1073 τοιαύταις
578 1021 598 1064 ὅ
623 1020 827 1077 ’βασιλεύς
855 1025 928 1067 καί
955 1026 1197 1076 ἀπευκτέοις
1212 1028 1389 1068 τοιοῖσδε
1418 1024 1603 1080 θεάμασι
1633 1025 1679 1067 τὸ
1731 1043 1733 1045 ’

245 1087 507 1144 λογιζόμενον
553 1090 803 1144 συγχυθείς,
843 1092 916 1132 καί
949 1091 1021 1146 τὴν
1047 1094 1120 1134 τοῦ
1162 1088 1342 1145 ἀνεψιοῦ
1367 1093 1682 1148 προτεινομένην

247 1152 357 1210 ὁρῶν
385 1154 593 1210 κεφαλήν,
621 1154 692 1196 καὶ
715 1154 760 1197 τὸ
786 1157 861 1197 τοῦ
888 1155 1080 1198 κινδύνου
1111 1152 1202 1215 ένῷ
1228 1159 1469 1211 συνείληπτο
1497 1157 1681 1213 προορώ-
1718 1166 1722 1172 ’

248 1235 372 1272 μενος
421 1220 619 1272 μέγεθος,
664 1220 830 1277 ἀθυμία
877 1223 1119 1275 συνείχετο,
1158 1224 1230 1264 καί
1255 1222 1417 1278 ἀφασία
1445 1223 1608 1263 πέσσων
1632 1219 1681 1263 τὸ
1701 1222 1748 1264 ι’5

246 1281 368 1338 ἄλγος
410 1286 483 1325 καί
523 1290 680 1340 κωφοῖς
718 1283 764 1340 (ὃ
791 1287 971 1341 λέγεται)
1017 1285 1195 1341 δάκρυσι
1220 1285 1265 1328 τό
1297 1288 1448 1336 πένθος
1479 1286 1682 1343 ἀφοσιοό-
1722 1296 1725 1297 ’

245 1365 370 1404 μενος
411 1348 457 1390 τὸ
503 1349 655 1402 μέλλον
686 1349 949 1405 ἐκαραδόκει,
993 1352 1067 1392 καί
1102 1350 1179 1406 τήν
1205 1349 1371 1407 γνώμην
1413 1351 1685 1407 ἀμφιρρεπὴς

247 1416 463 1458 ἐδείκνυτο.
517 1412 569 1456 τοὶ
610 1415 656 1456 δέ
682 1430 729 1469 γε
755 1415 1098 1470 προπορευθέντα
1123 1415 1342 1468 Ῥωμαίων
1368 1417 1582 1470 τάγματα,
1610 1415 1686 1464 τὰς

249 1473 494 1535 ἐπισφαλεῖς
530 1481 690 1528 ἐκείνας
713 1476 926 1534 ἀτραπούς
970 1480 1146 1529 ἀπαθῶς
1178 1480 1419 1533 διελθόντα,
1449 1482 1688 1535 ἐνηυλίσαν-

250 1546 295 1589 τό
335 1560 414 1586 που
457 1543 530 1586 καί
570 1544 740 1599 χάρακα
767 1543 941 1599 ἔβαλον,
983 1546 1173 1602 γηλόφου
1213 1543 1422 1598 λαβόμενα
1450 1545 1688 1602 ἀσφάλειαν
1701 1560 1760 1595 ao⁴

254 1611 299 1653 ἐκ
327 1612 482 1665 μέρους
517 1609 805 1664 βραβεύοντος.
1724 1599 1741 1614 ’

365 1679 406 1718 3.
467 1673 519 1717 Οἱ
563 1676 608 1716 δὲ
645 1677 818 1730 Πέρσαι
865 1675 912 1718 τὸ
955 1678 1038 1718 πᾶν
1070 1677 1286 1732 εἰσέφερον
1323 1678 1398 1729 τῆς
1424 1678 1609 1731 σπουδῆς
1636 1674 1689 1718 τοὶ

212 1744 354 1798 Βπερί
377 1739 448 1783 τὸν
477 1742 653 1793 βασιλέα
681 1744 990 1783 καταπαλαῖσαι
1018 1739 1336 1796 στρατεύματα,
1362 1741 1421 1790 ὥς
1448 1739 1550 1784 εἰτὸ
1577 1745 1690 1783 πλεῖ-

352 1863 384 1895 3.
412 1862 526 1896 εἰσέτι
562 1861 700 1905 Ισφισιν
735 1860 756 1903 ἦ
780 1863 844 1895 καὶ
879 1865 916 1895 θ.
942 1863 982 1895 Α.
1130 1875 1162 1908 7.
1184 1856 1252 1904 τῆν
1275 1863 1342 1896 τοῦ
1372 1874 1428 1895 om
1450 1863 1490 1895 A.
1640 1864 1692 1898 ¹5.

350 1910 414 1943 καὶ
438 1907 599 1955 ἀφασίᾳ]
638 1907 795 1950 λαλῆσαι
830 1902 880 1954 μὴ
917 1907 1126 1955 δυνάμενος
1158 1907 1219 1941 διὰ
1247 1910 1362 1954 μέσης
1384 1906 1491 1946 ἐντὸς
1513 1910 1577 1949 τῆς
1603 1920 1692 1956 καρ-

352 1954 434 1992 δίας
458 1954 579 1988 ἔκλαιε
604 1954 639 1987 Β.
794 1956 842 1988 18.
866 1954 1192 2002 προπορευθέντα]
1229 1954 1494 2000 προωδευκότα
1528 1956 1567 1988 Α.

263 2057 300 2089 di
326 2056 451 2088 liceret
476 2055 574 2098 (nam
596 2056 721 2088 Persae
746 2067 766 2088 a
796 2060 894 2099 tergo
927 2057 1035 2089 etiam
1061 2056 1331 2102 imminebant),
1360 2056 1398 2089 in
1423 2055 1595 2100 angustiis
1619 2056 1696 2088 illis

262 2102 411 2136 Romani
437 2102 556 2134 ovium
597 2102 711 2135 instar
744 2101 996 2135 caedebantur.
1037 2102 1167 2146 quodsi
1200 2102 1289 2146 quid
1312 2102 1476 2145 generosi
1503 2101 1641 2142 animi,
1665 2103 1696 2135 si

263 2149 344 2193 quis
381 2147 552 2180 audaciae
575 2148 688 2181 fomes
729 2148 768 2180 in
796 2147 937 2181 hostem
971 2154 1174 2193 supererat,
1208 2159 1250 2180 ea
1274 2158 1420 2192 quoque
1446 2147 1637 2192 deperdita
1659 2154 1698 2181 et

260 2195 406 2240 penitus
435 2194 594 2227 extincta
619 2200 714 2227 sunt.
739 2205 822 2227 nam
844 2199 986 2239 praeter
1007 2200 1146 2227 caetera
1170 2195 1263 2226 mala
1286 2193 1407 2226 hostes
1439 2199 1546 2238 caput
1559 2193 1713 2227 Andr0-*

262 2241 336 2274 uici
360 2242 508 2273 Batazae
551 2239 675 2273 hastae
706 2241 903 2284 praefixum
927 2246 1175 2280 ostentarunt,
1219 2240 1283 2284 qui
1307 2240 1485 2272 Manuelis
1507 2251 1551 2272 ex
1576 2251 1699 2272 sorore

263 2297 376 2331 nepos
401 2297 478 2318 cum
499 2287 657 2319 exercitu
683 2297 727 2319 ex
748 2287 989 2331 Paphlagonia
1013 2292 1050 2320 et
1065 2285 1238 2318 Heraclea
1264 2286 1409 2319 Pontica
1431 2286 1586 2319 collecto
1612 2297 1699 2319 con-

265 2338 322 2366 tra
345 2332 479 2365 'Furcas
503 2333 696 2366 Amasenos
720 2333 847 2366 missus
869 2334 998 2366 fuerat.
1036 2333 1159 2376 itaque
1182 2332 1330 2365 Manuel
1350 2332 1546 2376 imperator
1572 2332 1699 2365 huius-

266 2378 366 2412 modi
390 2378 591 2411 rumoribus
618 2384 655 2412 et
680 2380 893 2423 spectaculis
917 2378 1166 2423 perturbatus,
1201 2383 1278 2410 tum
1303 2378 1402 2422 quod
1425 2379 1568 2422 nepotis
1591 2382 1701 2422 caput

266 2423 435 2465 videbat,
471 2430 547 2458 tum
583 2424 682 2470 quod
721 2426 874 2469 periculi
907 2436 978 2469 quo
1016 2425 1275 2457 circumventus
1308 2430 1386 2457 erat
1414 2424 1700 2467 magnitudinem

269 2470 462 2511 cernebat,
492 2472 611 2504 animo
651 2481 757 2514 aeger
780 2477 816 2504 et
840 2471 1001 2504 dolorem
1037 2471 1183 2503 silentio
1207 2476 1327 2514 tegens
1342 2495 1352 2511 ,
1382 2476 1418 2504 et
1444 2471 1576 2511 mutis,
1601 2468 1703 2515 quot}

268 2518 393 2557 aiunt,
428 2517 584 2550 lacrimis
624 2517 760 2550 luctum
792 2517 1044 2557 dissimulans,
1077 2521 1244 2550 eventum
1269 2517 1505 2560 expectabat3
1532 2521 1569 2550 et
1594 2517 1703 2561 inops
1745 2519 1754 2526 ”

269 2563 432 2605 consilii,
455 2575 527 2608 quo
551 2574 600 2596 -se
634 2568 810 2604 verteret,
843 2563 1039 2596 nesciebat.
1072 2569 1192 2596 tamen
1219 2564 1398 2596 Romanae
1430 2563 1590 2606 legiones
1608 2572 1703 2608 quae

269 2615 555 2650 antecesserant,
589 2609 799 2654 periculosis
838 2610 911 2642 illis
934 2609 1124 2642 itineribus
1143 2609 1336 2653 superatis,
1362 2610 1399 2642 in
1425 2609 1518 2642 colle
1541 2608 1703 2655 quodam

271 2655 413 2701 aliquid
437 2655 483 2690 ad
508 2656 738 2689 securitatem
761 2656 969 2689 conferente
993 2656 1126 2688 vallum
1151 2656 1368 2689 munierunt.

363 2705 395 2737 3.
442 2703 489 2737 At
520 2703 646 2736 Persae
678 2702 776 2735 omni
817 2702 1046 2736 contentione
1078 2702 1219 2746 copias,
1245 2713 1338 2746 quae
1371 2713 1451 2735 cum
1487 2701 1704 2746 imperatore

273 2753 396 2790 erant,
423 2749 607 2783 debellare
644 2748 874 2791 nitebantur,
912 2748 1009 2794 quod
1033 2749 1186 2782 maxima
1221 2754 1259 2782 et
1280 2748 1468 2794 potissima
1495 2752 1598 2793 parte
1620 2757 1706 2793 pro·-
