1838 3210
446 200 516 238 DE
555 198 810 240 MANUELE
851 197 1114 240 COMNENO
1153 199 1249 238 LIB.
1276 201 1326 238 V.
1508 203 1610 237 221

183 298 242 353 τῷ
269 298 425 338 Παίονι
453 293 596 350 πρώην
623 291 710 349 εἶχε
738 293 967 344 τετελεκώς.
1045 290 1144 337 ὅθεν
1170 289 1297 337 ἀὐτόν
1324 311 1369 336 τε
1396 293 1468 338 τὸν
1493 300 1617 350 βασι-

183 364 283 413 λέα,
312 363 385 402 καί
412 361 481 417 ἐφ’
512 359 556 402 ὃν
586 359 623 403 οἱ
653 357 791 416 ὅρκοι,
822 362 894 401 καί
927 359 1024 410 τούς
1056 357 1343 410 ἀποδώσοντας
1374 360 1546 411 τούτους
1571 361 1618 405 τό

184 427 230 468 ἐν
255 428 519 481 Βλαχέρναις
557 428 786 479 εἰσεδέχετο
825 429 896 480 τῆς
922 423 1174 481 θεομήτορος
1210 428 1318 480 μέγα
1346 426 1418 468 καί
1443 431 1621 483 περίπυ-

185 507 283 534 στον
311 494 494 544 τέμενος.
552 490 626 532 καί
656 490 725 532 διὰ
751 493 823 545 τῆς
850 493 1159 545 τελεσιουργίας
1191 493 1274 533 τῶν
1302 488 1437 546 ὅρκων
1462 495 1522 544 εἷς
1549 491 1664 537 τόνΙ)

148 557 229 608 ὄέξ
257 556 414 613 ὀσφύος
460 557 592 598 αὐτοῦ
630 557 704 610 την
740 558 1050 610 ,σκηπτουχίαν,
1081 554 1136 604 ὥς
1163 552 1288 614 ᾧέτο,
1317 561 1596 611 μεταθέμενος
1607 592 1621 612 ‚

183 620 289 674 μετὰ
318 621 458 675 βραχύ
498 623 574 663 τοῦ
598 620 830 676 μνήστορος
854 621 1042 670 Ἀλεξίου
1081 620 1126 662 τὸ
1172 619 1402 677 θυγάτριον
1443 622 1621 675 ἀποζεύ-

183 703 305 741 γνυσι
322 720 333 739 ,
362 689 432 728 καὶ
461 687 576 744 αὐτῷ’
601 689 678 739 μὲν
711 689 770 734 εἰς
796 692 971 740 γυναῖκα
1003 687 1198 740 ἐγγυᾶται
1225 685 1299 741 τήν
1326 690 1400 742 τῆς
1425 688 1622 742 γυναικός

183 750 223 792 οἱ
251 751 507 807 ὁμόσπορον,
553 748 649 807 ἄρτι
687 750 766 793 σύν
808 753 864 808 τῷ
892 747 1062 808 ἀδελφῷ
1090 753 1336 809 Βαλδουίνῳ
1365 755 1437 809 τῆς
1462 751 1621 796 Ἀντιο-

179 819 301 870 χειάς
328 814 563 871 οἷπάρασαν.
618 814 675 866 ὥς
703 818 749 858 δὲ
777 814 882 858 κατὰ
914 815 986 857 τὸν
1012 815 1159 871 καιρὸν
1190 815 1344 858 ἐκεῖνον
1370 817 1391 858 0‘
1421 821 1495 873 τῆς
1513 820 1621 872 Ου’γ-

125 899 170 925 ιο
181 882 302 938 γρίας
319 882 504 924 ἀπέθανε
532 881 621 938 ῥήξ,
649 879 866 936 εὐτύχημα
893 880 965 922 τὸν
985 882 1131 923 τούτου
1163 883 1345 924 θάνατον
1373 881 1621 939 ὃῙΙΙανουηλ

181 946 439 1002 ἡγησάμενος
471 949 624 1000 πέμπει
660 946 734 988 τὸν
765 948 943 997 Ἀλέξων
988 946 1118 995 εὐθὺς
1145 945 1248 1000 μετὰ
1278 951 1473 1003 λαμπρᾶς
1497 951 1624 1005 δορυ-

183 1013 336 1069 φορίας
363 1015 435 1054 καί
469 1013 685 1066 βασιλείου
725 1014 920 1067 πλείστης
954 1015 1244 1067 παρασκευῆς,
1284 1013 1358 1066 την
1386 1014 1624 1069 Παιονικην

181 1076 535 1133 παραληψόμενον
581 1078 827 1120 δυναστείαν
860 1079 932 1119 καί
958 1075 1258 1130 βασιλεύσοντα
1287 1079 1367 1120 τῶν
1394 1078 1622 1132 ὁμοεθνῶν.

182 1144 256 1186 καὶ
282 1141 370 1198 εἶχε
400 1145 547 1185 τοῦτον
576 1140 880 1196 ιὶταλαιπώρως
914 1142 937 1196 ἡ
967 1144 1155 1184 Παιονία
1183 1142 1320 1200 ταινίᾳ
1351 1143 1501 1201 ῥηγικῇ
1529 1147 1623 1187 δια-

122 1213 169 1253 15
183 1209 384 1263 δοιὶμενον
426 1207 498 1249 καί
541 1208 618 1249 τοῦ
648 1210 785 1262 γένους
814 1204 912 1249 ὅλου
945 1205 1245 1256 ἄνενδοιοέστως
1278 1209 1542 1260 δεσπόζοντα.
1600 1209 1623 1252 ὗ

181 1277 227 1317 δὲ
251 1272 451 1329 βασιλευς
476 1269 605 1323 αὖθις
643 1271 850 1328 ἆνηρεύνα
893 1274 1098 1325 ἐπιμελῶς
1124 1272 1192 1315 τὸν
1220 1275 1274 1329 τῇ
1302 1275 1459 1316 ἐκείνου
1490 1278 1624 1330 θυγα-

180 1342 253 1395 τρί
278 1336 592 1392 συζευξόμενον.
652 1338 724 1380 καί
744 1336 965 1391 Ῥωμαίων
993 1338 1202 1392 ἀθερίζων
1231 1335 1320 1381 ὅσοι
1351 1339 1454 1396 πρὸς
1481 1343 1624 1395 γένους

179 1408 385 1459 ἐπίδοξοι,
417 1403 671 1462 έφιλοκρίνει
698 1404 797 1453 τούς
825 1401 1030 1452 δυνάστας
1057 1405 1215 1458 ἐθνῶν,
1247 1402 1389 1447 ὄπόσοι
1417 1406 1475 1461 μὴ
1511 1408 1625 1462 ζυγῖ-

178 1488 270 1526 ται,
302 1473 374 1512 καί
399 1471 495 1519 τοὺς
523 1466 612 1512 ὅσοι
639 1472 800 1511 παίδων
832 1475 963 1524 γονεῖς
1003 1467 1078 1524 τήν
1104 1469 1299 1528 πατρῴαν
1327 1471 1627 1524 διαδεξομένων

117 1535 287 1590 αομετά
316 1535 475 1588 πότμον
505 1537 590 1576 τῶν
612 1536 863 1588 γειναμένων
891 1534 1064 1583 τούτους
1092 1533 1242 1589 ἀρχήν.
1300 1537 1374 1578 καί
1401 1536 1624 1592 ἐπειδήπερ

181 1601 323 1644 ἔπιπτε
360 1601 405 1643 τὸ
434 1606 637 1654 πρωτεῖον
665 1599 770 1654 πρὸς
799 1599 872 1642 τὸν
899 1603 1132 1653 κρατοῦντα
1160 1602 1354 1650 Σικελίας
1392 1603 1625 1656 Γιλίελμον,
1640 1615 1764 1649 P.111·

182 1664 306 1716 ἄλλος
346 1668 412 1708 ἐπ’
456 1662 567 1723 ἄλλῳ
609 1667 793 1720 πρέσβυς
831 1667 889 1715 εἰς
925 1667 1077 1708 ἐκεῖνον
1117 1667 1371 1719 ἐστέλλοντο,
1414 1667 1487 1708 καὶ
1526 1671 1628 1723 παρ’

182 1732 339 1774 ἐκείνου
359 1727 486 1779 αὖθις
501 1730 548 1772 τὸ
570 1731 694 1785 κῆδος
711 1731 1004 1785 πρεσβεύοντος
1024 1729 1236 1785 ἐπάλληλα
1267 1728 1319 1786 ἦν
1339 1732 1390 1773 τὰ
1412 1731 1626 1788 κηρύκεια,

277 1834 311 1866 6.
337 1830 548 1877 μνηστῆρος
571 1830 609 1862 Α.
730 1841 758 1870 7.
780 1831 1032 1873 κατεγγυᾶται
1059 1830 1112 1883 A.¹
1199 1871 1210 1884 ς
1254 1843 1287 1876 9.
1313 1829 1362 1867 ὥς
1391 1830 1444 1878 δὲ]
1477 1831 1559 1866 ἐπεὶ
1586 1831 1628 1867 δὲ

277 1880 341 1910 καὶ
368 1878 484 1920 πέρας
508 1875 591 1910 τότε
614 1876 684 1909 τοῦ
709 1878 792 1919 βίου
829 1875 1049 1921 κατειλήφει
1074 1886 1141 1909 τον
1170 1887 1239 1917 την
1276 1875 1518 1921 Οὔνναρχιάν
1542 1879 1626 1914 τότε

277 1923 628 1969 περιζωννύμενον,
655 1921 878 1967 α’πρόοπτον
910 1922 948 1954 Α.
1052 1933 1101 1966 ¹7·
1127 1922 1276 1970 γένους]
1306 1921 1433 1969 γάμον
1457 1925 1496 1957 Α.
1575 1929 1624 1960 ι8.

278 1971 471 2015 συζυγῖται
494 1970 545 2011 A,
586 1967 671 2002 ὅσοι
697 1973 879 2013 γυναῖκας
911 1966 961 2013 μὴ
993 1967 1097 2012 εἶχον
1131 1969 1167 2001 Β.
1309 1979 1364 2002 22.
1388 1973 1562 2016 πρέσβεις
1586 1975 1625 2006 Λ.

184 2070 350 2110 perator,
380 2069 416 2097 et
439 2062 687 2097 iusiurandum
714 2062 758 2095 de
784 2062 926 2107 imperii
955 2063 1181 2096 successione
1207 2075 1226 2096 a
1250 2064 1364 2097 Maria
1393 2065 1468 2098 filia
1494 2072 1530 2100 et
1549 2068 1625 2101 eius

185 2113 312 2145 marito
337 2111 465 2144 Alexio
490 2110 674 2143 Pannonio
702 2109 740 2142 in
770 2109 884 2142 filium
921 2109 1114 2142 transferre
1148 2111 1321 2144 instituit.
1360 2112 1514 2156 proinde
1546 2126 1626 2147 cum

185 2159 262 2192 filio
292 2163 328 2191 et
352 2157 490 2191 civibus
514 2157 552 2190 in
578 2157 798 2202 amplissimo
826 2156 961 2200 templo
989 2156 1180 2200 genetricis
1209 2157 1269 2190 dei
1293 2159 1472 2199 convenit,
1503 2165 1540 2192 et
1562 2172 1627 2205 per

185 2203 434 2238 iusiurandum
469 2203 611 2248 imperii
650 2204 877 2236 successione
911 2203 950 2235 in
978 2204 1111 2244 filium,
1150 2209 1190 2236 ut
1224 2204 1395 2249 putabat,
1434 2208 1624 2248 translata,

184 2252 295 2297 paulo
329 2256 412 2296 post
446 2250 557 2283 filiam
581 2249 626 2282 ab
651 2250 779 2282 Alexio
825 2249 1004 2293 seiungit;
1044 2250 1151 2294 eique
1188 2251 1310 2284 uxoris
1335 2262 1421 2284 suae
1448 2263 1626 2294 sororem,

187 2309 310 2331 recens
334 2309 413 2330 cum
437 2296 615 2329 Balduino
639 2297 748 2329 fratre
772 2295 965 2328 Antiochia
1001 2297 1219 2340 profectam,
1255 2296 1467 2342 despondet.
1491 2307 1532 2333 ut
1559 2312 1627 2333 au,

187 2350 261 2379 tem
285 2344 351 2377 sub
376 2343 414 2376 id
437 2349 579 2388 tempus
605 2343 808 2386 Hungariae
844 2353 906 2375 rex
928 2342 1042 2382 obiit,
1065 2343 1214 2375 Manuel
1240 2343 1317 2376 eius
1357 2351 1509 2378 mortem
1543 2358 1627 2391 per-

190 2396 429 2436 opportunam
456 2395 552 2423 ratus
565 2389 731 2422 Alexium
747 2389 868 2422 statim
883 2401 963 2421 cum
991 2389 1182 2433 splendido
1210 2390 1383 2423 comitatu
1412 2394 1451 2425 et
1470 2395 1626 2426 maximo

191 2443 362 2482 apparatu
388 2437 485 2481 regio
509 2435 555 2469 ad
578 2436 782 2470 Pannoniae
809 2435 1033 2468 dominatum
1058 2436 1306 2480 accipiendum
1332 2437 1484 2482 ablegat.
1511 2451 1552 2472 eo
1581 2441 1629 2472 si-

190 2494 236 2516 ne
260 2483 386 2516 labore
411 2482 616 2517 diademate
649 2487 799 2522 ornato,
842 2487 878 2515 et
901 2483 1014 2515 totius
1039 2483 1242 2526 Hungariae
1266 2494 1346 2527 rege
1372 2485 1461 2517 citra
1487 2492 1632 2518 contro-

190 2531 342 2563 versiam
365 2530 546 2562 declarato
562 2555 572 2570 ,
612 2529 808 2574 imperator
833 2527 997 2562 studiose
1022 2530 1188 2562 maritum
1217 2530 1368 2563 alterum
1394 2531 1491 2565 fiiiae
1518 2543 1631 2576 quae-

193 2576 250 2608 rit.
273 2587 314 2608 ac
339 2576 524 2609 nobilibus
554 2576 722 2608 Romanis
746 2575 951 2620 praeteritis
967 2601 976 2615 ,
1016 2575 1163 2620 indagat
1197 2577 1262 2621 qui
1287 2583 1486 2610 exterarum
1510 2579 1630 2610 natio-

191 2633 278 2655 num
302 2622 480 2666 principes
505 2627 569 2655 aut
591 2621 748 2655 caelibes
776 2627 896 2654 essent
921 2627 984 2654 aut
1006 2622 1100 2654 filios
1126 2622 1304 2656 haberent
1325 2625 1484 2668 paternis
1513 2625 1630 2668 regnis

194 2677 426 2701 successuros.
456 2680 535 2701 cum
560 2674 680 2702 autem
703 2667 920 2701 Guilielmus
947 2668 1094 2701 Siciliae
1119 2679 1181 2701 rex
1207 2669 1245 2702 in
1275 2680 1316 2702 eo
1342 2681 1471 2713 genere
1495 2670 1631 2714 princi-

192 2718 318 2759 patum
340 2718 464 2747 tenere
487 2714 671 2748 videretur
697 2718 734 2747 et
768 2714 813 2746 ab
843 2714 916 2748 illis
944 2715 1083 2759 nuptiis
1114 2725 1188 2747 non
1215 2714 1426 2748 abhorreret
1443 2741 1453 2757 ,
1483 2716 1632 2749 crebrae

194 2760 391 2804 legationes
414 2760 508 2797 ultro
538 2761 702 2805 citroque
729 2760 859 2793 missae
888 2759 932 2793 de
963 2761 1185 2795 matrimonii
1208 2761 1477 2795 conditionibus
1500 2763 1631 2796 frustra
