1878 3230
303 190 414 256 324
730 202 959 245 mem-AF,
1004 200 1312 244 cnomA‘rAE

303 309 493 358 δίδοται,
538 299 595 345 ὦν
633 302 821 356 δομήτωρ
859 300 881 342 ὅ
922 299 1184 356 πατριάρχης
1215 302 1352 354 γέγονε
1394 300 1596 356 Μιχαὴλ,
1624 304 1726 355 μετὰ

301 373 372 425 τῆς
400 371 526 422 αὐτῆς
554 369 626 408 καί
653 367 777 407 πάλιν
804 366 878 407 καί
904 367 1088 414 πλείονος
1118 366 1434 420 ἀσφαλεστέρας
1462 367 1666 422 φρουρᾶς.
1695 362 1731 410 ὢ

258 434 552 489 Βπραγμάτων
578 430 890 487 παλινστρόφου
921 432 1080 487 φορᾶς,
1121 433 1192 472 καί
1222 432 1378 472 θᾶττον
1404 425 1433 485 ἢ
1461 429 1579 484 λόγος
1604 447 1731 484 μετα-

300 500 538 551 κλινομένης
575 497 728 538 ἐνίοτε]
801 496 824 537 ὁ
863 495 968 537 κατὰ
992 498 1064 550 τῆς
1111 497 1326 550 ἐκκλησίας
1363 496 1468 548 χθὲς
1495 495 1731 549 εἰσενεγκὼν

295 562 525 617 ἀκήρυκτον
562 559 739 613 πόλεμον
784 561 840 611 ὥς
872 560 1001 610 πολύς
1029 558 1074 602 τὸ
1106 561 1221 615 γένος
1247 562 1319 601 καί
1342 558 1417 615 τήν
1441 559 1572 615 τύχην
1601 559 1765 616 ὑπὲρ-5

296 641 448 680 αυχος,
492 627 564 667 καί
598 625 696 676 τούς
739 627 930 682 φυγάδας
973 628 1132 668 ἐκεῖθεν
1176 626 1376 667 ἀποσπῶν
1422 624 1479 674 ὥς
1519 625 1594 666 οὐκ
1620 622 1727 679 ἔδει,

296 693 367 733 καί
402 688 602 746 μυριάσιν
643 686 777 745 ὄχλων
817 689 1218 745 περιβομβούμενος,
1259 690 1440 746 σήμερον
1468 691 1634 744 δέσμιος
1661 693 1736 733 καί

295 758 503 809 α’νέστιος,
528 757 686 812 μηδένα
714 755 823 811 ἔχων
854 755 1012 798 ὀπαδὸν
1039 759 1111 798 καί
1127 754 1392 811 συλλήπτορα
1421 753 1449 811 ἢ
1475 754 1546 798 τὸν
1575 754 1729 808 σώζον-

295 838 353 863 τα
395 820 467 863 καί
506 820 826 875 λυτρούμενον.,
881 822 902 863 ὁ
934 823 979 863 δὲ
1012 821 1282 876 ἐδυσχέραινε
1309 823 1386 874 μὲν
1415 819 1519 863 κοῖπί
1543 820 1728 874 τούτοις,

295 888 546 929 ἑπαθαίνετο
580 888 626 928 δὲ
652 887 852 941 μειζόνως
878 883 939 929 ὅτι
959 885 1017 941 μὴ
1041 889 1143 944 έῷτο
1169 884 1400 929 ὑπνώττειν
1425 885 1507 928 ὑπὸ
1538 888 1619 928 τῶν
1648 903 1729 943 φυ-
1745 905 1790 930 ιο

293 950 428 995 λάκων
467 953 537 993 αἐἰ
567 952 872 994 ἐπιπιπτόντων
913 953 1025 1009 αὐτῷ
1062 950 1166 1007 πρὸς
1211 949 1342 993 ὕπνον
1376 954 1609 1008 τρεπομένῳ
1657 953 1728 994 καὶ

292 1017 524 1068 βιαζόντων
552 1015 670 1059 ἱστᾶν
701 1016 798 1066 τούς
828 1015 1080 1073 ὀφθαλμούς
1109 1014 1245 1071 ὥσπερ
1279 1018 1403 1071 κέρας
1435 1013 1464 1070 ἢ
1490 1016 1672 1072 σίδηρον.
1703 1016 1727 1058 ὅ

295 1084 340 1124 δὲ
369 1082 633 1138 πατριάρχης
659 1083 717 1138 μη
746 1085 1010 1138 μνησικακῶν
1039 1079 1128 1124 ἄλλ’
1159 1083 1381 1136 οἰκτείρων
1400 1083 1472 1132 τῆς
1497 1082 1728 1136 μεταβολῆς

162 1154 196 1188 Ρ.
221 1156 279 1190 ¹62
293 1145 359 1189 τὸν
386 1143 608 1201 ἄνθρωπον
636 1147 865 1202 θεραπείας
891 1164 933 1189 τε
977 1146 1122 1201 ἱκανῆς
1145 1149 1363 1200 μετεδίδου
1390 1149 1462 1188 καί
1488 1145 1726 1200 συγγινόμε-

291 1227 359 1260 νος
387 1212 432 1254 τό
464 1208 567 1266 ἄχος
598 1213 809 1268 ἐκούφιζε,
841 1215 913 1253 καί
941 1214 1117 1266 μετρίως
1148 1214 1286 1268 ἐκείνῳ
1312 1214 1627 1267 προσφέρεσθαι
1644 1229 1724 1253 πα-
1743 1218 1789 1259 15

291 1275 408 1334 ρῄνει
433 1282 517 1327 τοῖς
549 1277 701 1334 φύλαξι
737 1279 845 1332 μηδὲ
884 1280 1073 1331 γίνεσθαι
1101 1280 1356 1332 βαρυτέρους
1386 1275 1513 1331 τύχης
1539 1278 1610 1330 τῆς
1638 1278 1727 1318 ένε-

289 1341 465 1398 στώσης.
494 1343 545 1384 ού
558 1340 640 1397 μὴν
661 1343 750 1384 ἄλλ’
772 1343 940 1397 ἡμερῶν
958 1344 1082 1384 τινῶν
1110 1343 1389 1383 διαλιπουσιόν
1405 1338 1503 1398 ἑῷος
1523 1342 1727 1395 α’πάγεται

291 1409 369 1449 τοῦ
397 1406 475 1450 νεώ
520 1408 631 1465 ἵππῳ
680 1405 934 1464 βραχυτάτῳ
976 1407 1278 1461 ἐπικαθήμενος
1315 1405 1388 1448 καί
1414 1404 1726 1460 προοδεύουσαν

288 1471 398 1526 ἔχων
437 1477 623 1527 σημαίαν
666 1474 738 1515 έπί
773 1472 944 1529 καλάμῳ
973 1470 1261 1527 ἦνεμωμένην,
1301 1474 1373 1514 καί
1400 1470 1725 1527 παροινούμενος

289 1535 397 1579 οὕτω
427 1536 569 1594 κατῄει
596 1536 696 1592 πρὸς
721 1537 953 1579 θάλασσαν.
984 1539 1175 1578 κοῖκεΐθεν
1203 1537 1486 1592 παραρριφεὶς
1513 1535 1655 1577 ἁλιάδι
1682 1538 1725 1584 ἐς
1737 1555 1787 1580 20

287 1600 334 1643 τὸ
362 1604 493 1657 πέραν
522 1601 715 1656 ἀνάγεται
741 1602 846 1657 πρὸς
871 1601 1142 1658 Ἀνδρόνικον,
1173 1600 1311 1643 ἔπειτα
1339 1601 1411 1643 καί
1436 1599 1533 1650 τούς
1559 1600 1725 1656 ὀφθαλ-

286 1666 394 1719 μούς
431 1666 714 1722 ἐξορύττεται,
759 1670 902 1716 κοινῶς
949 1666 1141 1708 ἁπάντων
1179 1668 1262 1708 τῶν
1293 1668 1336 1709 έν
1362 1667 1549 1724 ὑπεροχῇ
1579 1671 1725 1708 συνελ·

287 1730 449 1774 θόντων
476 1734 548 1774 καί
576 1734 665 1785 μετ’
687 1733 952 1788 Ἀνδρονίκου
975 1730 1048 1786 τήν
1075 1729 1270 1787 τοιαύτην
1297 1733 1450 1788 πρᾶξιν
1476 1733 1723 1788 κυρωσαμέ-

380 1841 412 1863 2.
438 1831 625 1867 πλειόνως
648 1831 688 1863 A.
811 1832 843 1864 5.
869 1830 929 1877 ὥς]
954 1831 1017 1863 καὶ
1040 1832 1079 1863 Α.
1220 1832 1253 1864 6.
1282 1829 1464 1865 α’ποσπᾶν
1490 1829 1724 1876 πειρώμενος

379 1877 430 1914 ὥς
455 1877 495 1910 Α.
615 1879 664 1911 15.
691 1874 812 1920 ἄχθος
839 1879 877 1908 Α.
1003 1888 1053 1922 ¹7·
1079 1875 1352 1925 διαλιπουσιὸν]
1379 1877 1659 1924 διαγενομένων
1680 1878 1719 1911 Δ.

382 1933 437 1958 20.
461 1922 733 1970 παραρριφεὶς]
769 1924 821 1960 εἰς
843 1922 982 1966 βάλκαν
1017 1923 1243 1968 ἐμβάλλουσι
1267 1924 1303 1955 B.
1336 1958 1353 1965 x

290 2016 326 2043 tu
353 2010 576 2055 prohibetur.
600 2011 664 2044 sed
687 2011 753 2044 sub
777 2011 930 2044 mediam
946 2016 1087 2044 noctem
1116 2012 1205 2052 clam
1222 2013 1356 2056 palatio
1381 2012 1530 2045 eductus
1548 2012 1586 2044 in
1613 2011 1720 2046 aedes

287 2068 407 2089 sacrae
429 2058 568 2098 curiae,
602 2069 689 2102 quas
714 2058 916 2102 patriarcha
939 2057 1094 2090 Michael
1131 2060 1276 2098 struxit,
1303 2058 1530 2102 perducitur,
1556 2069 1634 2090 eum
1660 2069 1719 2091 ea-

287 2102 368 2134 dem
394 2108 429 2135 et
452 2104 587 2135 maiore
611 2115 652 2136 ac
676 2104 831 2136 firmiore
856 2103 1029 2136 custodia.
1056 2115 1075 2136 ο
1104 2104 1386 2136 vicissitudinem
1409 2115 1525 2136 rerum
1553 2104 1719 2148 aliquan-

289 2148 334 2180 do
363 2149 459 2181 dicto
488 2150 592 2182 citius
619 2150 854 2193 ingruentem.
879 2150 909 2182 is
936 2150 999 2194 qui
1023 2149 1140 2194 pridie
1165 2151 1301 2182 bellum
1321 2150 1579 2183 ata-ocissimum
1604 2150 1719 2183 eccle-

287 2195 360 2227 siae
388 2195 583 2235 intulerat,
610 2196 827 2239 amplissima
851 2196 988 2229 familia
1022 2202 1139 2236 ortus,
1166 2196 1204 2228 in
1230 2207 1366 2228 summo
1393 2196 1534 2239 fastigio
1563 2195 1718 2228 colloca-

286 2246 363 2280 tus,
387 2241 450 2284 qui
476 2246 597 2273 contra
635 2241 788 2274 officium
813 2242 991 2286 supplices
1033 2241 1118 2274 inde
1147 2242 1352 2274 abstrahere
1377 2242 1584 2283 studuerat,
1610 2253 1717 2286 quem

286 2287 398 2318 multa
422 2286 536 2318 millia
566 2287 897 2328 circumsonabant,
933 2288 962 2320 is
993 2287 1165 2331 perendie
1190 2288 1352 2328 vinetus,
1381 2289 1551 2329 extorris,
1576 2288 1717 2322 nullum

285 2333 551 2376 pedissequum,
575 2333 716 2366 nullum
745 2334 967 2374 adiutorem}
983 2334 1123 2366 nullum
1147 2333 1324 2366 vindicem
1349 2333 1486 2367 habuit.
1513 2345 1606 2379 quae
1637 2345 1716 2368 cum

286 2389 390 2422 aegre
426 2379 555 2419 ferret,
590 2379 683 2411 illud
717 2381 827 2423 magis
865 2379 1101 2424 querebatur,
1137 2379 1236 2423 quod
1268 2391 1288 2412 a
1325 2380 1534 2414 custodibus
1560 2380 1716 2419 dormire

284 2424 557 2470 prohiberetur,
590 2425 744 2458 subinde
777 2425 996 2458 irruentibus
1034 2431 1070 2458 et
1092 2426 1247 2458 immotis
1276 2427 1389 2459 oculis
1415 2432 1530 2460 astare
1556 2428 1716 2470 cogenti-

286 2471 395 2503 tibus.
428 2476 466 2503 at
494 2471 696 2515 patriarcha
736 2471 870 2504 oblitus
895 2472 1126 2512 iniuriarum,
1154 2477 1189 2504 et
1213 2478 1371 2506 mutatae
1396 2473 1562 2505 fortunae
1590 2474 1716 2506 miser-

286 2523 362 2557 tus,
386 2527 460 2550 non
485 2527 629 2561 parvam
663 2518 738 2550 eius
766 2529 884 2550 curam
917 2518 1042 2561 gessit,
1071 2522 1107 2550 et
1130 2528 1220 2550 onus
1246 2519 1338 2552 illud
1366 2530 1429 2552 suo
1454 2519 1636 2563 colloquio
1660 2520 1715 2552 le·-

287 2564 393 2603 vavit‚
419 2563 565 2596 hortans
591 2568 632 2596 ut
649 2563 831 2596 moderate
855 2574 932 2595 cum
961 2563 1169 2596 custodibus
1195 2570 1326 2608 ageret,
1350 2575 1468 2609 neque
1491 2566 1713 2609 arrogantius

286 2620 394 2654 quam
408 2620 472 2654 pro
491 2609 633 2642 fortuna
649 2609 867 2654 loqueretur.
895 2610 1035 2652 aliquot
1059 2609 1187 2642 diebus
1217 2611 1346 2656 elapsis
1370 2611 1547 2644 matutino
1574 2617 1714 2655 tempo-

286 2666 324 2689 re
351 2666 393 2687 ex
425 2656 559 2700 templo
593 2655 800 2696 abducitur,
834 2660 870 2687 et
900 2656 1139 2688 minutissimo
1165 2658 1297 2701 equulo
1323 2657 1529 2702 impositus,
1558 2658 1711 2698 vexillo,

287 2702 383 2746 quod
409 2702 446 2735 in
469 2702 603 2735 calamo
627 2701 890 2740 ventilabatur,
915 2707 1122 2745 praeeunte,
1147 2713 1210 2746 per
1233 2703 1430 2736 ludibrium
1455 2703 1500 2736 ad
1525 2714 1622 2736 mare
1647 2704 1711 2736 de-

287 2750 413 2784 ductus
447 2754 484 2782 et
518 2749 556 2782 in
578 2748 722 2782 lintrem
755 2748 934 2781 coniectus
967 2746 1013 2779 ad
1036 2747 1278 2785 Andronicum
1303 2748 1472 2784 defertur.
1496 2755 1580 2796 post
1602 2750 1710 2784 etiam
