1838 3210
279 156 349 210 28
703 173 928 215 MCETAE
974 170 1284 213 CHOMATAE

273 272 345 313 κατ’
371 273 475 315 κατά
520 272 564 314 τὸ
595 272 781 322 πόλισμα
821 271 1274 324 στρατοπεδευσάμενος
1311 268 1336 312 ὅ
1364 271 1460 326 περὶ
1487 269 1556 313 τὸν
1582 270 1698 313 Ῥυν-

272 335 400 379 δακὸν
429 336 613 390 ποταμὸν
637 336 766 384 αὐτὸς
790 335 1002 390 ἐδείματο,
1032 331 1087 378 αὖ
1116 335 1240 379 πάλιν
1256 339 1328 391 τῆς
1354 336 1457 379 κατὰ
1481 339 1558 377 τοῦ
1573 339 1700 378 Μου-

267 401 426 455 χούμετ
460 398 735 454 ἀκμαιότερον
774 397 937 455 ἥψατο,
977 403 1051 443 καί
1069 402 1292 455 Ῥωμαίοις
1329 397 1699 454 ἐπανασωσάμενος

271 465 527 519 Κασταμόνα
558 462 658 507 οῦδὲ
681 467 754 520 τῆς
783 468 824 507 Γ
823 466 976 521 α’γγρας
1004 467 1219 520 ἀπέσχετο.
1273 468 1351 519 μία
1379 468 1426 508 δέ
1451 467 1568 508 ἐστιν
1593 462 1697 520 αὕτη

231 533 351 573 (Ζτῶν
379 532 619 586 περιφανῶν
644 529 719 572 καὶ
744 530 948 584 μεγίστων
974 535 1192 574 Ποντικῶν
1211 531 1383 585 πόλεων,
1409 528 1526 573 οῦπω
1554 530 1733 586 πρώηνδ

268 597 461 651 Πέρσαις
502 593 858 648 καθυποκύψασα.
919 599 983 652 (6)
1012 594 1137 654 ταύτῃ
1180 613 1246 639 τοι
1274 596 1345 638 καὶ
1374 597 1486 654 νόμῳ
1513 601 1695 650 πολέμου

266 659 317 702 τά
338 663 435 715 περὶ
462 659 538 715 την
562 661 681 703 πόλιν
705 659 856 716 ταύτην
884 659 1200 716 ὑπαγαγόμενος
1222 661 1438 718 πρότερον,
1466 661 1606 703 ἔπειτα
1632 662 1696 711 ἐπ’

267 723 398 780 αὐτὴν
423 725 592 782 χάρακα
619 724 755 779 ἔβαλε.
809 728 885 768 τοῦ
920 729 958 768 δ’
987 725 1102 776 ἐντὸς
1128 730 1346 783 Περσικοῦ
1372 729 1503 782 μηδὲν
1528 729 1698 782 μέτριον

266 793 515 846 φρονοῦντος
542 787 572 846 ἢ
597 794 691 832 καθ’
719 789 937 845 ὁμολογίαν
952 807 998 833 τε
1015 796 1088 834 καί
1111 791 1292 841 σπονδάς
1318 794 1376 851 τῷ
1403 796 1575 846 βασιλεῖ
1596 807 1696 845 συγ-

262 857 497 910 χωροῦντος
524 855 601 910 τὴν
632 855 805 909 εἴσοδον,
830 855 874 898 τὸ
903 862 1039 910 τεῖχος
1065 856 1089 898 o‘
1120 857 1298 912 στρατὸς
1325 858 1579 913 περιβάλλει,
1608 854 1696 899 εἶτα
1714 875 1762 902 ιο

263 919 550 974 τειχομαχίαις
589 921 869 976 χρησάμενος,
915 917 1018 978 ᾗπερ
1054 918 1107 976 ἦν
1146 924 1350 977 ἐπίμαχος
1389 920 1411 964 ὃ
1454 925 1696 978 περιβολος,

260 989 446 1039 συνεχῶς
475 984 623 1028 ἔτυπτε
650 988 810 1028 τοῦτον.
867 986 925 1041 μὴ
951 990 1268 1042 προχωροῦντος
1296 990 1342 1030 δὲ
1368 991 1443 1030 τοῦ
1471 986 1592 1042 ἔργου
1623 986 1695 1029 διὰ

259 1048 336 1105 τήν
361 1053 444 1093 τῶν
471 1048 678 1102 ἐπάλξεων
706 1051 943 1107 ὀχυρότητα
980 1052 1052 1094 κατ’
1080 1051 1126 1094 τὸ
1157 1054 1229 1094 ἐπὶ
1256 1052 1360 1096 πολύ
1394 1054 1587 1106 ἐκθύμως
1613 1053 1697 1106 μά-

255 1119 412 1170 χεσθαι
467 1115 563 1165 τούς
610 1115 799 1167 ἐνόντας,
843 1116 1013 1170 βάλλειν
1057 1119 1106 1160 τά
1149 1122 1266 1174 τείχη
1305 1119 1449 1173 παρεὶς
1475 1116 1582 1160 κατά
1615 1118 1696 1160 τῶν

258 1174 399 1224 οἰκιῶν
429 1180 594 1236 ἐγνώκει
622 1184 924 1237 διασφενδονᾶν
950 1182 1047 1232 τούς
1081 1187 1252 1237 λίθους,
1280 1186 1622 1241 προφαινομένων
1645 1184 1692 1225 ἐκ
1710 1186 1760 1228 15

212 1249 337 1290 Βτῶν
378 1246 533 1299 ἔξωθεν
576 1249 765 1290 κολωνῶν
804 1250 874 1304 ἐφ’
904 1243 962 1290 aiv
978 1246 1181 1301 Ῥωμαῖοι
1210 1249 1693 1304 κατεστρατοπεδεύοντο.

255 1312 294 1355 οἱ
322 1314 400 1366 μὲν
435 1308 509 1355 οῦν
548 1314 619 1354 ἐπὶ
661 1315 745 1354 τῶν
784 1316 985 1368 μηχανῶν
1018 1317 1164 1364 λίθους
1192 1315 1468 1370 στρογγύλους
1495 1317 1566 1357 καὶ
1595 1313 1694 1355 κού-

255 1393 362 1434 φους
404 1376 476 1420 διά
519 1377 564 1420 τὸ
593 1374 847 1420 εὐσύνοπτον
884 1380 928 1429 ἐς
957 1375 1024 1421 ὅτι
1053 1379 1310 1435 πορρωτάτω
1340 1381 1606 1435 διαφιέντες,
1634 1380 1694 1431 ὥς

251 1444 392 1486 ’δοκεῖν
416 1444 621 1486 ἵπτασθαι
651 1445 855 1496 τούτους,
884 1444 935 1485 ού
963 1443 1048 1499 μὴν
1076 1444 1157 1487 dud
1191 1443 1505 1501 μηχανημάτων
1531 1445 1691 1499 ἵεσθαι,

253 1508 355 1558 τούς
394 1509 547 1563 δόμους
574 1511 807 1552 κατέσειον·
881 1508 920 1551 οἱ
949 1512 984 1553 δ’
1012 1511 1083 1552 ἐπὶ
1111 1508 1208 1565 γόνυ
1238 1512 1468 1565 κλινόμενοι
1494 1510 1566 1552 κατ’
1594 1508 1755 1560 τούςαο

142 1578 183 1614 V.
203 1591 241 1616 η
255 1571 441 1631 ὄρόφους
470 1575 737 1628 διαλυόμενοι
767 1574 812 1617 τὸ
843 1577 1031 1618 ἐνοικοῦν
1060 1578 1215 1630 πλῆθος
1243 1574 1437 1629 ἔκτεινον,
1466 1573 1523 1622 ὥς
1553 1577 1693 1618 ἐντεῦ-

253 1644 329 1682 θεν
357 1636 465 1683 εἶναι
495 1641 568 1683 καί
592 1641 666 1696 τήν
692 1643 736 1683 ἑν
762 1647 851 1691 ταῖς
881 1641 1087 1697 α’μφόδοις
1113 1644 1325 1698 ἐπισφαλῆ
1345 1640 1526 1697 πάροδον
1553 1642 1627 1684 καί
1643 1641 1689 1683 τὸ

254 1704 372 1748 ἔνδον
398 1707 537 1762 ἡσυχῇ
567 1709 787 1761 καθῆσθαι
815 1706 946 1764 πάντῃ
981 1706 1245 1763 ἀσύμφορον.
1277 1706 1347 1750 διά
1379 1710 1518 1749 ταῦτα
1548 1709 1690 1750 τοίνυν

253 1771 328 1812 καί
359 1770 437 1827 τήν
471 1773 547 1813 τοῦ
591 1775 796 1825 βασιλέως
823 1773 1122 1828 προσεδρείαν,
1157 1773 1236 1826 οὐχ
1267 1769 1415 1829 ἥκιστα
1445 1775 1491 1815 δὲ
1518 1770 1593 1827 τὴν
1619 1771 1691 1814 ἐπὶ

253 1839 430 1894 μαλακῷ
463 1836 635 1895 θανάτῳ
681 1840 726 1889 ἐξ
771 1834 1005 1891 ἀνθρώπων
1045 1839 1250 1894 α’φάνισιν
1297 1841 1373 1881 τοῦ
1397 1840 1469 1893 τῆς
1496 1841 1534 1881 Γ
1531 1836 1751 1893 άγγραςα5

350 1939 401 1972 15.
424 1936 579 1983 ἐγνώκει
604 1949 671 1971 om.
696 1939 735 1971 A.
811 1951 860 1985 ¹7·
883 1939 954 1984 μὲν
978 1934 1058 1985 οὖν]
1081 1941 1177 1984 γοῦν
1203 1940 1242 1972 Α.
1342 1950 1391 1984 ¹9.
1415 1937 1622 1984 προΐεσθαι
1643 1938 1685 1972 A.

252 2038 596 2083 expedit10.castris
625 2039 734 2083 igitur
749 2040 787 2072 in
813 2039 850 2072 id
874 2039 1044 2084 oppidum
1074 2039 1258 2072 translatis
1282 2037 1380 2084 quod
1407 2039 1484 2083 ipse
1508 2038 1554 2070 ad
1565 2038 1684 2082 Rhyn-

252 2085 380 2118 dacum
402 2085 550 2118 ssuvium
575 2089 775 2126 struxerat,
810 2086 1078 2119 Muchumetum
1102 2086 1236 2118 maiore
1265 2085 1399 2130 impetu
1425 2084 1592 2126 adortus,
1617 2085 1686 2118 Ca-

251 2137 412 2165 stamone
438 2137 672 2176 recuperata,
699 2143 745 2164 ne
765 2111 870 2176 'Gang
861 2143 910 2164 ra
952 2132 1098 2177 quidem
1123 2132 1327 2172 abstinuit,
1353 2142 1425 2164 una
1453 2142 1496 2163 ex
1520 2131 1684 2165 maximis

252 2184 290 2211 et
314 2178 563 2211 illustrissimis
599 2157 702 2210 Ponti
725 2178 893 2219 urbibus,
927 2189 1019 2223 quae
1046 2190 1120 2211 non
1142 2179 1193 2211 ita
1225 2177 1364 2222 pridem
1387 2189 1407 2210 a
1437 2177 1550 2211 Persis
1575 2178 1684 2212 suba-

251 2230 310 2258 cta
345 2225 473 2257 fuerat.
533 2224 586 2271 (6)
627 2224 683 2256 Ibi
715 2236 794 2257 cum
830 2235 927 2257 more
962 2225 1051 2258 belli
1083 2224 1289 2257 suburbana
1314 2225 1432 2256 omnia
1459 2224 1682 2267 subegisset,
1715 2225 1719 2231 '

249 2271 365 2316 ipsam
400 2270 525 2304 urbem
563 2270 732 2315 operibus
780 2271 902 2303 cinxit.
930 2282 1010 2303 cum
1046 2277 1164 2304 antem
1194 2272 1317 2303 Persae
1342 2271 1404 2315 qui
1431 2270 1528 2303 intus
1554 2276 1702 2312 erant„

251 2318 337 2350 elati
365 2317 512 2358 animis,
541 2317 748 2362 imperatori
771 2318 870 2350 urbis
897 2317 996 2351 aditu
1021 2318 1120 2350 nulla
1148 2317 1313 2362 pactione
1341 2316 1519 2357 cederent,
1546 2317 1682 2351 milites

251 2374 330 2396 eam
363 2375 493 2396 corona
520 2364 761 2406 circumdant3
785 2364 929 2396 moenia
946 2389 956 2405 ,
985 2375 1055 2409 qua
1077 2364 1273 2409 oppugnari
1298 2368 1475 2408 poterant,
1505 2363 1680 2397 arietibus

251 2410 479 2443 continenter
503 2411 719 2454 percutiunt.
747 2410 811 2443 sed
837 2422 915 2442 cum
944 2421 984 2443 ea
1013 2421 1050 2443 re
1075 2410 1121 2442 ob
1145 2410 1492 2455 propugnaculorum
1510 2410 1620 2442 robur
1643 2415 1681 2443 et

250 2456 409 2490 hostium
432 2457 665 2502 pertinaciam
693 2468 815 2501 parum
846 2457 1035 2501 proficeret
1061 2457 1274 2501 imperator,
1303 2456 1441 2489 omissis
1468 2455 1679 2497 moenibus,

252 2513 335 2536 saxa
360 2503 398 2535 in
424 2502 552 2544 aedes,
583 2514 675 2548 quae
701 2514 718 2536 e
744 2502 897 2535 collibus
920 2504 959 2536 in
985 2502 1115 2548 quibus
1140 2508 1252 2536 castra
1280 2507 1381 2535 erant
1406 2502 1679 2546 conspicieban-

249 2553 331 2591 tur,
356 2549 504 2582 iaculari
530 2550 698 2583 instituit.
724 2550 787 2594 qui
812 2550 920 2593 igitur
952 2549 1124 2582 machinis
1153 2554 1364 2594 praeerant,
1389 2548 1526 2593 lapides
1553 2554 1680 2582 rotun-

251 2595 316 2629 dos
341 2601 378 2629 et
399 2596 496 2629 leves
519 2595 566 2629 ob
604 2601 788 2641 patentem
811 2601 1038 2641 prospectum
1066 2607 1173 2640 quam
1196 2596 1401 2639 longissime
1429 2595 1648 2628 eiaculantes
1666 2619 1678 2636 ,

250 2648 291 2675 ut
313 2643 488 2684 volitare,
523 2654 596 2675 non
624 2654 643 2675 e
672 2642 845 2675 machinis
881 2643 998 2675 excuti
1026 2642 1256 2682 viderentur,
1284 2641 1407 2674 domos
1431 2641 1677 2686 quassabant3

251 2699 344 2733 quae
370 2690 474 2722 tectis
502 2688 689 2722 confractis
718 2694 914 2734 prostratae
953 2688 1173 2722 habitatores
1198 2688 1457 2733 opprimebant.
1482 2687 1533 2720 lta
1557 2698 1602 2721 ne
1630 2697 1678 2720 ue

249 2746 314 2780 per
340 2736 435 2770 vicos
459 2736 609 2769 transire
636 2741 753 2769 tutum
778 2741 863 2776 erat,
892 2741 926 2768 et
954 2735 1051 2770 domi
1075 2745 1112 2768 se
1138 2736 1324 2768 continere
1348 2734 1595 2779 periculosius.
1642 2733 1656 2766 i
