1878 3230
261 153 371 221 482
665 167 894 210 mem-AR
932 163 1248 210 cnomATAE

260 273 418 314 οἰκείων
446 269 634 319 συνέλεγε
662 266 833 319 χώρων·
893 267 965 307 καί
988 263 1116 307 ἔλαθε
1146 263 1217 307 διὰ
1247 267 1595 320 σμικροπρὲπειαν
1619 268 1690 308 καί

260 333 388 383 ἄλλας
413 335 494 386 μὲν
522 330 661 380 πόλεις
682 328 1049 385 καλ-τιμησάμενος,
1080 332 1129 372 αἳ
1154 329 1242 372 κατ’
1273 331 1491 384 Ἀγχίαλον
1516 333 1691 389 συνῳκιά

259 404 396 452 ζοντο,
434 394 569 453 ἑαυτῷ
608 396 653 437 δὲ
692 393 877 448 μάλιστα
917 398 988 437 καί
1012 393 1237 449 Ῥωμαίοις
1279 394 1569 448 ἐκπολεμώσας
1593 395 1691 447 τούς

256 463 356 506 κατὰ
406 461 479 504 τὸν
517 456 660 514 Αἷμον
694 459 740 503 τὸ
783 456 878 514 ὅρος
915 459 1183 517 βαρβάρους,
1229 460 1271 502 οἳ
1304 462 1457 504 Μυσοί
1494 460 1690 516 πρότερον

254 527 514 581 ὠνομάζοντο
526 560 538 580 ,
579 527 671 568 νυνί
712 527 758 568 δὲ
789 525 954 580 mayoc
995 525 1289 581 κικλήσκονται.
1346 521 1459 568 οὗτοι
1487 524 1567 580 γάρ
1597 528 1725 575 ταΐς5

252 591 512 647 δυσχωρίαις
558 589 819 644 πεποιθότες,
869 593 942 633 καί
966 597 1050 641 τοῖς
1079 592 1299 647 φρουρίοις
1327 590 1632 646 θρασυνόμενοι
1662 588 1692 633 ἃ

251 656 427 701 πλεῖστά
459 660 504 700 τέ
533 659 615 699 εἰσι
653 658 726 699 καί
763 656 873 711 ὀρθά
908 660 995 699 κατ’
1039 655 1277 710 α’ποτόμους
1318 658 1485 710 κειζιιενα
1513 657 1692 711 πέτρας,

252 727 325 767 καί
349 720 493 766 ἄλλοτε
525 725 605 777 μὲν
633 722 738 765 κατὰ
755 721 972 777 Ῥωμαίων
1001 720 1367 779 ἐμεγαλαύχησαν,
1396 719 1487 764 τότε
1517 722 1563 763 δὲ
1589 721 1693 776 πρὸ·

250 806 382 846 φασιν
410 788 648 844 εὑρηκότες,
691 787 715 831 ὃ
744 787 795 844 ὀὴ
826 791 997 843 λέγεται,
1033 788 1279 844 Πάτροκλον
1310 786 1387 842 τήν
1419 789 1503 829 τῶν
1532 787 1692 829 οἰκείων

250 853 505 911 θρεμμάτων
541 853 764 910 ἀπαγωγήν
803 853 875 896 καὶ
904 852 1085 897 κάκωσιν
1128 852 1317 905 ἑαυτῶν,
1360 854 1403 902 ἐς
1430 852 1691 894 ἀποστασίαν
1708 867 1755 893 10

126 927 161 962 Ρ.
173 926 236 973 ²37
252 918 450 975 λαμπρὰν
491 921 808 975 α’νεσκίρτησαν.
885 915 993 974 ἦσαν
1020 920 1067 961 δὲ
1104 917 1142 960 οἱ
1169 920 1243 961 τοῦ
1271 919 1403 959 κακοῦ
1430 914 1694 972 πρωτουργοὶ

251 986 323 1028 καί
348 984 392 1028 τὸ
423 984 544 1035 ἔθνος
573 982 668 1027 ὅλον
695 986 987 1034 α’νασεὼαντες
1025 987 1191 1040 Πέτρος
1218 1000 1281 1034 τις
1311 982 1383 1026 καί
1403 982 1558 1036 Ἀσάν,
1590 981 1691 1035 ὅμο-

248 1057 376 1106 γενεΐς
415 1053 487 1093 καί
531 1050 835 1106 ταυτόσποροι,
876 1050 919 1092 oi?
953 1052 1026 1092 καί
1065 1050 1125 1106 μὴ
1155 1052 1332 1106 δρῶντες
1359 1047 1432 1104 τὴν
1457 1049 1693 1102 νεωτὲρισιν

252 1113 567 1174 ἀπροφάσιστον
607 1117 806 1173 προσίασι
843 1119 1023 1171 ,βασιλεῖ’
1043 1117 1304 1173 σκηνουμένῳ
1332 1116 1376 1156 ἐν
1404 1119 1490 1163 τοῖς
1519 1115 1694 1166 Κυψέλ-

252 1188 362 1236 λοις,
395 1181 633 1235 αἰτούμενοι
662 1184 1101 1238 συστρατολογηθῆναι
1117 1182 1342 1234 Ῥωμαίοις
1369 1180 1441 1223 καὶ
1469 1175 1539 1221 διὰ
1571 1181 1691 1232 βασι·
1709 1182 1755 1224 ι5

249 1249 362 1290 λείου
390 1245 635 1303 γράμματός
674 1263 795 1304 σφισι
826 1250 1120 1302 βραβευθῆναι
1145 1247 1305 1302 χωρίον
1331 1262 1370 1288 τι
1397 1242 1692 1301 βραχυπρόσο-

247 1315 318 1356 δον
345 1313 451 1356 κατὰ
479 1311 553 1355 τὸν
577 1309 720 1367 Αἷμον
746 1315 944 1366 κειῖιιενον.
980 1315 1072 1356 u‘w
1099 1314 1308 1367 α’πέτυχον
1337 1314 1413 1354 τοῦ
1440 1311 1684 1366 αἰτήματος·

247 1373 299 1434 ἦν
323 1377 402 1434 γὰρ
431 1377 458 1434 ἧ
487 1380 583 1421 θεία
612 1380 934 1435 ἐπικρατεστέρα
962 1380 1135 1433 κίνησις.
1165 1376 1506 1432 ὕπετοι·θόρυσαν
1532 1370 1607 1418 οὖν
1636 1376 1691 1427 ὥς

246 1444 546 1501 παροφθέντες,
563 1444 728 1494 εἰκαίως
747 1446 793 1487 δὲ
818 1444 890 1486 καί
906 1443 980 1500 τὴν
997 1443 1161 1499 αἴτησιν
1175 1443 1543 1496 ἐπανατεινάμενοι
1563 1444 1692 1498 παρέ-

248 1507 409 1552 πτυσάν
436 1525 476 1552 τι
513 1511 588 1552 καί
613 1508 728 1564 ῥῆμα
754 1508 1019 1566 θερμότερον,
1046 1509 1123 1565 τὴν
1149 1511 1405 1568 ςίποστασίαν
1433 1507 1694 1564 ὗπεμφαῖνον
1704 1522 1756 1548 ao

247 1574 321 1618 καί
346 1572 426 1617 ὅσα
453 1575 694 1625 ἐπανιόντες
720 1574 858 1618 οἴκαδε
886 1574 1114 1630 δράσουσι,
1152 1578 1225 1617 καί
1251 1573 1412 1616 τούτων
1448 1573 1631 1627 μάλιστα
1671 1569 1693 1614 ὁ

241 1639 372 1684 Ἀσάν
398 1641 422 1682 ὅ
450 1643 525 1683 καί
548 1639 808 1696 θρασύτερος
836 1643 908 1683 καί
925 1640 1151 1697 ω’μότερος,
1178 1639 1225 1691 ὃς
1253 1642 1326 1682 καί
1360 1637 1551 1682 τύπτεται
1582 1637 1687 1680 κατά

209 1708 328 1750 Βτῶν
348 1707 584 1762 προσώπων
606 1708 782 1765 ἑπιταγῇ
802 1708 876 1749 τοῦ
893 1704 1270 1763 σεβαστοκράτορος
1281 1702 1489 1758 Ἰωάννου,
1519 1707 1692 1759 ἐπιπλη-

341 1841 375 1864 2.
394 1827 486 1875 κατ’]
511 1829 600 1874 περὶ
616 1828 684 1872 τήν
707 1828 828 1875 α’χελώ
861 1829 1074 1865 διάκεινται
1099 1831 1134 1863 B.
1282 1840 1332 1864 ιι.
1359 1830 1582 1874 πρωταίτιοι
1624 1828 1691 1861 καὶ

342 1877 586 1921 πρωτουργοὶ
610 1877 645 1910 Β.
792 1878 840 1911 18.
867 1876 1173 1923 ι’πετονθόρυζον
1198 1877 1237 1910 Α.
1362 1887 1410 1921 ¹9·
1435 1875 1597 1923 εἰκαίως]
1623 1876 1688 1908 καὶ

341 1923 493 1960 εἰκαίως
525 1920 593 1965 τήν
615 1923 654 1955 A.

251 2022 356 2054 brare
393 2022 603 2057 reformidat
635 2028 671 2057 et
712 2029 872 2069 sumptus
901 2024 982 2056 illos
1022 2023 1066 2057 ab
1096 2022 1245 2056 urbibus
1276 2027 1311 2056 et
1338 2022 1532 2067 provinciis
1557 2023 1689 2055 affatim

253 2068 383 2111 exigit,
409 2080 489 2102 cum
512 2070 601 2103 alias
631 2070 761 2111 urbes,
787 2071 997 2115 praesertim
1026 2069 1200 2102 Anchialo
1227 2069 1416 2109 finitimas,
1443 2068 1588 2109 afflixit,
1613 2073 1690 2102 tum

252 2114 423 2147 barbaros
450 2115 575 2148 Haemi
599 2118 730 2150 montis
760 2118 897 2149 accolas
923 2116 992 2149 sibi
1019 2121 1056 2149 et
1072 2118 1238 2150 Romano
1264 2116 1413 2160 imperio
1438 2114 1690 2148 infestissimos

254 2159 425 2200 reddidit,
452 2162 514 2205 qui
540 2163 626 2196 olim
656 2164 770 2206 Mysi,
796 2175 892 2196 nunc
915 2162 1037 2195 Blachi
1062 2163 1302 2195 nominantur.
1329 2161 1367 2194 hi
1391 2160 1487 2193 enim
1515 2162 1689 2204 angustiis

254 2212 290 2239 et
314 2207 470 2239 castellis
496 2208 599 2249 freti,
626 2221 718 2253 quae
744 2211 897 2253 plurima
934 2209 1071 2242 habent
1093 2209 1293 2253 praeruptis
1318 2208 1410 2240 saxis
1435 2206 1662 2241 inaedificata
1678 2234 1689 2249 ,

254 2264 332 2285 cum
372 2253 470 2296 prius
503 2255 610 2287 etiam
635 2257 810 2288 Romanos
844 2267 968 2300 parum
993 2261 1182 2295 curarent,
1217 2260 1291 2287 tum
1315 2265 1378 2299 per
1405 2264 1546 2286 causam
1570 2253 1688 2288 abacti

254 2299 391 2344 pecoris
418 2305 455 2332 et
477 2301 707 2335 vexationum
732 2313 820 2346 quas
855 2303 1069 2335 tolerassent
1094 2307 1216 2346 aperte
1241 2300 1459 2333 defecerunt.
1486 2299 1562 2333 eius
1587 2300 1689 2333 defe-

254 2345 383 2378 ctionis
412 2345 593 2391 principes
620 2354 656 2380 et
683 2354 845 2382 auctores
872 2350 971 2381 fuere
1001 2349 1072 2381 duo
1101 2359 1143 2380 ex
1170 2348 1232 2379 illa
1260 2352 1364 2390 gente
1393 2346 1542 2387 fratres,
1566 2347 1687 2381 Petrus

255 2397 290 2424 el.
312 2393 424 2433 Asan3
449 2393 512 2437 qui
534 2404 581 2426 ne
603 2394 680 2427 sine
709 2406 813 2427 causa
831 2407 885 2427 res
909 2406 1017 2427 novas
1041 2394 1159 2427 moliri
1182 2393 1410 2433 viderentur,
1436 2393 1686 2437 imperatorem

254 2438 429 2482 Cypsellis
467 2438 655 2482 degentem
686 2441 822 2474 adeunt
840 2467 848 2481 ‚
880 2446 1044 2485 petentes
1083 2446 1123 2472 ut
1147 2441 1182 2472 in
1210 2441 1384 2472 Romanas
1409 2439 1567 2483 legiones
1594 2441 1689 2472 rese-

256 2490 389 2525 rantur,
418 2489 454 2519 et
478 2485 549 2518 sibi
573 2487 759 2530 praedium
789 2488 904 2531 exigui
933 2488 1068 2520 reditus
1094 2487 1132 2518 in
1156 2487 1291 2518 Ilaemo
1317 2491 1438 2518 monte
1467 2487 1574 2519 situm
1599 2487 1687 2519 assi-

255 2536 391 2575 gnetur.
419 2542 460 2563 ea
485 2543 521 2564 re
545 2543 616 2565 non
644 2534 834 2578 impetrata
862 2534 958 2578 (nam
984 2533 1138 2566 fatorum
1165 2533 1217 2566 vis
1242 2532 1470 2577 prudentiam
1494 2532 1686 2566 humanam

255 2577 462 2625 superabat)
489 2578 827 2612 submurmurabant
852 2586 892 2613 ut
915 2579 1111 2624 contempti
1129 2583 1164 2612 et
1182 2579 1256 2612 voti
1280 2580 1452 2624 impotes;
1478 2584 1513 2612 et
1539 2579 1687 2613 verbum

256 2623 427 2658 audacius
465 2626 679 2667 emiserunt,
720 2638 791 2671 quo
834 2626 1072 2664 desectionem
1105 2631 1142 2659 et
1167 2637 1207 2658 ea
1242 2637 1334 2670 quae
1376 2626 1521 2658 domum
1555 2627 1686 2659 reversi

255 2671 371 2704 acturi
397 2677 514 2705 essent
537 2673 756 2713 innuebant,
792 2674 884 2706 Asau
913 2673 1141 2717 praesertim,
1171 2671 1277 2705 homo
1302 2671 1472 2705 audacior
1500 2678 1536 2705 et
1560 2672 1687 2705 crude-

257 2717 347 2758 lior,
383 2718 439 2750 cui
478 2717 525 2752 ob
559 2718 817 2764 impudentiam
856 2719 1026 2759 {ohannis
1052 2719 1350 2754 Sebastocratoris
1388 2720 1486 2753 iussu
1516 2718 1686 2765 colaphus
