1838 3210
268 184 360 223 VIII
679 180 907 220 FABROTI
956 178 1185 220 DEDICAT
1187 178 1259 220 10.

268 287 413 324 frustra
449 298 529 324 esse
564 297 630 322 eos
675 284 744 335 qui
783 279 936 320 Gallico
980 281 1149 333 imperio
1187 279 1285 319 fines
1331 284 1536 330 statuunt,
1579 280 1686 333 quod

265 355 475 394 Gallorum
503 354 629 393 virtus
651 353 794 391 invicta
820 365 899 390 non
930 350 1074 389 finibus
1098 352 1213 390 certis
1240 349 1312 390 sed
1338 349 1435 389 orbe
1453 349 1685 391 claudatur.

265 427 308 465 hi
339 424 579 465 Germaniae
606 420 804 475 principes
831 421 949 459 armis
979 419 1187 458 Gallorum
1214 419 1443 458 victricibus
1472 418 1683 458 exterritos

263 495 459 549 quievisse
489 492 669 531 neutrive
697 490 801 543 parti
817 503 899 529 sese
920 489 1113 528 addixisse
1141 488 1330 541 tradent3
1361 502 1441 541 quo
1468 489 1572 528 facto
1606 489 1684 529 sihi

263 563 506 618 posterisque
533 560 614 600 suis
644 559 868 600 consultum
904 558 1064 598 iverunt
1095 565 1135 598 et
1156 558 1432 615 *imminentem
1458 559 1575 599 rebus
1602 559 1684 599 suis

263 634 414 673 exitum
453 630 705 685 depulerunt.
746 629 790 669 hi
820 627 956 668 Gallos
998 629 1120 682 copiis
1157 628 1276 683 longe
1313 630 1482 683 impares
1519 629 1683 670 classem

261 703 445 742 hostilem
489 702 682 742 devicisse
707 699 1018 754 praedicabunt,
1062 707 1101 738 et
1131 713 1197 738 eos
1227 701 1296 753 qui
1323 700 1373 739 de
1400 701 1525 754 gloria
1553 708 1685 741 certa-

260 780 374 812 turos
402 785 442 811 se
468 772 692 825 putabant,
721 770 855 809 statim
884 769 960 808 sibi
990 768 1040 808 de
1060 768 1187 808 salute
1216 769 1448 809 certandum
1476 770 1687 811 intellexis-

260 857 328 893 se,
357 844 514 883 tametsi
541 841 710 896 superba
740 842 850 881 natio
877 854 996 881 naves
1022 840 1212 890 solvisset,
1241 847 1287 879 ut
1314 842 1424 895 quasi
1450 855 1516 895 per
1544 841 1684 881 ludum

260 914 469 966 iocumque
488 913 658 951 Gallicas
687 911 937 963 deprimeret.
994 909 1098 948 Galli
1127 924 1210 949 non
1245 924 1411 950 numero
1437 911 1505 951 sed
1533 912 1686 952 virtute

261 991 485 1023 censentur.
513 982 606 1021 hinc
633 982 779 1020 feroces
808 979 1000 1019 exercitus
1028 993 1144 1032 saepe
1177 980 1227 1019 ab
1257 978 1321 1018 his
1349 987 1592 1034 expugnatos
1622 981 1686 1021 vi-

259 1055 377 1101 deas,
425 1053 516 1092 hinc
537 1054 658 1092 etiam
695 1058 896 1090 terrestres
929 1049 1062 1103 copias
1098 1051 1138 1088 in
1169 1063 1278 1102 spem
1306 1050 1500 1091 victoriae
1530 1058 1684 1091 erectas

263 1111 323 1161 ob·
347 1129 595 1176 superantem
630 1119 931 1159 multitudinem
978 1117 1127 1158 deletas
1154 1120 1404 1172 attritasque.
1445 1127 1538 1159 eant
1576 1135 1686 1160 nuuc
1725 1108 1728 1109 ⁷

260 1194 328 1246 qui
357 1199 463 1231 retro
506 1198 731 1243 temporum
766 1191 965 1229 ministros
999 1188 1184 1228 laudibus
1214 1190 1256 1228 in
1284 1189 1442 1229 coelum
1473 1190 1681 1231 extollunt.

259 1263 348 1313 Tu,
392 1261 638 1301 CAnnmAms
666 1258 1007 1309 meneu‘rrssms,
1049 1273 1140 1298 cum
1180 1259 1283 1299 fasce
1321 1274 1522 1299 armorum
1553 1260 1684 1314 plures

262 1335 396 1372 vinces
436 1345 554 1384 quam
583 1330 650 1369 alii
677 1328 878 1383 explicatis
914 1330 1048 1369 armis.
1105 1331 1170 1370 Tu
1202 1330 1336 1370 vivida
1366 1338 1499 1370 mente
1526 1331 1615 1370 Tua
1643 1338 1684 1371 et

259 1403 387 1455 sagaci
425 1399 594 1440 consilio
636 1400 718 1454 regi
766 1400 1122 1450 Christianissimo,
1168 1414 1286 1453 quem
1314 1400 1393 1439 iam
1419 1400 1554 1454 populi
1581 1415 1684 1454 pene

259 1486 395 1510 omnes
421 1470 618 1519 adorant,
665 1470 801 1524 plures
845 1471 1070 1524 triumphos
1098 1470 1255 1523 parabis
1283 1485 1404 1524 quam
1432 1471 1500 1510 alii
1527 1471 1568 1511 vi
1595 1486 1683 1511 ma-

260 1556 404 1595 nuque.
432 1555 554 1594 perge
593 1535 712 1584 md'do
752 1542 812 1581 rei
841 1542 1024 1595 publicae
1053 1542 1270 1581 litterariae
1297 1542 1480 1595 prodesse
1506 1549 1544 1580 et
1570 1541 1682 1582 litte-

261 1614 355 1651 ratis
384 1611 612 1651 hominibus
640 1611 803 1664 favere,
834 1613 917 1651 sine
941 1613 1086 1665 quibus
1119 1604 1298 1652 virorum
1325 1612 1537 1651 illustrium
1564 1611 1681 1663 facta,

261 1684 391 1723 statim
421 1691 540 1736 atque
564 1683 738 1722 animam
768 1684 1061 1736 deposuerunt,
1099 1684 1370 1733 intercidunt,
1397 1688 1439 1723 et
1469 1696 1561 1720 cum
1587 1697 1680 1722 cor-

262 1768 361 1807 pore
389 1767 554 1807 magnae
578 1766 738 1806 quoque
765 1753 918 1792 animae
944 1753 1231 1807 extinguuntur
1247 1784 1260 1805 ‚
1288 1753 1384 1793 dum
1412 1752 1592 1793 silentur.

519 1844 598 1884 EM
603 1842 866 1884 INENTIAE
894 1842 1048 1883 TUAE

858 2222 1148 2265 addictissimus

695 2302 893 2339 CAROLUS
924 2305 1119 2338 ANNlssAL
1149 2303 1390 2338 FABROTUS.
