1878 3230
299 193 415 247 668
707 207 933 248 ΝῙΟΕΤΑΕ
972 207 1283 248 cnoNiATAss

288 326 354 363 -ρυ
382 306 739 360 διαγκωνίζεσθαι,
757 304 813 353 ὥς
829 307 897 357 ,,εἰ
915 299 1013 346 οὗτο
1030 303 1247 358 ἁλώσεται,
1266 305 1340 346 οὐκ
1355 303 1465 346 ἔστιν
1482 301 1591 354 ὅστις
1611 308 1653 354 ές
1672 305 1718 347 τὸ

297 371 390 425 ἑξῆς
410 367 707 422 ἀντιστήσεται.
732 372 805 410 καί
823 365 956 418 ἄλλως
980 371 1024 410 δὲ
1051 371 1096 410 τί
1107 367 1151 410 τὸ
1173 369 1501 422 προσιστάμενον
1528 369 1584 424 μὴ
1615 369 1719 412 :eard

297 439 373 479 ποῦ’
394 433 559 489 καιρίου
586 435 741 488 μέρους
766 436 916 476 αὐτίκα
941 440 1108 489 χωρεῖν,
1138 434 1228 475 ἀλλ’
1258 435 1303 475 ἐκ
1331 432 1532 489 περιόδων
1558 437 1631 476 καί
1654 436 1724 476 κὺ-

298 505 404 542 κλων
417 501 694 554 μετέρχεσθαι
707 498 751 541 τὸ
773 501 965 552 πολέμιον
982 517 994 551 3
1016 499 1120 553 πρὸς
1138 500 1183 540 δὲ
1202 499 1364 548 τούτοις
1382 498 1445 548 τίς
1467 494 1519 540 ἂν
1538 500 1724 550 α’νέξεται

297 564 402 615 ὅλως
430 570 521 613 ταῖς
547 568 825 619 βαρβαρικαῖς
855 565 1029 614 ταύταις
1062 566 1134 606 καί
1153 563 1429 618 α’χαριτιότοις
1454 564 1616 618 χώραις
1635 565 1760 610 dra-5

294 631 450 683 τρίβειν
477 629 548 671 έπί
573 628 676 671 πολύ
707 631 758 671 δι’
791 630 910 671 οὐδὲν
937 626 965 684 ἦ
992 628 1143 683 μικρὸν
1178 626 1339 686 ὄφελος,
1367 630 1439 684 τῆς
1466 631 1548 671 τῶν
1573 628 1726 672 συκίων

295 696 370 735 καί
397 695 480 736 τῶν
506 691 695 736 πεπόνων
731 691 846 748 ὧρας
887 695 1165 749 ἔφισταμένης
1191 697 1263 735 καί
1292 696 1374 735 τῶν
1410 689 1547 735 ἄλλων
1573 709 1726 748 περκα-

298 758 452 809 ζόντων
480 756 647 814 ὦραίων
674 761 747 813 τῆς
775 762 859 812 γῆς,
890 755 951 807 οἷς
978 759 1256 814 ὖπερβέβριθε
1281 757 1522 814 Προποντὶς
1549 755 1628 800 ὅσα
1655 759 1728 800 καί

296 823 548 878 παράδεισος
589 826 701 878 χειρὶ
742 825 846 864 θεοῦ
883 823 1122 878 φυτευθείς.
1181 822 1269 865 εἴθε
1297 823 1379 864 ὑπὸ
1410 822 1536 865 πλακί
1557 823 1725 877 Ῥηγίου

260 891 518 943 (ἶγενοίμεθα
546 890 620 929 καί
647 886 889 944 Ἀφάμειαν
908 891 1187 942 θεασαίμεθα,
1211 886 1322 937 ὅπως
1343 887 1634 942 προσείποιμεν
1653 886 1727 943 τήν
1744 906 1791 934 ιο

296 953 418 1010 ἱερὰν
445 953 907 1007 Κωνσταντινούπολιν,
936 954 1127 995 κάκεῖθεν
1158 956 1201 1003 ές
1225 953 1276 995 τὰ
1309 956 1382 994 τοῦ
1409 952 1487 1008 πρὸ
1513 955 1585 995 τοῦ
1606 953 1726 996 Πόν-

295 1035 370 1061 του
404 1017 594 1074 τρυφερά
639 1020 778 1074 χωρία
815 1017 1282 1074 προσαναπλεύσαιμεν,
1327 1016 1430 1060 ἔνθα
1469 1020 1621 1073 πραεῖά
1664 1035 1726 1068 τις

298 1081 411 1138 αὔρα
457 1084 620 1138 βόρειος
675 1086 746 1126 καί
789 1086 988 1138 ζωογόνος
1026 1083 1278 1139 προσβάλλει
1322 1082 1392 1124 διὰ
1441 1081 1616 1135 παντός,
1657 1085 1729 1125 καί

297 1149 446 1203 ἰχθύες
473 1153 632 1197 νεαλεῖς
660 1151 990 1204 περισκαίρουσι,
1021 1149 1092 1190 καί
1119 1150 1305 1204 δελφῖνες
1333 1145 1502 1203 ἥδιστον
1532 1148 1726 1204 ‹Eva-9900(-

296 1229 442 1256 σκουσι
471 1217 656 1267 λουτρῶν
681 1229 725 1255 τε
755 1214 927 1268 χάριτες
960 1215 1204 1267 διαγελῶσιν
1233 1212 1467 1269 ἁπανταχῇ,
1497 1214 1570 1255 καί
1597 1212 1790 1268 α’ργύ-ιό

298 1296 374 1332 ρεα
402 1276 650 1331 πλανώμενα
676 1276 810 1319 ὕδατα
839 1277 908 1319 τὸν
937 1277 1094 1332 θεατὴν
1125 1280 1365 1331 διαχέουσι,
1398 1277 1470 1320 καί
1495 1277 1571 1327 τοὶς
1598 1275 1726 1327 ἇκοὰς

295 1347 382 1386 τῶν
410 1345 533 1398 δεῦρο
561 1345 722 1384 κάκεῖσε
753 1341 1090 1398 περιφοιτιόντων
1122 1340 1285 1385 ἑστιῶσι
1315 1346 1618 1398 κατακηλοῦσαι
1645 1360 1726 1385 κω-

296 1410 514 1450 τίλλουσαι
540 1406 752 1461 χελιδόνες
779 1406 853 1449 καί
877 1405 1156 1460 μελεάζουσαι
1186 1405 1360 1461 αἠδόνες
1385 1410 1456 1449 καί
1479 1409 1560 1450 πᾶν
1589 1412 1726 1463 ἓτερον

296 1467 500 1531 ἄλλῃκαί
525 1469 625 1529 ἄλλῃ
655 1473 803 1527 τρύζον
831 1473 875 1514 ἒν
903 1478 996 1521 ταῖς
1036 1471 1211 1526 λόχμαις
1239 1474 1312 1514 καί
1340 1475 1547 1527 τιτυβίζον
1574 1489 1725 1526 μουσι-

293 1538 369 1580 κόν
395 1538 582 1591 πτερόν.”
637 1534 718 1595 ὅλῳ
756 1539 896 1579 τοίνυν
923 1537 1074 1592 ῥυτῆρι
1115 1537 1219 1593 πρὸς
1244 1537 1318 1579 τὸν
1348 1537 1577 1592 Πρόσακον
1603 1541 1724 1594 φέρε-
1736 1556 1787 1583 20

295 1621 363 1646 ται
402 1600 617 1656 βασιλεύς,
654 1601 768 1657 εἴπερ
811 1604 855 1652 ἐς
879 1599 967 1644 ἴσον
1005 1604 1121 1659 αὐτῷ
1155 1604 1327 1658 κατέστη
1357 1605 1406 1659 τῇ
1434 1606 1513 1659 θέᾳ
1543 1602 1565 1644 ὅ
1595 1601 1724 1657 λόγος.

296 1667 398 1710 ὅθεν
421 1667 512 1710 τινα
550 1669 628 1721 μὲν
653 1666 839 1722 ἐρύματα
883 1666 1090 1722 πάρεργον
1117 1667 1220 1709 ὁδοῦ
1247 1667 1615 1724 κατεστράφησαν,
1643 1671 1723 1723 3η-

254 1735 449 1786 Βμωνίαι
477 1749 522 1774 τε
561 1734 730 1787 καρπῶν
768 1735 840 1774 καί
865 1731 961 1787 λήϊα
989 1733 1210 1788 πυροφόρα
1237 1731 1623 1790 κατῃθαλιόθησαν,
1651 1735 1725 1776 κατ’

297 1797 411 1854 παρὰ
441 1799 622 1853 Περσῶν
646 1793 834 1839 ἑάλωσαν
854 1795 1016 1850 Βλάχοι
1036 1797 1289 1853 δορύκτητοι,
1319 1795 1393 1846 οὒς
1419 1796 1440 1839 ὃ
1466 1800 1539 1853 τῆς
1565 1798 1721 1848 πόλεως

373 1910 418 1942 ,6.
444 1909 519 1941 τῶν
538 1918 594 1941 om
619 1906 729 1942 APW.
866 1920 900 1953 9.
927 1908 1057 1942 πλάκα
1080 1909 1120 1943 Α.
1259 1918 1314 1942 21.
1339 1907 1387 1946 ὥς
1411 1908 1541 1953 eluse?
1662 1909 1718 1944 23.

385 1954 606 2002 πυροφόρα]
631 1954 812 2002 ποηφόρα
837 1955 875 1987 A.

295 2067 384 2100 belli
410 2067 605 2109 invaderet,
630 2079 697 2101 nec
723 2068 918 2114 quidquam
943 2072 1036 2102 esset
1052 2067 1308 2113 quonhostem
1336 2078 1399 2112 per
1423 2066 1586 2111 ambages
1609 2077 1719 2111 quae-

295 2125 372 2146 rere
398 2120 547 2157 cogeret.
576 2121 759 2159 praeterea
785 2117 965 2149 neminem
1002 2126 1077 2147 esse
1103 2114 1165 2160 qui
1189 2116 1226 2147 in
1250 2113 1444 2147 barbaricis
1474 2119 1511 2147 et
1533 2112 1649 2147 foedis
1671 2113 1720 2146 il·-

295 2160 342 2192 lis
368 2160 457 2192 locis
481 2160 618 2194 diutius
642 2163 851 2195 commorari
875 2161 1074 2202 sustineat,
1108 2161 1209 2193 nullo
1235 2166 1298 2194 aut
1324 2160 1449 2204 exiguo
1478 2171 1556 2192 cum
1579 2159 1717 2200 fructu,

296 2206 425 2238 ficuum
451 2212 487 2239 et
506 2218 685 2251 peponum
709 2214 870 2253 tempore
904 2208 1084 2248 instante,
1111 2213 1148 2240 et
1169 2207 1317 2240 caeteris
1341 2206 1455 2251 pomis
1477 2211 1719 2238 maturescen-

296 2251 411 2291 tibus,
441 2252 571 2296 quibus
605 2255 790 2298 Propontis
822 2260 862 2288 ut
887 2254 1073 2298 paradisus
1102 2253 1161 2286 dei
1185 2253 1349 2286 manibus
1373 2252 1527 2284 consitus
1545 2250 1718 2284 abundet.

295 2297 477 2338 „utinam”
503 2299 677 2342 inquiunt*
695 2301 758 2341 „in
782 2299 906 2345 Rhegii
929 2300 1081 2345 planitie
1106 2310 1279 2340 essemus,
1308 2304 1343 2331 et
1355 2297 1572 2342 Aphameam
1593 2307 1719 2330 cerne-

296 2354 434 2383 remus,
475 2349 515 2376 ut
547 2356 642 2377 sacra
668 2346 771 2390 cpoli
797 2346 950 2380 salutata
973 2347 1012 2379 in
1034 2345 1258 2390 Propontidis
1278 2344 1508 2377 amoenitates
1533 2343 1718 2387 navigare-

295 2401 394 2430 mus,
419 2401 523 2434 quam
550 2390 649 2424 lenes
680 2398 716 2424 et
743 2391 916 2426 fecundae
942 2392 1130 2436 Aquilonis
1169 2401 1276 2424 aurae
1299 2390 1429 2433 iugiter
1450 2389 1624 2434 perflant,
1651 2389 1717 2423 uhi

294 2436 410 2480 pisces
452 2442 610 2470 recentes
648 2438 843 2481 palpitant,
877 2438 938 2472 uhi
973 2437 1160 2481 delphines
1196 2435 1452 2469 iucundissime
1477 2436 1627 2476 saltant,
1650 2435 1717 2468 ubi

295 2483 432 2516 lavacra
456 2483 586 2526 passim
615 2483 794 2524 arrident,
827 2483 891 2516 ubi
929 2483 1159 2527 limpidorum
1189 2482 1381 2517 rivulorum
1403 2482 1513 2516 flexus
1539 2487 1716 2526 spectato-

295 2527 618 2568 rem-exhilarant,
641 2529 704 2561 uhi
740 2529 884 2562 auribus
917 2528 1224 2561 obambulantium
1247 2529 1396 2572 garritus
1421 2527 1653 2562 hirundinum
1679 2533 1718 2562 et

295 2580 419 2608 cantus
441 2574 669 2607 lusciniarum
694 2581 984 2619 caeterarumque
1012 2574 1406 2608 aviumblandiuntur.''
1430 2575 1537 2619 igitur
1559 2575 1715 2618 impeta-

295 2627 352 2654 tor
376 2621 466 2653 laxis
503 2620 653 2653 habenis
691 2621 737 2654 ad
771 2621 956 2653 Prosacum
991 2621 1120 2661 fertur,
1157 2621 1259 2664 quasi
1296 2621 1407 2653 oculis
1433 2632 1474 2654 ea
1510 2625 1715 2665 usurpasset

296 2677 388 2711 quae
418 2667 562 2703 auribus
589 2672 783 2711 acceperat.
810 2666 926 2700 obiter
950 2672 1069 2700 tamen
1093 2667 1238 2700 castella
1264 2667 1440 2711 quaedam
1467 2677 1587 2700 eversa
1610 2671 1712 2706 sunt,

297 2719 334 2746 et
359 2713 485 2746 horrea
529 2718 566 2746 et
589 2719 724 2757 segetes
758 2713 944 2754 incensae3
971 2719 1006 2745 et
1033 2724 1052 2745 a
1076 2713 1207 2754 Persis,
1234 2724 1323 2758 quos
1341 2713 1543 2757 Ancyranus
1572 2718 1713 2757 satrapa

297 2759 502 2804 imperatori
535 2759 668 2793 auxilio
703 2760 864 2800 miserat,
890 2758 1010 2792 Blachi
1038 2759 1177 2803 aliquot
1201 2760 1306 2804 capti.
1331 2765 1405 2792 tum
1429 2758 1646 2792 orthodoxae
1670 2757 1713 2790 fi-
