1838 3210
429 170 499 208 DE
538 166 792 209 MANUELE
834 168 1092 211 comNENo
1135 172 1230 211 Lm.
1259 173 1309 211 v.
1495 155 1603 210 223

169 270 222 312 τιὶ
253 267 387 323 σμήνη
420 269 492 309 καί
521 270 703 324 φατρίας
731 267 805 323 τὴν
837 271 1160 313 Κωνσταντίνου
1197 274 1270 326 τῆς
1298 273 1449 322 οἰκείας
1477 274 1605 328 η’λλά-

169 341 312 387 ξαντο,
341 331 441 378 ὅθεν
467 331 715 387 ἁπανταχοῦ
753 334 826 388 τῆς
854 335 1175 389 τῶνῬωμαίων
1216 338 1477 393 ἐπικρατείας
1513 340 1605 382 δια-

167 401 417 456 σπαρέντες,
454 401 528 442 καί
551 397 678 452 μόνον
720 398 768 440 τὸ
809 399 892 441 ἀπὸ
932 402 1077 454 γένους
1103 396 1232 455 ὄνομα
1259 405 1606 459 παραμεμενηκός

169 466 311 514 αὐτοῖς
337 464 528 519 ἔχοντες,
569 463 621 507 τοὶ
653 466 689 506 δ’
717 460 824 506 ἄλλα
856 463 1071 521 σύμφυλοι
1109 461 1222 517 ὄντες
1248 467 1321 510 καί
1352 472 1469 524 φιλοι
1496 469 1604 512 πάνυ

136 530 391 584 5εΡωμαίοις
418 526 642 585 ηὕξοίνοντό
671 545 714 571 τε
746 528 819 570 καί
836 531 1076 582 ἑχυδάϊζον.
1134 533 1285 576 ου’κοῦν
1312 533 1385 575 καί
1406 538 1604 590 περιβαλ-

165 595 331 651 λόμενοι
358 596 536 637 πλοῦτον
561 594 694 637 πολύν
724 595 958 637 αΰθάὸειάν
986 611 1030 637 τε
1060 600 1135 639 καί
1161 598 1377 641 ἀναίδειαν
1401 602 1604 653 peasacm-

165 678 257 715 κον,
285 662 341 711 ὥς
371 660 431 716 μὴ
460 659 586 713 μόνον
624 661 835 716 α’ναρσίως
881 658 993 714 ἔχειν
1015 661 1250 715 ζΡωμαίοις
1289 660 1392 706 ἄλλα
1425 668 1498 707 καί
1523 669 1647 711 τῶνῡ

162 729 391 782 βασιλικῶν
417 727 734 782 α’νεπιστρόφως
773 726 954 767 ἀπειλῶν
977 742 1022 768 τε
1049 728 1123 769 καί
1141 729 1330 771 ἐντολῶν.
1388 735 1605 782 μεταλλοι-

164 799 211 835 οἴ
230 792 368 835 τοίνυν
405 790 480 841 τας
500 793 567 834 ἐπ’
607 791 752 840 αὐτοῖς
789 791 924 847 ῥοπάς
949 790 1174 846 βασιλεύς,
1211 793 1285 835 καί
1321 795 1397 836 νῦν
1423 797 1501 848 μὲν
1528 800 1606 839 τοῦ

105 878 150 903 ιο
164 857 264 901 κατὰ
301 860 528 913 Κέρκυραν
567 859 828 911 μεμνημένος
856 856 1239 913 ἐμπαροινήματος,
1279 861 1354 902 νῦν
1391 861 1427 901 δ”
1470 857 1601 903 ἄλλου

160 930 310 981 πεῖραν
345 924 570 978 λαμβάνων
606 924 750 975 κακοῦ,
782 918 910 973 αὖθις
939 925 976 964 ‹5’
1003 920 1146 979 ἑτέρου
1177 924 1250 966 καί
1285 929 1471 981 χείρονος
1499 944 1603 970 παν-

161 987 438 1046 ουργεύματος
482 987 557 1043 τήν
597 989 754 1030 ἐκείνου
800 988 1132 1042 διαρριπιζοντος
1167 989 1334 1045 ψυχήν,
1364 993 1424 1040 εἷς
1465 993 1604 1045 θυμὸν

160 1055 422 1111 ἐρρόχθησεν
451 1051 590 1110 ὥσπερ
636 1052 717 1095 ὑπὸ
748 1053 932 1095 Καικίου
957 1050 987 1108 ἢ
1015 1054 1248 1108 α’παρκτίου
1277 1053 1390 1110 ἅλμη
1417 1073 1603 1112 καταιγι-

161 1124 292 1171 ὸῶὃες
319 1124 392 1163 καί
418 1115 564 1176 ἄγριον
581 1121 784 1167 πνέοντος.
814 1119 888 1160 καί
915 1118 1061 1173 ἐπειδη
1085 1117 1136 1161 τὰ
1166 1120 1324 1163 τούτων
1350 1120 1601 1177 α’τοπὴματα

101 1189 147 1229 15
161 1183 399 1243 ὖπέραντλά
421 1186 460 1228 οἱ
479 1186 678 1238 ἐδέδοκτο,
697 1184 921 1241 γράμματα
941 1185 1119 1240 ἐφοίτων
1132 1183 1236 1227 κατὰ
1247 1188 1386 1229 πᾶσαν
1396 1185 1603 1243 ἐπαρχίαν

154 1251 398 1308 εΡωμαϊκὴν
426 1252 499 1307 την
534 1253 616 1294 τῶν
642 1252 873 1293 Βενετίκων
911 1248 1167 1304 κατάσχεσιν
1204 1251 1487 1306 ἐπιτείνοντα,
1530 1256 1605 1295 καὶ

158 1319 235 1374 την
263 1319 423 1374 ἡμέραν
452 1318 779 1371 διασημαίνοντα
821 1318 919 1357 καθ’
945 1314 996 1370 ἢν
1032 1314 1120 1357 ἔδει
1152 1318 1269 1359 τοῦτο
1309 1319 1504 1372 γενέσθαι
1530 1321 1605 1361 καὶ

158 1384 208 1427 τοὶ
243 1386 408 1427 ἐκείνων
446 1384 637 1426 ἐσεῖσθαι
675 1383 857 1437 δημόσια
890 1380 1102 1437 χρήματα.
1174 1381 1372 1439 ἐνστάσης
1413 1379 1487 1426 οὖν
1527 1386 1603 1439 τῆς

160 1449 418 1505 προθεσμίας
461 1446 571 1497 ἅπας
596 1449 862 1502 συνείληπτο,
895 1448 967 1489 καί
992 1450 1072 1490 τῶν
1097 1448 1319 1504 κτημάτων
1347 1451 1518 1498 ἐκείνοις
1546 1449 1600 1492 τὰ

97 1529 148 1555 20
158 1517 236 1571 μὲν
261 1513 349 1570 εἶχε
375 1515 420 1558 τὸ
449 1513 662 1568 βασιλικὸν
686 1513 1086 1569 θησαυροφυλάκιον
1114 1516 1413 1569 ξυνενεχθέντα
1428 1513 1599 1568 ὅπόθεν,

158 1580 211 1623 τὰ
239 1583 367 1623 πλείω
387 1582 433 1623 δὲ
448 1579 486 1622 οἱ
505 1581 809 1633 τοπαρχοῦντες
834 1577 1114 1629 ἐξιδιώσαντο.
1143 1579 1181 1621 οἱ
1200 1582 1236 1621 δ’
1254 1581 1298 1622 ἐν
1316 1581 1367 1637 τῇ
1387 1578 1505 1622 πόλει
1526 1580 1602 1630 τοῖς

159 1647 338 1701 οἰκήσεις
356 1645 519 1700 ἔχοντες
541 1646 774 1696 Βενέτικοι,
804 1645 878 1685 καί
903 1643 1064 1686 τούτων
1090 1643 1274 1698 μάλιστα
1305 1645 1343 1687 οἱ
1370 1645 1427 1701 μή
1452 1646 1601 1700 γάμοις

160 1711 416 1766 ὡμιληκότες
433 1745 445 1764 ,
493 1709 682 1763 δρασμὸν
708 1708 998 1763 βουλεύονται,
1026 1711 1100 1751 καί
1129 1710 1270 1765 ἐπειδὴ
1300 1717 1387 1760 τοῖς
1412 1711 1601 1766 νεωρίοις

161 1775 338 1832 ἐντόρμει
366 1779 440 1831 τῆς
469 1775 627 1824 πόλεως
653 1777 757 1824 ναῦς
781 1777 862 1816 τῶν
891 1778 1198 1830 τριαρμενίων,
1227 1771 1278 1831 ἧς
1309 1774 1361 1830 δὴ
1390 1780 1600 1830 πολυχαν-

250 1890 282 1930 4.
308 1886 455 1924 ἑαυτοῖς
478 1889 516 1920 A.
692 1879 737 1920 τὰ
769 1884 931 1939 δ’ὶᾶλλα]
969 1881 1063 1918 mera*
1103 1884 1143 1920 δὲ
1179 1886 1309 1931 φιλίας
1342 1887 1406 1920 καὶ
1433 1895 1600 1934 συμπεν-

250 1937 382 1978 θερίας
405 1933 710 1980 α’ναμεμιγμένοι
731 1942 825 1979 μετα
847 1931 989 1965 τούτων
1013 1933 1048 1963 Β.
1135 1944 1187 1966 ιι.
1213 1933 1537 1980 πανουργῆμοαος
1558 1935 1596 1968 Δ.

256 1983 305 2016 ιδ.
331 1982 636 2020 ξυνεπιτείνοντα
656 1981 695 2013 A.
766 1979 820 2024 24.
846 1980 938 2015 ναῦς
958 1978 1100 2024 μεγάλη
1124 1974 1352 2025 τριάρμενος
1376 1980 1412 2012 Β.

158 2078 354 2125 aliquando
377 2089 398 2110 a
422 2077 589 2111 Romanis
625 2076 671 2109 ob
697 2075 786 2110 belli
813 2075 950 2108 navalis
984 2075 1235 2108 necessitatem
1260 2078 1417 2121 suscepti
1443 2079 1596 2111 maximo

157 2136 306 2160 numero
321 2124 425 2170 Cpoli
451 2123 703 2164 consederunt,
730 2128 767 2156 et
783 2123 822 2155 in
838 2121 1004 2155 omnibus
1017 2123 1183 2155 Romanis
1207 2123 1402 2168 provinciis
1427 2123 1596 2169 dispersi,

156 2173 234 2207 solo
260 2177 400 2206 retento
423 2172 569 2204 nomine
592 2170 724 2211 veteri,
762 2168 997 2202 affinitatibus
1023 2169 1193 2202 amicitiis
1223 2170 1448 2215 caeterisque
1490 2170 1597 2204 rebus

157 2219 441 2253 coniunctissimi
454 2219 633 2260 Romanis,
652 2216 846 2250 admodum
862 2221 1070 2258 creverunt3
1088 2221 1125 2249 et
1136 2226 1279 2260 magnas
1296 2227 1382 2261 opes
1399 2218 1495 2250 nacti
1511 2229 1598 2251 con-

157 2272 314 2300 tumaces
329 2271 366 2299 et
378 2265 606 2311 impudentes
620 2268 826 2304 evaserunt3
839 2274 906 2296 nec
918 2264 1093 2295 Romanos
1109 2268 1249 2296 tantum
1262 2262 1392 2304 odisse,
1407 2263 1471 2296 sed
1489 2265 1597 2297 etiam

157 2313 274 2346 edicta
292 2318 328 2346 et
341 2313 454 2345 minas
480 2312 706 2356 imperatoris
729 2309 910 2354 negligere
939 2314 1146 2354 coeperunt.
1171 2309 1268 2342 unde
1284 2310 1417 2343 factum
1430 2315 1484 2343 est
1504 2316 1546 2344 ut
1567 2311 1597 2344 is

155 2365 292 2394 mutata
307 2359 574 2400 benevolentia,
586 2370 682 2392 nunc
696 2358 914 2400 Corcyraeae
931 2356 1147 2389 insolentiae
1171 2356 1391 2398 recordatus,
1411 2368 1508 2390 nunc
1526 2358 1598 2390 ulia

157 2412 265 2451 atque
281 2407 352 2439 alia
370 2406 504 2439 iniuria
518 2406 690 2446 irritatus,
705 2403 936 2438 vehementer
951 2403 1023 2435 illis
1038 2403 1270 2445 irasceretur3
1289 2414 1484 2449 eorumque
1499 2416 1599 2449 gras—

158 2453 314 2486 sationes
342 2452 592 2486 intolerabiles
618 2457 727 2492 ratus,
741 2451 858 2485 literis
880 2451 918 2483 in
941 2460 1063 2483 omnes
1079 2449 1282 2495 provincias
1305 2450 1423 2484 missis
1437 2450 1595 2484 venetos

157 2509 280 2532 omnes
305 2504 400 2532 certa
424 2499 484 2532 die
509 2497 766 2544 comprehendi
788 2508 984 2542 eorumque
1002 2496 1100 2530 bona
1122 2496 1301 2542 publicari
1318 2496 1470 2530 iuberet.
1497 2496 1596 2542 quod

157 2556 237 2577 cum
261 2545 306 2578 ad
319 2547 553 2579 constitutum
571 2551 711 2591 tempus
731 2545 865 2578 factum
886 2549 998 2584 esset,
1019 2553 1214 2589 eorumque
1233 2543 1328 2576 bona
1342 2544 1472 2588 partim
1489 2544 1526 2576 in
1556 2543 1598 2576 fi-

158 2602 255 2624 scum
278 2592 390 2625 relata
407 2594 539 2638 partim
566 2600 586 2626 a
608 2591 836 2638 praesidibus
859 2590 1121 2636 provinciarum
1136 2595 1308 2635 occupata
1333 2595 1462 2630 essent,
1479 2590 1598 2622 Vene-

158 2638 187 2670 ti
212 2638 275 2682 qui
299 2638 338 2671 in
359 2639 448 2672 urbe
471 2639 708 2680 habitabant,
751 2637 910 2671 coelibes
934 2637 971 2670 in
995 2637 1143 2681 primis,
1168 2637 1287 2681 fugam
1311 2636 1507 2677 adornant3
1532 2647 1598 2668 na-

158 2684 267 2728 vique
292 2683 407 2718 tribus
436 2692 561 2720 ornata
582 2687 673 2720 velis
701 2690 809 2718 noctu
835 2695 1050 2724 conscensa,
1080 2695 1152 2729 qua
1176 2683 1278 2716 nulla
1302 2693 1461 2727 unquam
1483 2682 1597 2715 maior

159 2729 387 2764 aedificatum
413 2731 459 2764 iri
487 2733 667 2776 creditur,
693 2732 882 2775 abierunt3
910 2741 1000 2776 quos
1028 2741 1108 2764 cum
1132 2729 1385 2776 imperatoriae
1414 2738 1521 2763 naves
1540 2739 1595 2762 ar.-
