1838 3210
552 198 824 244 nonANNEs
874 201 1180 245 commus,
1530 179 1600 255 57

159 297 468 354 ἀμετάπτωτος.
534 299 579 342 ἓν
621 302 788 348 πολλοῖς
815 301 855 341 δ’
880 296 996 351 ὅσοις
1029 295 1278 356 εὖχάριστος
1302 298 1413 356 ἔχων
1440 301 1603 344 δείκνυ-

159 368 264 408 σθαι
303 367 361 424 τῷ
405 363 458 407 τὰ
497 359 586 408 κατ’
631 365 707 419 ἐμὲ
746 365 1044 421 συμφερόντως
1087 365 1428 422 οἰκονομήσαντι,
1467 367 1499 410 ἃ
1532 371 1606 411 καί

161 426 347 487 ἀριθμὸν
374 431 659 486 ὑπερπέπαικε
700 430 923 483 σύμπαντα
940 462 954 485 ,
982 434 1038 489 τῷ
1066 434 1169 482 τέως
1195 433 1603 488 ἅνθομολογούμενος

160 498 229 552 ἐφ’
259 492 321 546 οἷς
347 495 571 551 ἔμεγάλυνε
586 497 662 539 τοῦ
685 497 860 551 ποιῆσαι
885 499 981 550 μεθ’
1002 498 1120 553 ἡμῶν
1146 497 1262 550 ἔλεος
1286 499 1350 540 ἐπ’
1377 499 1603 555 ἀκροαταῖς
1613 505 1654 539 V.
1667 505 1712 539 αδ

124 562 261 616 ὄῦμῖν
286 561 360 605 καὶ
385 563 470 605 τῶν
498 560 728 616 λεγομένων
749 561 941 617 εἶδήμοσι
967 562 1067 606 τάδε
1087 565 1212 621 φημί.
1269 567 1317 608 ἐκ
1333 563 1495 623 πατρὸς
1524 568 1650 620 βα-Ῑ)

160 629 312 677 σιλέως
342 626 479 684 ἔφυν,
509 628 646 683 α’ρχῆς
669 629 895 684 γεγένημαι
922 629 997 684 τῆς
1026 632 1186 672 ἐκείνου
1217 630 1446 686 διάδοχος,
1478 631 1605 675 οὐδὲν

159 694 431 749 ἇπεβαλόμην
454 687 514 736 ὧν
542 694 603 743 εἰς
626 693 776 749 χεῖράς
801 710 874 748 μοι
912 697 1221 751 παραδέδωκεν.
1276 699 1318 740 εἰ
1343 699 1391 740 δὲ
1418 699 1505 741 κατ’
1533 696 1607 739 εὕ-

159 757 352 815 γνοᾶμονα
377 761 451 802 καί
476 758 623 802 πιστὸν
642 759 855 816 ὑπηρέτην
872 760 1227 818 ἕπεξειργασάμην
1251 762 1299 805 τὸ
1333 765 1608 820 παρασχεθέν

158 841 232 880 μοι
258 823 412 868 θεόθεν
454 827 530 882 τῆς
564 829 783 879 βασιλείας
809 825 1035 881 τάλαντον,
1081 823 1223 878 ἄλλοις
1253 834 1419 871 σκοπεῖν
1442 828 1516 871 καί
1539 832 1607 871 λέ-

102 906 248 946 ιογειν
275 888 451 948 ἅφιήμι·
507 893 582 933 καί
610 889 742 941 αὐτός
767 892 816 935 δὲ
848 887 1103 947 ἀνεπαχθῶς
1122 895 1402 950 διηγησαίμην
1426 889 1493 947 ἅν,
1528 897 1606 936 οὐκ

158 956 487 1014 ἓναβρυνόμενος
503 954 609 999 ἀλλὰ
635 955 689 1000 τιὶ
717 957 816 1015 περὶ
841 959 917 1012 ἐμὲ
942 956 1168 1013 θαυμάσια
1196 961 1274 1002 τοῦ
1300 962 1409 1002 θεοῦ
1439 959 1607 1015 διηγού-

157 1038 296 1077 μενος.
323 1027 402 1073 ἕως
428 1039 481 1077 με
508 1025 582 1066 καί
605 1022 744 1080 δυσμῆ
774 1022 1017 1079 μαχόμενον
1043 1023 1223 1080 ἔβλεψε,
1256 1024 1307 1068 τοὶ
1336 1026 1443 1082 πρὸς
1472 1023 1605 1084 ἄμφω

159 1091 239 1140 τὰς
264 1090 462 1146 ἠπείρους
488 1088 593 1146 ἔθνη
619 1093 840 1146 μετῆλθον.
911 1090 1032 1146 ὄλίγα
1061 1097 1149 1142 τοῖς
1177 1090 1426 1149 ἀνακτόροις
1452 1096 1607 1148 προσέ-

157 1172 281 1210 μεινα
300 1173 311 1183 ·
370 1154 392 1198 ὅ
417 1158 508 1210 βίος
532 1155 685 1211 σχεδόν
707 1172 781 1209 μοι
821 1152 933 1207 ἅπας
957 1156 1031 1201 ἐπὶ
1054 1161 1229 1214 σκηνῆς,
1256 1161 1331 1202 καί
1354 1158 1399 1201 τὸ
1433 1158 1608 1214 αἶθριά·

100 1224 246 1274 ιόζειν
274 1223 347 1264 αἐί
370 1237 445 1275 μοι
471 1222 842 1279 περιεσπούδαστο.
922 1222 949 1279 ἢ
980 1226 1035 1279 γῆ
1061 1220 1166 1280 αὕτη
1193 1226 1261 1282 ἐφ’
1288 1219 1339 1281 ἧς
1367 1226 1445 1268 νῦν
1471 1241 1606 1282 στρα-

158 1287 497 1341 τοπεδευόμεθα,
540 1290 605 1338 δίς
633 1303 699 1344 με
737 1284 817 1345 ἤδη
845 1292 1132 1344 προσέβλεψε·
1199 1289 1273 1332 καὶ
1298 1289 1350 1347 ἢν
1372 1289 1534 1347 μακρὸς
1559 1293 1605 1343 ἐξ

157 1348 210 1396 οὗ
249 1354 400 1409 χρόνος
430 1353 670 1410 ὄφθαλμοῖς
713 1354 788 1396 οὐκ
818 1352 932 1398 εἶδον
958 1354 1162 1412 στρατιάν
1183 1355 1404 1411 Ῥωμαίων
1431 1360 1604 1413 Πέρσαι

156 1422 234 1462 καί
249 1415 454 1475 ”Αραβες,
479 1420 633 1477 ταύτην
660 1418 834 1477 ἔτρεσαν
871 1417 970 1478 ἄρτι
996 1423 1066 1480 ἐφ’
1086 1419 1260 1478 ἡγεμόνι
1285 1425 1374 1481 θεῷ
1399 1422 1475 1466 καί
1499 1421 1604 1466 ὗπο-
1616 1424 1710 1472 P·29

156 1484 380 1545 ,στρατήγῳ
419 1488 543 1542 ἐμοί,
582 1488 658 1529 καί
692 1490 856 1531 πολλῶν
891 1486 1050 1531 πόλεων
1079 1488 1180 1546 ἡμῖν
1205 1487 1515 1546 ὖπεξέστησαν,
1546 1484 1607 1532 ὧν

93 1554 206 1603 Ωοές
233 1553 360 1607 δεῦρο
396 1550 532 1609 κύριοι
578 1554 917 1610 καθεστήκαμεν,
963 1555 1015 1598 αἳ
1034 1557 1110 1598 καί
1146 1557 1251 1609 ζῶσι
1276 1554 1382 1599 κατὰ
1410 1554 1461 1598 τοὶ
1488 1556 1608 1612 ἡμῶν

161 1617 476 1675 προστάγματα.
546 1621 621 1662 καί
646 1621 739 1676 δοιή
778 1619 924 1676 κύριος
967 1619 989 1664 ὁ
1015 1620 1115 1671 θεὰς
1143 1623 1241 1676 ἐμοί
1259 1623 1339 1675 μὲν
1368 1619 1607 1677 ὕπερμογή-

160 1700 280 1727 σαντι
306 1686 382 1727 τοῦ
408 1688 492 1728 τῶν
520 1689 787 1742 Χριστιανῶν
830 1685 1108 1743 πληρώματος
1147 1690 1299 1744 κλῆρον
1323 1690 1415 1731 ἐκεῖ
1433 1690 1509 1730 καί
1529 1703 1608 1742 με·

161 1751 263 1806 ρίδα
289 1751 427 1795 dimon
440 1786 453 1806 ‚
480 1750 532 1808 ἢν
557 1751 596 1795 οἱ
622 1759 770 1810 πραεῖς
795 1756 871 1796 καί
893 1752 1113 1810 εὖάρεστοι
1140 1755 1258 1813 αὐτῷ
1285 1752 1575 1811 ἀπολήψονται
1591 1771 1602 1782 ·

261 1868 311 1893 ιι.
335 1862 405 1893 τοῦ
431 1860 526 1894 θεοῦ
549 1870 607 1894 om
632 1861 672 1895 Δ.

160 1948 310 1996 quidem
333 1951 570 1994 cogitationes
589 1951 749 1986 lubricae
773 1957 869 1995 sunt,
897 1952 957 1986 dei
981 1964 1064 1986 vero
1089 1953 1281 1987 consilium
1296 1964 1370 1988 non
1386 1957 1443 1988 est
1464 1953 1606 1988 irritum

161 2008 231 2036 nec
251 1997 441 2032 mutabile.
479 2010 560 2032 cum
597 2005 717 2032 autem
741 2001 856 2033 multa
879 2000 951 2034 sint
975 1999 1149 2034 divinitus
1170 2001 1208 2034 in
1230 2012 1288 2034 me
1311 2002 1443 2035 collata
1467 2000 1607 2035 benefi-

161 2044 218 2081 cia
245 2055 286 2076 ac
309 2056 458 2082 numero
493 2057 589 2091 pene
614 2047 716 2080 nullo
754 2046 1012 2092 comprehendi
1036 2053 1192 2092 queant,
1217 2047 1452 2082 audientibus
1478 2048 1606 2090 vobis,

160 2090 365 2138 iisdemque
388 2091 564 2134 testibus,
590 2093 749 2127 divinam
777 2105 857 2139 erga
883 2105 941 2128 me
965 2093 1242 2128 beneficentiam
1267 2100 1363 2140 grata
1388 2107 1476 2129 voce
1501 2107 1607 2141 prae-

160 2137 303 2171 dicabo.
333 2145 436 2184 patre
457 2140 677 2186 imperatore
703 2146 811 2175 natus
838 2153 936 2183 sum,
964 2142 1021 2174 illi
1047 2142 1087 2174 in
1119 2143 1272 2187 imperio
1300 2143 1482 2184 successi;
1511 2142 1606 2176 nihil

159 2195 285 2218 eorum
302 2196 395 2231 quae
412 2198 617 2232 acceperam
628 2188 742 2221 amisi.
756 2199 802 2221 an
818 2199 901 2221 vero
915 2187 1104 2234 prudentis
1122 2194 1160 2223 et
1172 2188 1289 2223 fidelis
1313 2190 1468 2223 ministri
1491 2189 1607 2223 instar

158 2232 335 2265 talentum
373 2234 472 2281 regni
491 2233 664 2268 divinitus
689 2235 779 2268 mihi
798 2235 974 2269 creditum
998 2237 1170 2277 auxerim,
1197 2237 1278 2269 aliis
1303 2235 1607 2270 considerandum

158 2284 199 2312 et
235 2281 584 2314 commemorandum
619 2282 812 2328 relinquo,
841 2283 1003 2327 quamvis
1033 2288 1070 2315 et
1105 2283 1183 2328 ipse
1215 2284 1303 2317 citra
1334 2284 1537 2317 molestiam
1562 2295 1606 2317 ea

158 2326 368 2371 praedicare
394 2340 545 2375 queam,
569 2329 745 2374 nullaque
774 2341 853 2362 cum
879 2332 1145 2371 ostentatione,
1174 2330 1238 2363 sed
1264 2331 1518 2364 miraculorum
1544 2330 1604 2364 dei

155 2373 417 2408 celebratione.
465 2375 593 2408 Oriens
610 2381 648 2409 et
673 2376 828 2410 Occasus
854 2376 952 2409 bella
976 2389 1032 2410 me
1059 2383 1240 2421 gerentem
1264 2377 1456 2421 viderunt3
1481 2383 1605 2422 gentes

157 2431 255 2465 quae
279 2421 317 2454 in
341 2427 495 2468 utraque
532 2423 742 2457 continente
782 2423 973 2465 habitant,
1009 2435 1087 2457 sum
1111 2435 1304 2469 aggressus.
1327 2437 1452 2470 parurn
1476 2426 1515 2458 in
1539 2436 1606 2470 pa-

156 2466 250 2501 antio
274 2469 416 2510 mansi,
460 2470 568 2503 vitam
602 2481 695 2514 pene
724 2471 762 2503 in
797 2470 1042 2504 tabernaculis
1067 2472 1190 2516 exegi3
1223 2483 1364 2517 semper
1386 2478 1427 2505 ut
1449 2471 1516 2506 sub
1542 2471 1604 2505 dio

157 2524 322 2558 agerem,
362 2526 506 2560 operam
538 2516 634 2550 dedi.
666 2517 776 2551 tellus
798 2517 911 2558 haec,
936 2518 975 2551 in
1000 2529 1071 2563 qua
1106 2524 1220 2551 castra
1244 2519 1440 2560 habemus,
1466 2519 1521 2552 bis
1547 2530 1605 2551 me

158 2560 232 2592 iam
256 2562 406 2607 aspexit.
431 2564 584 2596 multum
622 2565 795 2610 temporis
819 2565 1074 2598 intercesserat
1094 2576 1139 2598 ex
1162 2576 1234 2610 quo
1259 2567 1385 2599 Persae
1410 2571 1447 2599 et
1469 2565 1606 2599 Arabes

158 2607 358 2643 Romanum
399 2611 594 2644 exercitum
624 2622 699 2644 non
722 2611 913 2645 viderant:
937 2611 1035 2645 hunc
1058 2611 1299 2646 formidarunt
1321 2612 1391 2646 deo
1416 2613 1507 2645 duce
1530 2623 1606 2645 me-

158 2663 234 2698 que
255 2655 420 2689 ministro
439 2682 449 2699 ‚
475 2657 655 2703 nobisque
690 2658 816 2691 multis
840 2657 992 2692 urbibus
1020 2664 1224 2701 cesserunt,
1252 2670 1341 2705 quas
1366 2659 1485 2692 adhuc
1508 2658 1606 2692 obti-

158 2710 287 2734 nemus
315 2713 480 2749 quaeque
503 2705 634 2738 nostris
662 2704 847 2750 imperatis
873 2710 1014 2750 parent.
1050 2706 1142 2739 faxit
1163 2705 1252 2739 deus
1278 2712 1318 2740 ut
1342 2717 1406 2750 ego
1415 2731 1425 2747 ‚
1450 2705 1513 2751 qui
1538 2716 1604 2751 pro

158 2746 367 2782 Lnristiano
390 2750 526 2795 populo
551 2763 649 2791 arma
684 2753 909 2794 circumtuli,
936 2753 1014 2785 illic
1048 2758 1230 2786 aeternam
1255 2753 1495 2786 hereditatem
1524 2751 1606 2786 adi-

158 2793 302 2839 piscar,
331 2807 444 2842 quam
482 2799 660 2833 mausueti
693 2800 904 2846 acceptique
945 2799 1013 2833 deo
1046 2805 1333 2847 consequentur:
1369 2800 1496 2835 vestris
1517 2810 1604 2835 vero
