1838 3210
237 172 351 228 208
686 184 914 227 mcss‘rAss
959 183 1270 227 cnomA'rAE

346 288 468 331 Ἀλλὰ
499 286 590 328 τίνα
638 284 690 326 τά
724 285 796 326 ἐπί
818 282 980 334 τούτοις
991 302 1004 338 3
1046 287 1123 341 ἐρᾷ
1154 286 1222 326 καί
1262 283 1481 339 στρατείας
1508 280 1658 336 ὕπερο-

238 353 358 408 ρίου,
387 355 458 394 καί
486 351 533 392 τὸ
564 352 637 404 τῆς
652 350 870 403 Αἰγύπτου
899 348 1190 403 ἑνωτιζόμενος
1218 347 1453 405 πάμφορον,
1480 346 1552 388 καὶ
1582 342 1661 388 ὅσα

197 422 228 454 C
238 422 414 472 γεωργεῖ
435 418 586 463 Νεῖλος
614 412 638 455 ὅ
666 412 924 469 καρποδότης
956 414 1028 456 καί
1054 410 1277 467 εὔσταχυς,
1303 418 1387 461 τοῖς
1404 411 1558 466 πήχεσι
1585 425 1660 463 με-

237 484 343 534 τρῶν
369 480 415 522 τὸ
439 475 651 533 εὔδαιμον,
679 478 782 534 ἔγνω
809 481 853 521 ἐν
882 479 1075 536 θαλάσσῃ
1103 481 1261 521 θέσθαι
1278 484 1402 533 χεῖρα
1431 477 1563 518 αύτοῦ
1592 474 1665 517 καὶ

238 548 281 587 ἐν
309 550 512 598 ποταμοῖς
543 543 678 595 δεξιὰν
707 546 836 586 αὐτοῦ
846 578 857 596 ,
889 543 932 586 εἴ
953 560 1039 594 πως
1066 542 1116 586 τὰ
1146 545 1202 585 δι’
1230 544 1356 597 α’κοῆς
1384 542 1700 597 ἐρώμεναΑἰ-5

235 609 390 663 γύπτια
429 609 567 663 α’γαθὰ
605 612 676 651 καί
717 610 954 665 ὀφθαλμοῖς
994 610 1203 665 ἐντράνοις
1243 610 1444 650 θεάσαιτο
1471 605 1543 647 καί
1567 607 1664 660 θείη

235 674 369 729 ληπτὰ
398 680 487 723 ταῖς
518 677 675 729 χερσίν.
711 674 863 716 -ἐποίει
893 676 927 715 δ’
963 676 1116 716 ἐκεῖνον
1145 671 1279 716 ταῦτα
1303 671 1585 729 φαντάζεσθαι
1612 669 1663 711 τὰ

236 741 280 781 ἐν
311 738 431 781 ποσὶν
454 739 811 794 ὗπεραλλόμενον,
839 741 910 780 καί
936 743 1068 781 ταῦτα
1094 738 1156 781 ἔτι
1184 739 1395 790 ὠδίνοντα,
1424 740 1496 778 καί
1521 734 1665 789 τεμνό-

234 821 339 858 μενα
362 806 440 857 μὲν
470 804 542 845 καί
566 803 887 857 κατακαιόμενα,
917 806 992 845 οὔκ
1022 804 1320 860 ἀφαντούμενα
1349 805 1396 845 δὲ
1423 801 1495 843 καί
1525 803 1675 855 affluam,

236 869 417 924 ρούμενα
457 868 566 910 α’λλοὶ
606 873 831 924 παλιμφυῆ
861 869 966 910 κατὰ
994 868 1069 923 τὴν
1095 867 1228 924 ’ἕδραν
1254 867 1469 923 γινόμενα,
1497 869 1664 923 φιλοδο-
1683 883 1729 910 10

238 936 304 985 ξία
335 950 398 983 τις
428 929 600 988 ἄκαιρος
632 937 704 974 καί
729 932 773 975 τὸ
801 933 905 988 πρὸς
928 937 1114 985 βασιλεῖς
1135 934 1498 987 ἀνθαμιλλᾶσθαι,
1527 929 1591 980 οἷς
1615 931 1663 972 τὸ

236 1002 350 1047 κλέος
375 999 480 1041 πολὺ
511 1001 584 1041 καί
610 997 661 1041 τὰ
682 1001 959 1052 σχοινίσματα
975 1000 1048 1040 οὐκ
1076 998 1157 1040 ‹ini›
1187 999 1403 1053 θαλάσσης
1431 995 1562 1051 μόνον
1589 997 1666 1045 ἕως

238 1064 455 1119 θαλάσσης
487 1062 793 1120 ὖφαπλούμενα
822 1065 919 1118 πρὶν
947 1067 1214 1119 παρετέτατο,
1251 1064 1342 1106 ἀλλ’
1372 1065 1417 1105 ἑκ
1445 1065 1528 1104 τῶν
1555 1057 1667 1118 ἑῴων

192 1128 475 1184 Βόρισμάτων
490 1132 617 1184 μέχρι
644 1131 723 1170 τῶν
759 1126 959 1183 ἑσπερίων
987 1131 1177 1171 διικνεῖτο
1205 1131 1377 1183 στηλῶν.
1419 1127 1570 1169 οὐκοῦν
1596 1129 1670 1169 καί

239 1193 286 1236 τὸ
315 1197 479 1247 σκέμμα
499 1197 555 1252 τῷ
581 1197 664 1235 ταῖν
687 1192 987 1247 Ἱεροσολύμων
1018 1194 1112 1250 ῥηγί
1130 1190 1335 1252 Ἀμερίγῳ
1355 1191 1665 1245 κοινωσάμενος,
1684 1195 1731 1235 15

240 1260 425 1301 κάκεῖνον
451 1257 588 1314 εὖρών
618 1260 694 1300 οὐκ
722 1256 1064 1311 ἀποπεμπόμενον
1098 1260 1143 1301 τὸ
1171 1257 1376 1314 ἐννόημα,
1405 1261 1562 1312 μᾶλλον
1589 1260 1668 1311 μὲν

241 1320 314 1366 οὖν
353 1324 427 1366 καί
467 1325 753 1377 συλλαβέσθαι
796 1324 833 1364 οἱ
869 1327 942 1365 τοῦ
982 1324 1279 1380 ἐγχειρήματος
1315 1323 1665 1378 ὑπισχνούμενον,

239 1388 387 1433 στόλον
411 1387 635 1444 καταρτύει
667 1387 803 1443 βαρύν
831 1388 935 1430 κατὰ
958 1392 1032 1430 τοῦ
1052 1388 1273 1442 Ταμιάθου
1291 1391 1349 1439 εἰς
1376 1392 1477 1445 νῆας
1501 1387 1668 1443 μακρὰς

242 1453 454 1505 διακοσίας
481 1454 552 1496 καί
576 1453 639 1496 ἔτι
666 1453 773 1510 πρὸς
802 1453 1123 1509 ἀριθμούμενον,
1149 1457 1194 1496 ἐν
1221 1451 1288 1504 αἷς
1311 1457 1571 1509 κατελέγοντο
1599 1455 1667 1496 δέ·

235 1536 293 1561 ,κα
322 1523 400 1572 μὲν
436 1518 480 1561 αἱ
509 1518 590 1561 ἀπὸ
625 1521 697 1574 τῆς
728 1518 977 1571 Ἐπιδάμνου
1008 1521 1285 1574 α’ναχθεῖσαι,
1312 1523 1356 1572 ἓξ
1384 1522 1431 1562 δὲ
1456 1535 1666 1574 ταχυναυ-
1678 1533 1732 1560 20

237 1587 392 1627 ,τοῧσαι
430 1580 619 1638 ἅπασαι,
663 1582 712 1633 ἃς
745 1582 951 1639 ἐπλήρουν
988 1584 1028 1626 οἱ
1066 1587 1267 1637 Εὐβοεῖς·
1331 1582 1596 1628 ἀναδείκνυσι
1620 1585 1668 1626 δὲ

236 1647 456 1704 ,ναύαρχον
491 1648 561 1692 τὸν
587 1652 717 1704 μέγαν
745 1649 898 1691 δοῢκαν
939 1649 1009 1691 τὸν
1032 1652 1371 1706 Κοντοστέφανον
1392 1649 1666 1705 Ἀνδρόνικον.

242 1711 324 1756 dud
355 1717 401 1757 δὲ
429 1714 604 1756 τουτωνὶ
626 1715 708 1761 τῶν
739 1716 941 1770 τριηρέων
969 1712 1161 1770 ἑξήκοντα
1190 1717 1248 1772 τῷ
1266 1715 1559 1772 Μαυροζούμῃ
1586 1732 1668 1757 πα-

241 1777 398 1833 ραδοὺς
418 1777 619 1837 Θεοδώρῳ
648 1778 752 1834 πρὸς
779 1778 850 1820 τὸν
871 1779 978 1834 ῥῆγα
1007 1781 1232 1833 ἐξέπεμψε,
1256 1782 1667 1835 προκαταγγελοῦντα

236 1846 316 1896 μὲν
340 1846 414 1887 καί
445 1844 520 1900 τὴν
549 1842 661 1901 δὅσον
687 1845 850 1886 ου’δέπω
880 1846 953 1886 τοῦ
996 1847 1145 1887 λοιποῦ
1171 1845 1318 1889 στόλου
1351 1843 1569 1901 ἀναγωγὴν
1597 1848 1668 1889 καί
1677 1847 1730 1888 25

331 1961 363 2005 4.
387 1959 427 1994 τὸ
459 1959 655 2007 εὔδαιμον]
698 1953 766 2004 τὴν
801 1960 1000 2005 ἐπιτυχίαν
1022 1961 1059 1994 Β.
1153 1964 1184 1997 5.
1212 1961 1394 2010 ἔρώμενα]
1427 1962 1612 2010 αἰρόμενα
1625 1965 1664 1999 Δ.

328 2019 362 2052 9.
387 2006 473 2053 μὲν]
500 2006 541 2041 δὲ
564 2008 603 2043 A.
692 2010 742 2043 18.
768 2011 973 2054 ταμιαθίου
1006 2009 1046 2042 A.
1143 2019 1196 2041 22.
1222 2008 1343 2043 δοιῖκα
1366 2011 1406 2044 Δ.

328 2117 410 2150 Post
442 2116 532 2151 haec
567 2118 737 2160 Mame,
772 2118 895 2151 audita
918 2119 1068 2164 Aegypti
1106 2120 1293 2154 fertilitate
1321 2125 1357 2154 et
1384 2120 1563 2165 frugiferis
1589 2121 1665 2155 Nili

231 2162 564 2205 exundationibus,
588 2165 700 2198 classe
727 2176 803 2198 eam
829 2171 957 2198 terram
981 2171 1104 2211 petere
1119 2191 1128 2207 ‚
1169 2172 1205 2199 et
1228 2177 1320 2211 quae
1343 2167 1488 2200 auribus
1517 2179 1666 2213 accepe-

240 2214 311 2249 rat,
338 2210 451 2243 oculis
480 2211 613 2243 intueri
647 2217 683 2244 et
720 2217 942 2244 contrectare
980 2213 1144 2244 manibus
1167 2213 1333 2246 instituit.
1359 2214 1518 2258 quamvis
1543 2220 1664 2248 autem

236 2256 399 2300 proxima
423 2267 588 2301 quaeque
613 2257 730 2290 adhuc
767 2258 805 2290 in
830 2263 930 2291 motu
954 2264 1097 2298 essent,
1120 2264 1156 2291 et
1179 2259 1266 2292 ‚licet
1292 2266 1498 2294 secarentur
1523 2267 1559 2295 et
1581 2273 1665 2294 ure-

238 2306 377 2342 rentur,
411 2313 484 2335 non
519 2309 639 2336 tamen
676 2304 913 2344 tollerentur,
941 2304 1003 2337 sed
1033 2305 1146 2337 instar
1169 2305 1346 2338 redivivae
1371 2306 1505 2350 hydrae
1542 2308 1664 2353 repul-

233 2347 543 2388 lularent,tamen
567 2350 771 2394 importuna
791 2350 987 2383 ambitione
1011 2350 1196 2395 impulsus,
1224 2357 1261 2385 et
1278 2358 1438 2386 veterum
1462 2353 1663 2398 principum

231 2394 555 2428 aemulatione-ac
578 2396 690 2440 gloria
717 2396 911 2436 adductus,
950 2396 1013 2442 qui
1052 2407 1125 2429 non
1157 2397 1264 2430 modo
1309 2411 1329 2431 a
1362 2400 1451 2432 mari
1486 2399 1532 2432 ad
1565 2411 1663 2433 mare

231 2441 298 2472 -sed
326 2440 371 2473 ab
395 2441 543 2474 Oriente
568 2453 682 2486 usque
703 2442 748 2474 ad
774 2442 1004 2475 Occidentem
1037 2442 1210 2477 dominati
1234 2444 1396 2486 suerunt,
1421 2446 1527 2479 rebus
1552 2447 1663 2492 magis

230 2486 444 2530 urgentibus
469 2488 608 2521 omissis
629 2488 861 2533 longinquam
880 2489 1146 2533 expeditionem
1169 2491 1334 2536 suscepit.
1356 2492 1579 2538 consilluque
1597 2504 1662 2527 suo

230 2543 316 2565 cum
337 2534 498 2578 Amerigo
524 2534 849 2577 Hierosolymorum
877 2546 958 2579 rege
985 2536 1264 2577 communicato,
1291 2538 1355 2583 qui
1391 2550 1428 2572 se
1462 2539 1495 2571 ei
1519 2544 1662 2584 praesto

235 2579 393 2612 futurum
417 2579 668 2625 pollicebatur,
685 2581 832 2614 classem
857 2582 1008 2626 amplius
1025 2581 1081 2615 CC
1093 2582 1276 2627 longarum
1292 2586 1435 2618 navium
1451 2592 1574 2619 contra
1591 2586 1662 2620 Ta-

234 2624 410 2659 miathum
433 2632 634 2672 comparat,
659 2627 753 2660 inter
772 2638 860 2672 quas
886 2633 988 2662 erant
1010 2628 1040 2661 X
1073 2628 1305 2674 Epidamniae
1331 2637 1368 2664 et
1392 2643 1454 2665 sex
1482 2632 1662 2666 Euboicae

235 2671 426 2718 expeditne
456 2684 573 2707 naves.
614 2673 831 2708 nauarchum
866 2673 1030 2718 designat
1063 2674 1304 2710 Andronicum
1333 2678 1661 2724 Contostephanum

230 2729 402 2762 magnum
428 2718 578 2764 ducem3
608 2726 644 2754 et
659 2719 889 2755 Theodorum
913 2721 1175 2756 Maurozumem
1199 2735 1278 2757 cum
1299 2724 1356 2758 Lx
1387 2725 1589 2760 triremibus
1614 2724 1660 2760 ad
