1878 3230
270 207 343 247 ΒΕ
384 205 579 262 Ammo
618 204 812 247 1sAAc11
851 204 1048 246 Anum
1087 203 1171 245 m.
1208 204 1363 245 mm.
1441 182 1554 238 603

110 307 161 350 ,δ’
191 304 234 347 οἳ
257 307 332 348 καί
371 307 642 358 ἐπεστέναξαν
677 311 762 355 τοῖς
809 305 1055 361 ὁρωμένοις,
1088 307 1160 346 καί
1198 303 1297 354 τοὺς
1322 303 1558 357 βασιλείους

121 369 301 423 κόσμους
343 371 699 424 κατωπτευκότες,
749 370 823 420 οὕς
876 369 1015 428 ἑαυτῷ
1052 368 1295 425 ύπέρραψεν
1329 369 1558 421 Ἰσαάκιος,

121 438 506 491 περιαμπίσχοντας
549 433 645 492 ἄρτι
681 435 750 479 τὸν
796 438 952 478 ἐκείνου
991 436 1234 491 κασίγνητον
1266 435 1558 490 ἑπωδύραντο,

121 500 198 554 τὴν
237 502 416 544 α’τοπίαν
451 503 719 556 ἐκπλαγέντες
760 502 836 543 τοῦ
865 498 1130 555 πράγματος,
1172 500 1245 542 καί
1267 499 1341 555 τήν
1369 498 1561 554 τοιαύτην

85 565 346 608 ὄιίλλοίωσιν
375 569 450 623 τῆς
477 563 610 622 ἀρχῆς
629 564 767 621 α’ρχὴν
785 564 1039 622 προσφάτων
1058 567 1288 616 οἰωνίζοντο
1317 568 1562 621 συμφορῶν,

123 628 176 674 τά
205 647 249 673 τε
275 632 478 687 Ὀσίριδος
513 631 588 673 καί
619 635 820 687 Τυφῶνος
859 630 1055 684 ἐβάλοντο
1094 629 1197 672 κατὰ
1234 634 1358 683 νοῦν,
1397 631 1472 687 ’ὑφ’
1502 625 1561 672 ὧν

122 697 455 752 ἐκακοπράγησεν
487 695 718 751 Αἴγυπτος.
789 694 990 738 εἰσελθών
1030 697 1076 737 δὲ
1099 697 1146 737 τὸ
1177 698 1246 751 τῆς
1272 699 1378 737 θεοῦ
1404 696 1559 752 σοφίας

121 763 373 816 περίπυστον
404 764 478 804 καί
516 765 707 817 μέγιστον
746 763 940 815 τέμενος,
984 758 1093 811 ὅπως
1136 760 1242 804 κατὰ
1269 759 1316 804 τὸ
1345 760 1491 815 ἔθιμον
1514 763 1597 813 §gc

122 829 300 880 βασιλέα
326 829 488 885 χρισθῇ
516 827 588 869 καί
621 831 908 884 περιβαλεῖται
946 825 998 869 τά
1038 829 1112 869 τοῦ
1139 828 1314 882 κράτους
1339 827 1558 881 σύμβολα,

65 907 112 934 ιο
125 893 268 947 πρῶτα
311 895 390 946 μὲν
430 895 678 948 ὀψιαίτερον
715 892 762 935 τὸ
806 895 880 947 τῆς
918 894 1098 942 πίστεως
1123 890 1324 948 ἐγγράφει
1352 893 1562 946 σύμβολον

123 959 242 1015 βαφῇ
269 960 321 1015 τῇ
349 962 567 1016 βασιλικῇ,
605 957 747 1001 ἔπειτα
775 965 869 1007 ταῖς
913 958 1089 1014 ὥραίαις
1115 961 1354 1012 λεγομέναις
1379 961 1454 1000 τοῦ
1481 957 1560 1001 νεώ

124 1024 275 1074 πύλαις
298 1025 465 1079 ἐγγίσας
494 1024 638 1067 ἱκανὸν
662 1026 795 1067 ἐκεῖσε
809 1023 963 1079 χρόνον
992 1025 1202 1079 διέτριψε,
1232 1025 1563 1078 προσδεχόμενος

123 1089 223 1132 πότε
263 1086 316 1132 (ἲν
357 1091 600 1146 ἐπιταχθείη
640 1089 715 1146 τήν
751 1089 912 1132 εἴσοδον
955 1088 1070 1145 παρὰ
1100 1091 1184 1132 τῶν
1203 1089 1487 1144 ἀκριβούντων
1513 1087 1559 1131 τὰ

125 1159 198 1210 τῆς
226 1151 342 1208 ὥρας
366 1157 531 1210 καίριον
555 1157 638 1198 τῶν
664 1154 788 1210 ἱερῶν
825 1156 1185 1210 κατηχούμενείων
1212 1150 1384 1196 ἄνωθεν.
1442 1152 1563 1205 ἐξιών

68 1218 114 1260 15
128 1222 174 1262 δὲ
202 1223 279 1262 τοῦ
307 1219 385 1262 νεαὶ
415 1220 488 1262 καί
514 1225 677 1274 μέλλων
705 1223 901 1275 ἐπιβῆναι
925 1222 1002 1262 τοῦ
1017 1218 1252 1275 ὀχήματος,
1279 1218 1303 1261 ὅ
1333 1221 1410 1274 μὲν
1437 1220 1562 1269 ἵππος

128 1281 198 1341 (ἦν
224 1287 272 1327 δὲ
299 1281 421 1334 οὗτος
449 1284 673 1342 φατνιστὸς
701 1289 775 1328 καί
803 1284 1033 1341 Ἀράβιος)
1061 1285 1312 1340 προσάγεται
1338 1284 1454 1341 παρά
1484 1288 1563 1327 τοῦ

125 1349 495 1406 πρωτοστράτορος
533 1353 614 1392 α’πό
653 1354 733 1393 τοῦ
771 1352 951 1406 χαλινοῦ
987 1348 1229 1404 ἓλκυσθείς,
1257 1353 1416 1405 γίνεται
1446 1353 1492 1394 δέ
1519 1367 1563 1393 τι

126 1417 211 1457 τῶν
233 1413 379 1470 α’ἡθων
409 1419 482 1458 καί
508 1418 636 1467 α’ξίων
663 1414 895 1470 θαύματος.
965 1415 1016 1457 οὔ
1044 1417 1258 1469 προσίεται
1289 1415 1311 1458 ὅ
1341 1417 1463 1467 ἵππος
1491 1416 1563 1459 τὸν

127 1481 348 1536 ἀναβάτην,
376 1481 482 1524 cmc}
506 1479 757 1538 φριμάσσων
784 1479 971 1538 ὕφαιμος
995 1480 1042 1524 τὸ
1075 1477 1190 1534 ὄμμα
1213 1483 1286 1524 καί
1309 1481 1354 1524 τὸ
1386 1477 1459 1532 οιῖς
1488 1494 1606 1535 pes-D

67 1548 280 1601 ποτέωρος
322 1549 393 1589 καί
431 1546 564 1601 συχνά
598 1546 760 1589 κόπτων
786 1546 834 1589 τὸ
877 1546 1055 1589 δάπεδον
1079 1547 1152 1588 καὶ
1177 1546 1252 1596 τάς
1279 1548 1696 1602 ἕμπροσθίουςνΛῷ

127 1611 375 1664 α’ναβάλλων
403 1610 534 1660 ὄπλὰς
561 1615 633 1654 καί
674 1611 807 1667 ῥύδην
835 1610 1067 1669 φερόμενος
1096 1611 1226 1654 αὐτὸν
1254 1609 1561 1668 ἀπεστρέφετο,

129 1677 287 1727 α’δοξαῖν
313 1673 452 1733 ὥσπερ
480 1678 552 1719 ἐπὶ
588 1678 672 1719 τῶν
699 1676 841 1720 νώτων
871 1679 983 1732 ὀχεῖν
1008 1677 1080 1720 καί
1105 1680 1196 1719 κατ’
1226 1677 1359 1720 αὐτοῦ
1388 1675 1562 1734 ἅγριού-

222 1787 255 1809 2.
278 1775 408 1825 ἑαυτῷ]
434 1777 474 1812 ἐκ
498 1778 585 1812 νέου
609 1777 785 1820 ἐποίησεν
817 1779 854 1811 Β.
981 1780 1016 1812 6.
1039 1777 1084 1812 τα·
1110 1776 1162 1825 τε]
1199 1778 1252 1816 εἰς
1284 1778 1381 1813 νοῦν
1411 1778 1561 1823 ἔχοντες

223 1822 297 1858 ὅσα
335 1818 433 1858 κακά
473 1827 537 1858 καὶ
565 1830 699 1871 σημεῖα
722 1827 786 1858 καὶ
821 1826 957 1871 τέρατα
981 1825 1242 1865 ἐξαπέστειλεν
1267 1823 1288 1858 6
1310 1818 1398 1861 θεὸς
1417 1828 1470 1863 εἰς
1492 1823 1562 1867 τῆν

223 1871 410 1915 αἴγυπτον
431 1870 494 1904 διὰ
520 1867 586 1912 τὴν
614 1870 847 1916 σκληρότητα
870 1873 1007 1918 φαραώ
1024 1872 1060 1904 Β.
1162 1873 1211 1905 13.
1235 1864 1339 1916 παρὰ
1361 1872 1436 1906 τῶν
1457 1871 1558 1920 εἰπερ]

222 1911 326 1962 παρὰ
351 1920 425 1953 τῶν
448 1917 647 1952 &naiman
669 1920 738 1952 τοῦ
760 1921 1077 1965 κατηχουμενείου
1101 1918 1311 1972 ἱσταμένων
1328 1917 1561 1963 αἱροσκόπών

220 1966 286 1997 καὶ
313 1965 589 2045 ἔτροὲεχόντων
623 1967 687 1998 καὶ
728 1965 1084 2012 ἄκριβολογούντων
1122 1975 1191 2000 τον
1225 1967 1287 2006 τῆς
1319 1962 1418 2011 ὥρας
1441 1962 1561 2000 καλὸν

221 2020 309 2057 καιρ
336 2023 368 2047 ν.
424 2036 432 2044 .

130 2111 389 2157 intempestivis
423 2113 529 2154 iocis,
567 2125 655 2159 quos
700 2113 860 2147 adulatio
882 2113 1111 2158 suggerebat,
1133 2113 1219 2147 risui
1241 2124 1278 2147 se
1305 2118 1559 2158 exposuerunt.

131 2164 233 2192 erant
256 2159 363 2192 etiam
387 2161 448 2204 qui
475 2160 514 2193 id
540 2161 781 2205 spectaculum
806 2161 964 2206 suspiriis
989 2166 1302 2206 prosequerentur,
1327 2172 1406 2193 cum
1427 2165 1558 2202 vestes,

122 2208 125 2210 ’
157 2216 218 2238 uas
241 2205 312 2238 sibi
341 2207 540 2240 confecerat
562 2207 738 2248 Isaacius,
774 2207 919 2240 fratrem
942 2209 1017 2241 eius
1053 2207 1211 2241 induisse
1232 2207 1412 2248 viderent,
1441 2212 1479 2240 et
1501 2207 1559 2240 in-

158 2251 276 2295 ignum
301 2252 339 2285 id
363 2253 499 2287 facinus
526 2253 773 2299 deplorarent,
793 2260 830 2287 et
852 2265 929 2287 eam
953 2255 1175 2299 principatus
1198 2254 1432 2287 mutationem
1455 2253 1558 2287 brevi

130 2298 300 2331 malorum
322 2299 398 2333 fore
421 2301 636 2345 principium
659 2306 928 2345 augium-entur,
957 2301 1110 2335 Osiridis
1135 2307 1171 2335 et
1183 2300 1368 2346 Typhonis
1394 2300 1559 2334 recorda-

131 2343 184 2384 ti,
209 2356 229 2377 a
253 2345 384 2391 quibus
431 2347 558 2381 afflicta
594 2353 688 2381 esset
709 2348 899 2392 Aegyptus.
933 2348 1202 2381 celeberrimum
1225 2352 1262 2380 et
1286 2348 1475 2380 maximum
1498 2347 1559 2381 dei

131 2389 336 2434 Sapientiae
359 2394 532 2438 templum
562 2395 760 2439 ingressus,
785 2400 824 2427 ut
862 2393 907 2427 de
929 2406 1027 2428 more
1054 2395 1327 2439 inauguraretur
1350 2399 1388 2428 et
1413 2394 1558 2439 imperii

130 2435 286 2481 insignia
323 2446 536 2481 assumeret,
577 2442 727 2486 primum
751 2440 837 2474 fidei
862 2441 1060 2485 symbolum
1082 2442 1311 2487 imperatorio
1335 2441 1454 2475 colore
1483 2447 1558 2474 tar-

132 2481 212 2515 dius
235 2485 433 2527 perscribit.
458 2486 588 2520 deinde
616 2487 662 2520 ad
691 2488 887 2532 speciosam
922 2489 1045 2533 templi
1078 2494 1216 2533 portam
1244 2487 1380 2521 diutius
1405 2499 1558 2521 commo-

131 2534 251 2570 ratur,
276 2537 483 2576 expectnns,
509 2533 591 2566 dum
625 2534 763 2579 ingredi
789 2535 975 2568 iuberetur
1001 2535 1045 2568 ab
1075 2536 1118 2568 iis
1142 2536 1206 2580 qui
1230 2540 1465 2580 opportunam
1490 2533 1558 2565 ho-

130 2587 203 2608 ram
227 2576 264 2608 in
288 2587 330 2610 eo
354 2577 432 2611 loco
447 2604 457 2619 ,
492 2581 557 2613 ubi
582 2581 835 2615 catechumeni
869 2582 1123 2622 instituuntur,
1147 2581 1396 2615 observabant.
1421 2579 1557 2623 templo

132 2633 314 2666 egressus,
341 2634 419 2657 cum
443 2625 631 2661 sublimem
663 2639 794 2673 equum
821 2628 1011 2662 Arabicum
1037 2640 1057 2661 a
1082 2634 1339 2673 protostratore
1365 2627 1557 2660 adductum

131 2679 386 2703 conscensurus
412 2677 515 2711 esset,
541 2684 594 2706 res
621 2681 815 2708 memoratu
835 2675 941 2720 digna
965 2675 1103 2708 accidit.
1129 2686 1242 2719 equus
1267 2675 1362 2707 enim
1385 2682 1557 2706 sessorem

130 2726 203 2748 uon
228 2715 409 2750 admittit:
449 2717 511 2751 sed
535 2721 645 2753 oculis
684 2722 853 2771 sauguine
879 2722 1042 2762 suffusis,
1067 2721 1214 2754 auribus
1239 2719 1406 2759 arrectis,
1431 2717 1556 2751 crebro

132 2761 246 2797 solum
269 2764 439 2810 pulsans,
480 2769 516 2798 et
543 2766 781 2800 anterioribus
812 2767 954 2812 ungulis
985 2779 1064 2801 curn
1099 2764 1242 2801 fremitu
1281 2764 1450 2805 sublatis,
1476 2775 1557 2799 eum
