1878 3230
505 174 728 215 ALExms
769 174 946 216 DUCAS
986 175 1318 218 MURznrsz.
1509 154 1616 229 765

189 273 296 328 σμόν
311 275 385 317 τοῦ
412 273 624 329 τραχήλου
654 290 746 316 σου·
804 275 1007 316 πλάτυνον
1025 274 1094 316 τὸν
1120 274 1243 316 τόπον
1269 275 1342 329 τῆς
1368 277 1517 330 σκηνῆς
1542 278 1659 316 σουῦ

190 342 263 383 καί
285 342 368 383 τῶν
400 336 589 382 αὖλαιῶν
631 356 721 381 σου.
775 338 834 394 μὴ
870 343 1007 394 φοβοῦ
1049 336 1112 381 ὅτι
1159 337 1478 397 κατῃσχύνθης,
1515 341 1622 395 μηδὲ

191 407 398 462 ἑντραπῇς
423 403 491 447 ὅτι
519 406 785 460 ω’νειδισθης,
815 406 887 447 καί
913 405 1138 460 ἐκρότησαν
1168 406 1238 448 ε’πί
1263 406 1333 448 σοι’
1356 413 1502 462 χεῖρας
1520 407 1623 448 πάν-

190 487 255 520 τες
285 471 322 513 οἱ
349 470 738 526 παραπορευόμενοι
765 468 887 523 ὁδόν,
929 469 1130 524 ἑσύρισαν
1168 472 1240 513 καί
1265 473 1459 526 ἐκίνησαν
1492 488 1622 528 κεφα-

155 536 269 587 5λιὶς
287 537 428 579 αὐτῶν
444 569 456 589 ,
484 538 558 577 καί
583 533 696 577 εἶπον
720 532 857 590 »αὕτη
885 537 997 577 ἐστίν
1023 536 1048 590 ἡ
1079 537 1197 586 πόλις
1219 569 1231 589 ,
1270 536 1293 578 ὅ
1320 540 1524 593 στέφανος
1550 537 1623 579 δό-

191 607 261 658 ξης
288 604 360 643 καί
383 600 408 655 ἦ
438 601 676 656 εὐφροσύνη
703 598 838 655 πάσης
864 601 936 655 τῆς
961 603 1049 655 γῆς.
1104 602 1177 643 καί
1201 604 1288 652 πῶς
1313 603 1484 644 ἐκάθισε
1509 601 1623 657 χήρα

190 667 216 722 ἦ
246 668 566 721 πεπληθυσμένη
592 668 728 717 λαῶν;
764 667 838 708 καί
861 666 888 720 ἦ
918 662 1109 721 ἄρχουσα
1147 668 1192 708 ἐν
1235 667 1397 722 χώραις
1425 669 1624 722 ἐγεννήθη

189 736 248 782 εἰς
273 732 469 789 φόρους.”
497 728 587 773 εἷ’πε
612 729 692 785 γάρ
724 729 748 772 ὅ
777 733 876 780 θεός
903 747 979 773 σου
1011 730 1191 787 ,,χρόνον
1218 731 1368 787 μικρὸν
1407 731 1626 775 κατέλιπόν

189 814 237 840 σε
253 831 264 851 ,
293 799 366 839 καί
387 799 475 851 μετ’
502 797 644 845 ἐλέους
671 794 855 850 μεγάλου
877 796 1120 853 οἰκτειρήσω
1151 814 1212 842 σε.
1268 801 1312 840 ἐν
1338 801 1465 856 θυμῷ
1488 801 1627 855 μικρῷ

131 882 178 909 ιο
191 864 434 918 ἅπὲστρεψα
465 861 512 903 τὸ
532 860 768 915 πρόσωπόν
795 877 904 916 μου,
943 865 1016 904 καί
1053 866 1097 905 ἐν
1138 864 1237 920 ἐλέῳ
1281 865 1433 920 αἰωνίῳ
1468 862 1676 918 ἑλεήσων.
1689 870 1757 904 306

189 930 272 971 σε.”
326 924 356 982 ἢ
382 929 481 982 γοῦν
508 923 626 985 ᾄσεις
652 927 896 980 Δαβιδικῶς
934 926 1040 982 πρὸς
1072 926 1175 969 θεὸν
1218 929 1352 982 ,,κατὰ
1385 927 1428 970 τὸ
1466 930 1625 983 πλῆθος

187 996 270 1037 τῶν
300 992 462 1035 ὀδυνῶν
489 1007 574 1045 μου
609 995 654 1034 ἐν
680 995 730 1049 τῇ
758 994 905 1051 καρδίᾳ
933 1009 1014 1046 μου
1043 993 1089 1035 αἱ
1122 995 1402 1048 παρακλήσεις
1437 1009 1516 1036 σου
1553 989 1624 1035 εὕ-

191 1074 359 1114 φραναν
379 1056 453 1112 τὴν
479 1056 625 1112 ψυχήν
652 1061 775 1110 μου.”
827 1060 888 1107 τίς
923 1057 1190 1113 ἐπιστήσει-αι’
1211 1074 1278 1100 σοι
1305 1060 1501 1114 Μωῦσῆς
1532 1063 1667 1101 και-Ι)

191 1121 384 1178 νουργός,
413 1119 674 1178 ἢέπανάγων
704 1124 990 1179 ἐποφθήσεται
1018 1122 1290 1179 Ζοροβάβελ,·
1323 1123 1424 1165 πότε
1450 1126 1491 1166 δ’
1517 1126 1623 1167 ἐσεῖ-

131 1192 178 1241 ι,5
192 1192 267 1232 ταί
295 1204 363 1231 σοι
392 1191 438 1230 ἐκ
466 1190 553 1230 τῶν
579 1186 793 1244 τεσσάρων
819 1190 983 1242 α’νέμων
1009 1196 1257 1243 συναγαγεῖν
1284 1187 1336 1231 τά
1375 1192 1495 1232 τέκνα
1521 1205 1623 1243 σου,

190 1259 235 1299 ἐν
261 1251 322 1304 οἷς
357 1252 639 1308 διεσπάρημεν
658 1286 671 1306 ,
719 1251 764 1295 ὃν
788 1253 934 1309 τρόπον
965 1251 1011 1295 αἱ
1052 1252 1289 1310 φιλότεκνοι
1333 1250 1501 1309 ὄρνιθες
1541 1255 1621 1297 ὑπὸ

189 1319 267 1369 τὰς
293 1317 456 1362 ἑαυτῶν
482 1318 731 1372 ἀθροίζουσι
758 1321 965 1373 πτέρυγας
992 1317 1044 1361 τὰ
1074 1321 1205 1362 οἰκεῖα
1233 1318 1413 1362 νεόττια.
1473 1319 1531 1370 ὥς
1548 1323 1624 1363 νῦν

189 1402 235 1441 γε
264 1386 356 1426 οὐδ’
387 1383 571 1433 ἐνωπίως
599 1400 664 1426 σοι
703 1386 1030 1440 ἐποφθαλμῆσαι
1069 1387 1269 1440 καθαρῶς
1306 1383 1483 1439 ἔχομεν,
1529 1387 1622 1428 οὐδ’

191 1448 374 1506 ἐμφῆναι
403 1451 646 1503 περιχαρῶς
677 1449 733 1498 ὥς
758 1451 908 1504 μητρί,
949 1449 1022 1492 καὶ
1059 1450 1242 1505 ἀκριβῶς
1278 1452 1522 1493 ἐπισπεῖσαί
1556 1467 1623 1493 σοι

128 1514 372 1570 ωδιέκρυον
401 1511 499 1556 ὅσον
537 1513 757 1570 ὅφθαλ,ιιός
785 1517 979 1567 βούλεται
1011 1512 1039 1570 ἢ
1081 1514 1283 1569 δύναται,
1317 1517 1406 1558 ἀλλ’
1434 1517 1624 1569 ειῖλαβῶς

192 1581 250 1629 ὥς
274 1578 483 1634 στρουθοί
513 1595 561 1621 σε
589 1579 920 1633 περιιπτάμενοι,
951 1575 1011 1622 ὧν
1046 1580 1316 1635 συνείληπται
1356 1582 1383 1636 ἦ
1413 1579 1567 1636 τροφὸς
1595 1580 1622 1635 ἦ

194 1648 241 1688 δὲ
262 1643 384 1687 καλιὰ
415 1645 730 1697 διεσκέδασται,
759 1644 934 1687 ἐλεεινόν
959 1662 1000 1687 τι
1029 1648 1103 1688 καί
1127 1648 1279 1700 γοῶδες
1296 1645 1620 1702 περιτρύζομεν,

292 1767 321 1790 ι.
345 1758 408 1797 τῆς
433 1754 582 1802 σκηνῆς]
606 1757 671 1797 τῆς
693 1753 806 1797 αὐλῆς
830 1767 898 1791 σου
924 1758 988 1790 καὶ
1009 1758 1072 1799 τῆς
1095 1759 1290 1794 κατοικίας
1314 1765 1384 1790 σου
1413 1757 1450 1789 Β.
1543 1758 1575 1791 5.
1600 1756 1622 1790 ἆ

286 1808 324 1835 et
351 1802 371 1842 ἤ
395 1807 478 1835 ante
501 1802 587 1847 εὐφ.
614 1813 672 1835 om
698 1802 736 1835 A.
858 1815 907 1837 ιι.
934 1803 1131 1846 δἀβιτικῶς
1153 1804 1193 1836 Α.
1301 1804 1350 1838 13.
1376 1802 1618 1850 καινουργός]

286 1848 537 1888 ἅνακαινίζων
561 1858 600 1881 σε
624 1849 660 1880 Β.
752 1875 755 1877 -
774 1850 823 1883 ¹5.
847 1851 922 1885 τῶν
944 1861 1003 1883 om
1025 1849 1065 1883 A.
1171 1849 1336 1898 α’νέμων]
1362 1849 1536 1896 περάτων
1559 1853 1622 1892 τῆς

284 1897 352 1941 γῆς
372 1895 409 1927 Β.
503 1905 559 1929 21.
585 1894 637 1940 σε]
657 1903 719 1929 σοι
741 1896 782 1931 Α.

190 1986 269 2027 ωἰ;
294 1983 447 2017 extende
474 1984 592 2018 locum
618 1985 842 2021 tabernaculi
865 1986 921 2018 tui
945 1990 982 2019 et
996 1986 1166 2020 vestibuli
1184 1986 1248 2019 tui.
1272 1997 1317 2018 ne
1334 1986 1508 2019 movearis
1526 1987 1623 2031 quod

193 2031 326 2078 probro
352 2033 477 2064 affecta
506 2042 565 2071 es,
601 2042 718 2076 neque
741 2032 991 2065 verecunderis
1016 2033 1061 2066 ob
1094 2039 1256 2078 acceptas
1292 2033 1546 2074 contumelias,
1586 2039 1624 2067 et

195 2077 293 2123 quod
314 2088 435 2110 omnes
462 2082 731 2122 praetereuntes
751 2090 875 2111 manus
900 2090 1007 2123 super
1036 2085 1072 2112 te
1097 2080 1379 2124 comploserunt,
1408 2080 1622 2121 sibilarunt,

196 2130 232 2158 et
260 2124 376 2168 capita
401 2130 637 2168 quassat-unt,
667 2131 703 2158 et
730 2125 914 2158 dixerunt:
941 2125 1031 2159 haec
1056 2132 1110 2159 est
1132 2126 1238 2167 urbs,
1274 2137 1403 2159 corona
1427 2127 1560 2171 gloriae
1586 2131 1624 2160 et

196 2171 347 2204 deliciae
375 2170 472 2203 orbis
500 2176 682 2204 terrarum.
706 2182 778 2216 quo
806 2177 925 2204 autem
956 2178 1061 2217 pacto
1085 2173 1191 2206 vidua
1217 2172 1332 2213 sedit,
1360 2185 1452 2217 quae
1479 2173 1624 2217 populis

196 2218 327 2250 referta
351 2217 448 2250 suit?
475 2217 656 2262 quomodo
679 2218 868 2251 tributaria
892 2219 985 2252 facta
1015 2224 1094 2260 est,
1124 2230 1216 2264 quae
1241 2220 1434 2264 provinciis
1470 2220 1625 2264 impera-

194 2264 270 2297 vit?
295 2263 388 2296 dixit
410 2263 504 2296 enim
530 2263 616 2297 deus
644 2270 750 2298 tuus:
779 2265 905 2309 exiguo
928 2270 1090 2311 tempore
1113 2271 1149 2298 te
1175 2266 1326 2310 reliqui,
1352 2267 1414 2299 sed
1438 2277 1563 2310 magna
1586 2271 1624 2299 te
1665 2263 1668 2265 ’

195 2309 438 2343 misericordia
461 2321 665 2355 prosequar.
691 2311 729 2344 in
751 2322 860 2356 parva
884 2313 936 2345 ira
962 2313 1087 2345 faciem
1111 2323 1226 2345 meam
1255 2313 1388 2354 averti,
1418 2312 1482 2346 sed
1507 2317 1625 2345 aeter-

196 2367 243 2389 na
268 2361 305 2389 te
331 2356 520 2389 clementia
546 2357 687 2390 fovebo.
712 2359 878 2391 nimirum
899 2369 978 2391 cum
999 2358 1137 2392 Davide
1161 2360 1320 2392 cantabis
1347 2358 1426 2400 deo,
1445 2370 1509 2403 pro
1532 2359 1627 2390 mul-

196 2402 352 2435 titudine
379 2402 542 2436 dolorum
566 2404 683 2437 cordis
706 2405 778 2437 mei
805 2405 1069 2438 consolationes
1095 2411 1178 2439 tuae
1203 2417 1320 2438 meum
1344 2406 1499 2438 animum
1524 2404 1626 2436 exhi-

196 2448 365 2482 lararunt.
404 2449 484 2493 quis
506 2449 624 2483 Moses
651 2462 823 2484 novorum
848 2454 993 2485 effector
1028 2463 1176 2497 operum
1213 2453 1283 2485 tibi
1316 2446 1625 2497 patrocinabitur?

197 2495 277 2538 quis
299 2494 493 2528 Zorobabel
518 2502 555 2529 te
582 2497 757 2531 reducet?
791 2498 933 2542 quando
969 2498 1102 2532 liberos
1134 2505 1215 2532 tuos
1251 2510 1271 2531 a
1307 2504 1460 2543 quatuor
1491 2497 1625 2536 ventis,

198 2541 236 2572 in
260 2551 348 2584 quos
375 2541 525 2585 dispersi
551 2554 690 2584 sumus,
715 2545 922 2589 recolligere
945 2544 1098 2578 licebit?
1123 2544 1419 2590 quemadmodum
1444 2544 1525 2587 piae
1550 2542 1625 2586 gal-

198 2586 295 2619 linae
321 2586 438 2629 pullos
463 2588 528 2620 sub
552 2590 625 2623 alas
651 2601 731 2623 suas
755 2597 978 2635 congregant.
1006 2603 1087 2624 nam
1111 2602 1207 2624 nunc
1231 2590 1376 2635 quidem
1397 2600 1464 2622 nec
1491 2588 1624 2620 intueri

200 2633 287 2665 satis
314 2637 351 2664 te
375 2632 479 2666 nobis
502 2634 586 2670 licet
602 2661 612 2675 ,
636 2642 698 2670 aut
720 2643 880 2671 amanter
902 2637 1071 2682 amplecti
1096 2643 1137 2670 ut
1158 2643 1326 2676 matrem,
1355 2640 1392 2668 et
1415 2634 1530 2667 libare
1554 2634 1624 2666 tibi

199 2678 379 2718 lacrimas,
404 2685 556 2722 quantas
587 2683 711 2716 oculus
736 2684 836 2728 cupit
863 2688 925 2717 aut
948 2688 1087 2728 potest:
1113 2683 1176 2716 sed
1203 2682 1327 2716 timide
1352 2685 1393 2714 ut
1429 2679 1623 2725 passerculi

201 2729 240 2759 te
263 2724 573 2768 circumvenimus,
595 2738 744 2773 quorum
766 2731 888 2764 nutrix
910 2730 1080 2775 abrepta,
1105 2729 1211 2764 nidus
1235 2728 1396 2773 direptus
1421 2732 1494 2769 est,
1516 2727 1623 2760 mise-
