1878 3230
272 182 377 255 732
694 199 922 239 NlcE'rAE
969 198 1280 238 cnoNlA'rAE

262 315 338 351 γου
380 299 579 350 δύναμιν·
645 297 807 337 πολλῶν
842 293 922 349 γὰρ
969 297 1042 336 καί
1087 289 1224 337 ἄλλων
1257 296 1311 351 τῇ
1347 296 1463 337 πόλει
1500 297 1698 352 πρότερον

261 364 531 417 ἐμπρησμῶν,
563 361 766 414 ου’μενοῦν
789 359 882 417 εἴπῃ
901 376 964 410 τις
995 359 1158 402 ὁπόσων
1188 361 1260 402 καί
1279 359 1375 402 οἵων
1401 364 1695 415 γεγενημένων,

260 429 284 469 ὅ
317 427 409 469 τότε
437 425 603 480 συμβὰς
630 425 874 479 ἐναύσματα
894 425 1057 480 βραχέα
1077 424 1174 474 τούς
1189 423 1344 474 πάντας
1366 426 1569 476 α’πέδειξε.
1597 431 1696 468 πολ-

259 495 396 546 λαχοῦ
421 492 498 546 γὰρ
531 491 820 547 διαιρούμενος
861 494 934 533 καί
962 492 1248 544 διασπώμενος
1273 494 1347 546 τῆς
1374 493 1590 544 συνεχείας
1617 486 1697 532 αὖ·

258 562 328 607 3:9-
370 556 624 613 συνήρχετο,
663 559 735 598 καί
762 556 818 605 ὥς
857 559 917 604 εἰς
955 555 1076 598 ὁλκὸν
1117 556 1188 598 ἕνα
1217 556 1442 611 πυρόεντος
1476 554 1733 611 συνήπτετο5

258 625 464 676 ποταμοῦ.
534 623 801 678 ἀνετρέποντο
832 623 977 675 στοαί,
1014 623 1175 676 ἀγορῶν
1206 620 1335 677 κάλλη
1362 627 1696 678 κατερριπτεῖτο,

219 686 407 731 (ὶκιόνων
442 689 619 742 μέγεθος
663 690 899 743 διεφορεῖτο
940 690 1033 728 καθ’
1070 685 1175 742 ’ὅλην
1217 684 1466 743 εὔπρηστον.
1536 681 1613 728 οὖκ
1642 682 1697 742 ἦν

255 756 337 795 τῶν
360 748 488 795 ὄντων
514 754 634 795 ου’δὲν
664 751 687 794 ὃ
710 748 758 808 ἦν
788 755 943 794 ἐκείνου
965 754 1043 794 τοῦ
1069 751 1199 808 πυρὸς
1219 751 1546 808 σθεναρώτερον.
1579 752 1626 794 τὸ
1648 754 1695 795 δὲ

255 817 306 874 δη
344 816 597 872 παράδοξον,
627 815 728 860 ὦσεί
749 817 895 872 ψωμοὶ
911 818 1044 872 πυρὸς
1070 819 1113 869 ἐξ
1143 818 1296 874 ἐκείνης
1318 820 1388 874 τῆς
1419 816 1694 873 βαρυβρόμου

255 887 330 927 καί
357 886 534 940 σιδηρᾶς
574 885 820 940 ἐμπρήσεως
851 885 1145 937 ιῖποσπώμενοι
1174 883 1247 926 καί
1265 882 1484 940 φερόμενοι
1515 885 1693 938 διαέριοι
1710 901 1757 928 το

253 948 327 999 τὰς
357 950 577 1006 πόρρωθεν
618 949 850 1002 οἰκοδομίας
881 953 1155 1006 κατέφλεγον,
1184 949 1285 992 κατὰ
1318 948 1578 1004 διαστήματα
1606 964 1696 998 πως·

252 1015 564 1068 ἀκοντιζόμενοι
607 1015 679 1057 καί
715 1016 771 1065 ὠς
813 1013 851 1057 οἷ
895 1017 940 1058 ἐν
969 1017 1112 1068 αἰθέρι
1142 1014 1368 1064 διᾴττοντες
1396 1014 1689 1068 ἐκτεινόμενοι·

249 1081 321 1123 καί
346 1080 419 1123 τὸν
446 1083 491 1123 ἐν
517 1084 630 1140 μέσῳ
656 1084 800 1136 χῶρον
821 1081 950 1136 ἆθιγῆ
977 1083 1035 1140 τῷ
1053 1084 1155 1130 τέως
1183 1082 1328 1130 ἐῶντες
1353 1083 1426 1123 καί
1450 1079 1690 1137 α’κατάπρη-

248 1163 369 1200 στον,
396 1146 500 1201 μετὰ
527 1146 668 1202 βραχύ
698 1150 885 1189 κάκεῖνον
906 1147 1141 1198 ἐπανιόντες
1169 1149 1456 1202 συνέμαρπτον
1482 1149 1555 1190 καί
1577 1147 1690 1204 ἠφά-

250 1214 375 1263 νιζον,
433 1214 477 1254 ἐν
501 1216 668 1262 πολλοῖς
696 1214 743 1255 δὲ
765 1212 837 1254 καί
858 1215 947 1255 κατ’
977 1211 1220 1268 εὐθυωρίαν
1247 1212 1293 1255 τὸ
1316 1213 1398 1268 πῦρ
1430 1213 1589 1268 προϊὸν,
1618 1213 1689 1254 ὑπ’
1706 1214 1752 1257 15

251 1278 410 1330 ἀνέμου
439 1279 574 1333 βορρᾶ
600 1278 901 1331 ἐλαυνόμενον,
931 1277 1038 1331 μετὰ
1071 1277 1213 1334 βραχὺ
1243 1282 1538 1333 παρεκκλῖναν,
1566 1278 1625 1328 ὥς
1651 1281 1693 1322 εἰ

245 1341 361 1392 νότος
393 1340 496 1384 αὐτὸ
536 1342 812 1397 διερρίπιζεν,
841 1339 980 1398 ὦρᾶτο
1011 1342 1209 1397 δόχμιον,
1248 1342 1468 1398 ἀμαυροῦν
1496 1344 1689 1398 ἐπιστρο-

247 1406 388 1463 φάδην
415 1407 487 1449 καί
524 1409 574 1450 τά
607 1405 714 1458 ὅλως
740 1410 1034 1465 ἐμπρησθῆναι
1063 1409 1333 1463 α’νυπονόητα.
1388 1409 1688 1463 συνεπελάβετο

203 1475 296 1515 Ῑ).δὲ
331 1475 403 1515 καί
429 1475 504 1515 τοῦ
525 1475 722 1527 μεγίστου
752 1473 831 1515 νεώ
861 1473 908 1516 τὸ
940 1474 1089 1517 δεινόν.
1143 1473 1217 1516 καί
1244 1474 1295 1530 δὴ
1317 1469 1395 1517 ὅσα
1419 1476 1524 1529 πρὸς
1551 1474 1689 1528 ἁψῖδα

246 1541 412 1581 νένευκε
439 1541 514 1582 τοῦ
556 1538 719 1582 ΙΙῙιλίου
763 1540 837 1581 καί
860 1540 917 1597 τῷ
950 1541 1135 1597 ἀνδρῶνι
1163 1542 1366 1596 συνῆπται
1387 1541 1447 1598 τῷ
1473 1539 1683 1597 Μάκρωνι
1697 1557 1755 1584 20·

332 1674 368 1707 6.
395 1671 659 1721 ιῖνετρέποντο]
690 1674 861 1720 κάμαραι
885 1673 1070 1719 ἐχαλῶντο
1101 1675 1137 1707 Β.
1311 1686 1343 1719 7.
1368 1674 1508 1709 κιόνων
1531 1671 1606 1718 ὕψη
1630 1675 1684 1714 εἰς

338 1718 522 1764 ἄσβεστον
542 1719 812 1767 μετεβάλλοντο
838 1721 875 1753 Β.
1017 1724 1050 1758 8.
1075 1717 1115 1755 τό
1143 1719 1183 1755 δὲ
1206 1721 1518 1766 θαυμαστότερον
1543 1721 1602 1756 ὅτι
1627 1723 1683 1759 εἰς

332 1766 500 1812 κυμάτια
536 1766 687 1813 μεγάλα
721 1765 797 1802 α’πὸ
830 1766 901 1802 τοῦ
934 1766 1078 1803 κτύπου
1110 1769 1179 1802 τοῦ
1201 1762 1325 1812 πυρός
1353 1769 1418 1801 καὶ
1448 1767 1513 1811 τῆς
1538 1764 1682 1815 φλογὸς

331 1813 519 1848 &nerano
553 1815 619 1848 καὶ
649 1810 722 1849 ιῗπό
764 1813 833 1850 τοῦ
866 1812 1008 1859 ἀνέμου
1038 1814 1220 1860 ἐφέροντο
1260 1816 1326 1848 καὶ
1358 1814 1520 1849 ἔπιπτον
1557 1816 1610 1852 εἰς
1634 1810 1680 1848 τὰ

330 1859 548 1905 μακρότερα
582 1857 756 1907 καθάπερ
797 1859 919 1906 ἄστρα
942 1860 1160 1908 φαινόμενα
1188 1861 1252 1894 καὶ
1275 1860 1457 1906 χεόμενα,
1483 1862 1547 1895 καὶ
1572 1863 1680 1895 κατέ-

334 1917 448 1941 καιον
469 1906 564 1950 ἔνθα
588 1907 759 1942 ἔπιπτον.
787 1908 826 1940 Β.
923 1909 972 1942 18.
998 1905 1283 1954 συνεπελάβετο]
1310 1907 1457 1952 ἔφθασε
1471 1906 1513 1942 δὲ
1537 1909 1582 1942 to*
1602 1910 1681 1954 πιῖρ

333 1954 449 1998 μέχρι
475 1955 538 1986 καὶ
565 1955 634 1988 τοιῖ
660 1952 828 2000 μεγάλου
854 1957 969 1994 ναοῦ,
994 1955 1057 1987 καὶ
1083 1952 1153 1987 ὅσα
1178 1955 1267 1998 περὶ
1290 1947 1358 1996 τὴν
1377 1951 1497 1998 α’ψίδα
1524 1953 1594 1989 τοῦ
1614 1966 1681 2000 μι-

330 1999 414 2033 λίου
438 2001 500 2032 καὶ
526 2000 577 2044 τῷ
601 2001 692 2045 οἴκῳ
716 2000 767 2046 τῷ
790 2003 859 2035 τοῦ
878 2000 1080 2047 μάκρωνος
1093 2000 1282 2046 λεγομένω
1307 2002 1535 2048 συγκείμενα
1563 2000 1680 2043 ὀσπὴ-

332 2057 414 2088 τια,
438 2048 501 2080 καὶ
527 2049 731 2082 κατέκαυσε
757 2048 873 2082 ταῦτα
901 2049 965 2081 καὶ
987 2049 1132 2094 τέφραν
1159 2048 1325 2089 ἐποίησε.
1353 2047 1389 2082 Β.

241 2157 331 2197 fnit,
358 2163 394 2190 et
414 2159 486 2191 tale
513 2161 612 2204 quod
638 2161 739 2195 nulla
763 2162 877 2195 oratio
911 2162 1026 2206 possit
1049 2161 1232 2205 consequi.
1263 2171 1344 2193 nam
1369 2171 1448 2193 cum
1473 2159 1570 2204 prius
1601 2169 1677 2192 ma-

243 2204 350 2237 ximis
377 2210 412 2237 et
434 2205 629 2239 innumeris
654 2208 728 2240 sere
754 2207 930 2242 incendiis
968 2207 1052 2241 urbs
1074 2208 1203 2241 afflicta
1230 2207 1358 2247 fuerit,
1381 2205 1473 2239 illud
1498 2205 1677 2239 eiusmodi

239 2250 312 2283 fuit
337 2256 376 2283 ut
411 2257 553 2285 caetera
576 2264 662 2298 prae
688 2265 730 2286 eo
759 2266 825 2299 pro
847 2254 963 2287 nihilo
1000 2259 1223 2299 putarentur.
1249 2264 1327 2286 cum
1351 2252 1446 2286 varie
1471 2252 1675 2297 interrupta

241 2296 333 2330 serie
362 2304 603 2341 spargeretur,
631 2311 752 2333 rursus
775 2300 913 2342 coibat,
940 2306 980 2334 ut
994 2301 1100 2345 igniti
1118 2300 1274 2333 fluminis
1298 2299 1438 2332 alveum
1464 2309 1675 2343 repraesen-

238 2348 343 2376 taret.
372 2345 529 2387 porticus
554 2346 780 2388 corruebant,
804 2347 1068 2391 elegantissima
1090 2348 1167 2380 fora
1192 2345 1463 2386 evertebantur,
1499 2346 1676 2379 maximae

239 2390 428 2422 columnae
453 2391 567 2424 veluti
589 2399 766 2426 sarmenta
789 2394 1088 2435 absumebantur3
1115 2402 1233 2438 neque
1263 2392 1453 2437 quicquam
1478 2397 1555 2426 erat
1575 2392 1675 2437 quod

238 2436 339 2469 illius
363 2437 454 2480 ignis
482 2437 733 2472 vehementiae
767 2441 959 2474 resisteret.
997 2439 1095 2484 globi
1115 2439 1335 2472 flammarum
1362 2437 1408 2471 ab
1432 2438 1578 2472 immani
1607 2438 1674 2472 illo

238 2482 408 2516 incendio
440 2484 553 2517 avulsi
586 2485 801 2519 mirabiliter
842 2491 994 2520 remotas
1019 2485 1126 2518 aedes
1150 2495 1214 2530 per
1249 2490 1345 2517 certa
1372 2485 1561 2519 intervalla
1585 2496 1673 2518 con-

237 2529 440 2571 sumebant,
468 2530 512 2564 iis
537 2532 600 2576 qui
627 2531 836 2566 interiectae
861 2538 962 2566 erant
979 2532 1143 2565 intactis:
1168 2530 1232 2564 sed
1254 2531 1362 2575 paulo
1390 2537 1473 2576 post
1498 2543 1556 2565 eas
1581 2543 1673 2577 quo-

237 2587 308 2620 que
335 2577 466 2609 reversi
489 2577 704 2613 cremabant.
730 2579 768 2611 in
796 2579 918 2612 multis
943 2578 1031 2611 locis
1046 2583 1143 2611 recta
1160 2589 1367 2622 progressus
1380 2579 1471 2622 ignis
1497 2578 1541 2611 ab
1567 2579 1671 2623 aqui-

237 2623 321 2655 lone
345 2623 517 2667 impulsus
532 2649 540 2664 ,
564 2625 672 2669 paulo
697 2626 907 2670 post‚quasi
937 2625 981 2657 ab
1007 2629 1126 2658 austro
1154 2625 1352 2668 exagitatus
1367 2650 1375 2665 ,
1401 2624 1570 2670 obliquus
1594 2635 1671 2657 cer-

237 2669 411 2710 nebatur3
437 2676 473 2703 et
498 2681 539 2703 ea
562 2681 705 2716 quoque
731 2671 962 2705 consumebat
989 2682 1081 2716 quae
1102 2671 1217 2703 omnis
1243 2672 1393 2715 periculi
1419 2672 1577 2716 expertia
1601 2682 1670 2715 pu-

237 2715 416 2749 tabantur.
441 2715 480 2750 id
505 2718 636 2751 malum
653 2718 761 2751 etiam
783 2718 956 2762 templum
972 2718 1163 2751 maximum
1180 2717 1471 2761 comprehendit3
1496 2723 1532 2750 et
1557 2728 1668 2763 quae·

237 2773 378 2808 cunque
413 2763 458 2806 ad
485 2764 581 2799 Milii
605 2765 778 2801 fornicem
821 2770 970 2810 vergunt
1007 2770 1042 2798 et
1071 2776 1149 2799 cum
1173 2764 1340 2800 Macrone
1369 2770 1404 2799 et
1427 2763 1666 2809 Synodis'co-
