1878 3230
278 218 287 227 .
330 164 401 206 m:
439 160 633 205 Ammo
675 161 870 205 lsAAcn
912 160 1108 206 ANGEm
1148 160 1230 206 FR.
1273 167 1371 208 Lm.
1397 168 1449 206 11.
1518 146 1632 219 639

200 258 307 306 ἄλλα
336 261 560 317 ἦμαρτῄθη
589 259 644 310 ὥς
674 255 724 302 οὔ
754 276 852 302 ποτε
890 266 976 302 κατ’
1004 257 1133 317 ἄλλην
1168 263 1329 318 α’ρχὴν,
1366 254 1450 306 καῖ’
1475 263 1632 306 παντά-

202 345 306 371 πασι
332 327 381 371 τὰ
406 329 624 380 Ῥωμαίων
653 328 906 382 διέφθαρται
934 325 1183 382 πράγματα,
1210 330 1284 370 καί
1308 327 1353 370 αἱ
1383 328 1515 386 οἷρχαί
1542 344 1631 382 7321-

201 391 335 449 ρόνως
363 393 434 435 καί
459 393 539 446 οὐχ
566 391 625 440 οὖς
653 393 850 446 πρότερον
873 397 959 440 τοῖς
986 392 1191 447 πρίασθαι
1218 394 1391 436 θέλουσι
1414 396 1631 450 προύκειν-

202 474 260 501 το.
319 454 370 514 ἧν
400 453 477 500 οὖν
503 459 581 499 τοῦ
604 457 857 510 βουλομένου
886 454 1041 505 παντὸς
1066 457 1213 514 χώρας
1249 458 1386 514 ἀρχὴν
1413 459 1632 510 &valeniam-

164 527 304 567 5σθαι
345 525 418 566 καί
450 525 527 565 τοῦ
562 523 758 574 μεγίστου
796 520 912 574 παρὰ
936 521 1157 573 Ῥωμαίοις
1196 528 1338 576 τυχεῖν
1383 522 1629 576 ἀξιώματος.

200 587 249 630 οὖ
277 588 400 642 μόνον
425 588 560 630 τοίνυν
589 585 626 626 οἱ
656 587 700 627 ἐν
726 584 910 639 τριόδοις
945 587 1018 627 καί
1053 586 1222 640 α’γοραῖς
1255 587 1328 629 καί
1365 588 1634 641 κολλυβισταί

197 657 271 696 καί
293 655 452 707 πραταὶ
481 654 562 694 τῶν
581 647 742 692 ὀθονῶν
769 650 966 703 σεβαστοί
990 652 1261 706 ἐτιμήθησαν,
1293 649 1400 694 ἄλλα
1431 654 1505 696 καί
1521 654 1629 694 Σκύ-

197 723 274 761 θαι
306 720 381 761 καί
406 716 538 770 Σύροι
563 712 686 758 ιῖἷνιον
714 711 926 771 ἇργυρίων
951 713 1125 770 εὕραντο
1152 716 1198 758 τό
1228 716 1504 772 σεβάζεσθαι,
1541 725 1628 768 τοῖς

196 787 296 840 πρὶν
321 783 620 838 ὑπηρετεῖσθαι
648 779 870 829 δεσπόταις
901 778 1155 839 ἧδοξηκότες.
1211 782 1365 824 τούτων
1392 785 1439 825 δὲ
1465 783 1664 827 πάντωνο

137 868 184 895 ιο
199 851 310 891 αἰτία
337 864 400 898 τις
427 844 499 903 ἦν,
529 847 584 897 ὥς
616 845 792 901 εἴρηται,
821 845 1090 900 πρωτουργὸς
1116 847 1140 901 ἦ
1169 849 1252 889 τῶν
1280 851 1504 902 βασιλικῶν
1524 865 1626 905 φρε-

97 910 103 915 ’
195 916 278 957 ναῖν
304 916 486 970 ἑλαφριά
515 916 587 955 καί
621 911 665 954 τό
708 911 813 967 πρὸς
851 913 1054 966 διοίκησιν
1081 914 1162 954 τῶν
1189 912 1442 967 πραγμάτων
1469 915 1627 970 α’προσ-

195 980 324 1037 φυὲς,
360 981 436 1021 ου’κ
475 979 640 1021 ἔλαττον
677 979 724 1019 δὲ
751 979 822 1019 καὶ
852 976 877 1031 ἦ
906 979 1067 1030 λιχνεία
1093 979 1176 1020 τῶν
1202 980 1299 1034 περὶ
1327 980 1457 1021 αὐτὸν
1482 983 1556 1022 καί
1579 981 1624 1023 τό

181 1045 301 1100 ,πρὸς
339 1043 545 1099 συλλογήν
587 1043 812 1099 χρημάτων
855 1039 1063 1097 ἅπληστόν
1107 1059 1228 1086 τινων
1268 1047 1342 1086 καί
1380 1044 1626 1101 α’κόρεστον,

196 1107 295 1152 ὅθεν
321 1108 402 1152 ὖπό
434 1111 506 1163 τῆς
531 1110 888 1164 γυναικωνίτιδος,
918 1111 992 1149 καί
1017 1105 1111 1149 ὅσοι
1134 1111 1216 1150 τῶν
1241 1111 1285 1159 ἐξ
1313 1112 1476 1164 ἀνδρῶν
1513 1112 1627 1168 αὐτῷ

136 1174 525 1233 ι5προσῳκείωντο,
569 1174 843 1216 διεπεττεύετο
882 1173 934 1215 τά
986 1172 1118 1215 κοινά.
1174 1177 1370 1216 τοσοῦτον
1411 1175 1449 1215 δ’
1477 1176 1626 1230 α’πεῖχε

195 1243 273 1283 τοῦ
293 1242 452 1283 εἰδέναι
479 1240 532 1282 τὰ
560 1236 781 1293 δρώμενα,
810 1239 852 1288 ἐς
882 1235 980 1280 ὅσον
1017 1239 1089 1280 καί
1116 1239 1345 1293 “Ρωμαίων
1383 1240 1623 1294 α’ποσχοινί-
1635 1250 1676 1283 V.
1688 1253 1752 1296 257

194 1308 336 1358 ζονται
356 1303 396 1347 οἱ
423 1307 497 1359 τῆς
527 1304 690 1358 Θοόλης
719 1305 923 1352 οἰκοῦντες
947 1303 998 1344 τὰ
1025 1300 1198 1357 ἔσχατα,
1257 1306 1410 1346 ου’κοῦν
1436 1303 1562 1356 αὐτός
1579 1322 1624 1349 τε

193 1370 216 1412 ὅ
241 1373 314 1426 τῆς
345 1373 481 1426 α’ρχῆς
511 1371 790 1424 πηδαλιοῦχος
817 1369 950 1418 κακῶς
977 1364 1104 1423 ἤκουε
1129 1367 1244 1424 παρὰ
1271 1367 1447 1423 πάντων,
1476 1371 1549 1412 καί
1575 1370 1621 1412 τό

191 1439 236 1486 ἐς
261 1443 439 1492 πρωρεῖς
466 1436 538 1478 καί
561 1437 699 1490 νηΐτας
727 1435 799 1476 ὑπ’
840 1436 998 1477 ἐκείνου
1038 1437 1194 1488 ταχθὲν
1236 1436 1622 1488 παλαμναιοτάταις

127 1517 180 1544 20
191 1504 316 1558 α’ραῖς
341 1500 608 1556 ὖπεβάλλετο.
663 1500 689 1555 ἦ
715 1502 854 1542 τοίνυν
876 1499 1040 1553 βασιλίς
1068 1496 1144 1541 οὔκ
1173 1498 1407 1553 α’νασχετόν
1433 1500 1479 1541 τὸ
1509 1500 1663 1554 γινό-Ι)

188 1584 309 1621 μενον
336 1564 443 1609 οὕτω
472 1568 682 1622 κρίνουσα,
711 1563 777 1606 ὅτι
795 1566 902 1620 μηδὲ
932 1566 1153 1619 διαδρᾶναι
1181 1561 1268 1606 οἷόν
1293 1580 1339 1606 τε
1365 1561 1417 1619 ἦν
1443 1564 1486 1607 τό
1520 1565 1619 1608 ταύ-

282 1684 315 1718 6.
342 1681 388 1716 οὔ
409 1681 532 1728 μόνον
557 1673 632 1725 γὰρ
657 1678 906 1712 καταλλάκται
929 1680 991 1711 καὶ
1015 1678 1132 1716 ἁλιεῖς
1154 1680 1219 1712 καὶ
1245 1679 1381 1713 ναῦται
1408 1680 1469 1712 καὶ
1488 1678 1618 1722 ὀνηλά-

282 1741 344 1764 ται
367 1731 431 1762 καὶ
455 1726 701 1771 πανοπριέται
717 1728 781 1758 καὶ
806 1726 966 1767 κάπηλοι
987 1727 1159 1769 σεβαστοὶ
1180 1725 1412 1770 ἐτιμήθησαν
1437 1719 1529 1759 α’λλᾶ
1554 1727 1619 1759 καὶ

283 1776 446 1822 κόμανοι
472 1775 536 1807 καὶ
566 1773 680 1816 σύροι
705 1771 769 1805 διὰ
793 1771 996 1817 χρημάτων
1031 1773 1203 1815 σεβαστοὶ
1238 1771 1494 1817 ἐτιμήθησαν,
1528 1766 1619 1809 τούς

283 1822 412 1866 πρώην
436 1820 545 1856 ὄντας
573 1819 755 1856 αὐθέντας
779 1818 903 1852 αὐτῶν
932 1819 983 1855 εἰς
1006 1817 1118 1852 οὐδὲν
1145 1816 1361 1863 ἡγούμενοι.
1391 1819 1426 1850 Β.
1567 1829 1616 1851 12.

284 1866 441 1914 λιχνεία]
469 1868 658 1910 λειξουρίιι
685 1866 721 1898 Β.
842 1866 893 1909 14.
920 1862 993 1897 ὑπὸ
1019 1866 1094 1898 ταῖν
1116 1863 1310 1908 εὐνούχων
1343 1866 1407 1897 καὶ
1429 1864 1506 1898 τῶν
1527 1875 1618 1898 παι-

284 1915 482 1949 δοιιούλων
508 1914 582 1946 τῶν
605 1912 876 1957 οἰκειουμένων
904 1909 1003 1944 αὐτῶ
1028 1911 1053 1943 Β
1163 1913 1214 1945 18.
1242 1909 1282 1943 τὸ
1310 1910 1346 1947 ἐς
1369 1909 1545 1957 πρωρεῖς]
1573 1905 1614 1944 tri

283 1961 459 1996 ἐπιτεθὲν
485 1960 573 2003 παρ’
601 1958 718 1992 αὐτοῦ
745 1959 953 2004 κεφάλαιον
982 1959 1035 1995 εἰς
1061 1956 1146 1994 τοὺς
1172 1956 1306 1994 ναύτας
1338 1955 1378 1990 τὸ
1411 1958 1484 1992 νῦν
1510 1956 1619 2002 λεγό-

282 2017 401 2055 μενον
424 2005 646 2041 α’ντίναυλον
669 2005 704 2037 Β.

190 2103 343 2144 peraret.
370 2096 466 2130 unde
490 2107 570 2129 cum
597 2095 679 2128 aliis
702 2095 740 2127 in
768 2094 873 2127 rebus
898 2094 948 2127 ita
979 2098 1163 2138 peccatum
1187 2098 1241 2127 est
1266 2099 1305 2127 ut
1339 2093 1376 2126 in
1406 2092 1508 2125 nullo
1548 2093 1619 2126 alio

191 2145 366 2190 imperio,
390 2149 467 2177 tum
492 2145 648 2175 Romana
675 2152 729 2174 res
763 2140 909 2185 publica
933 2141 1094 2173 funditus
1122 2141 1285 2179 interiit,
1321 2145 1357 2172 et
1395 2140 1620 2183 magistratus

190 2192 294 2237 peius
333 2202 440 2236 quam
474 2190 574 2234 prius
604 2188 749 2221 venales
785 2188 989 2219 extiterunt.
1017 2187 1128 2219 cuivis
1162 2187 1293 2220 licebat
1336 2196 1499 2231 praeesse
1536 2196 1621 2230 pro-

189 2238 329 2271 vinciae
357 2242 394 2270 et
416 2247 591 2269 summum
624 2233 721 2279 apud
746 2234 919 2266 Romanos
956 2233 1143 2278 dignitatis
1180 2233 1323 2278 gradum
1354 2232 1535 2277 consequi.
1569 2232 1621 2265 ita

191 2283 324 2318 sactum
351 2289 392 2316 ut
415 2294 488 2316 non
514 2281 621 2314 modo
649 2279 808 2313 triviales
837 2285 874 2313 et
896 2280 1167 2312 circumforanei
1191 2280 1368 2320 homines,
1390 2278 1622 2311 nummularii

192 2335 231 2362 et
255 2330 456 2369 institores,
482 2328 545 2361 sed
569 2326 720 2371 Scythae
744 2328 852 2360 etiam
876 2332 912 2359 et
939 2326 1017 2369 Syri
1041 2337 1187 2359 excusso
1210 2331 1369 2358 veterum
1395 2324 1620 2358 dominorum

193 2376 276 2419 iugo
299 2376 448 2420 Augusti
474 2380 690 2409 crearentur.
714 2373 839 2406 harum
865 2384 980 2405 rerum
1006 2373 1164 2405 omnium
1182 2398 1191 2414 ‚
1221 2378 1261 2405 ut
1285 2371 1419 2405 dictum
1446 2376 1521 2411 est,
1546 2372 1622 2415 pri-

193 2422 305 2454 maria
327 2433 431 2455 causa
453 2421 523 2454 fuit
546 2421 770 2466 imperatoris
795 2419 969 2460 facilitas,
995 2430 1041 2452 ne
1066 2419 1192 2452 levitas
1217 2418 1351 2458 dicam,
1376 2423 1413 2450 et
1438 2418 1620 2460 ingenium

194 2467 343 2512 imperio
360 2469 531 2512 ineptum.
561 2478 603 2500 eo
631 2466 824 2500 accedebat
846 2466 1075 2498 familiarium
1105 2465 1181 2498 eius
1208 2465 1382 2510 ingluvies
1407 2468 1443 2496 et
1461 2473 1622 2507 quorun-

195 2513 276 2546 dam
303 2514 532 2558 inexplebilis
561 2514 719 2547 avaritia.
747 2513 871 2557 itaque
899 2512 1112 2545 mulieribus
1130 2517 1166 2545 et
1183 2511 1349 2556 *cognatis
1370 2510 1446 2543 eius
1475 2519 1528 2540 res
1553 2518 1621 2551 pu-

194 2559 290 2592 blica
321 2559 477 2592 ludibrio
497 2566 583 2593 erat.
606 2561 682 2606 ipse
708 2570 792 2592 vero
822 2559 911 2603 quid
935 2570 1051 2591 rerum
1080 2564 1279 2603 gereretur,
1319 2568 1392 2590 non
1418 2554 1527 2597 magis
1554 2563 1621 2585 no-

196 2611 250 2638 rat
273 2617 375 2650 quam
400 2607 460 2649 qui
491 2607 528 2638 in
569 2613 723 2640 extrema
753 2605 871 2638 Thule
898 2605 1069 2639 habitant.
1104 2605 1187 2637 hinc
1227 2610 1262 2636 et
1300 2604 1376 2647 ipse
1407 2600 1620 2644 gubernator

186 2653 345 2696 *pessime
372 2651 467 2695 apud
490 2663 608 2693 omnes
631 2652 818 2692 audiebat,
848 2658 884 2684 et
911 2657 1075 2696 proretae
1108 2663 1147 2683 ac
1182 2656 1310 2683 nautae
1346 2657 1464 2680 omnes
1499 2644 1542 2676 ab
1576 2655 1618 2677 eo

197 2701 327 2733 delecti
355 2698 574 2732 atrocissimis
601 2698 683 2732 diris
707 2698 981 2732 devovebautur.
1006 2698 1208 2741 imperatrix
1235 2706 1330 2733 vero,
1354 2703 1443 2737 quae
1473 2702 1529 2724 eas
1563 2701 1617 2724 res
