1878 3230
283 160 397 222 6όο
633 160 635 163 ’
691 179 918 222 mcss'mss
956 177 1266 220 cHoNlATAE

281 283 407 339 ξηρὰν
435 280 648 336 οἷροῦσθαι
681 281 727 321 δὲ
754 274 829 333 τὴν
853 272 1124 331 θάλασσανῆ
1152 274 1204 317 τοὶ
1229 270 1306 330 ὄρη
1334 276 1379 317 έν
1405 278 1595 331 καρδίαις
1621 281 1703 320 θα-

153 360 186 394 Ρ.
202 361 266 405 293
280 349 443 391 λασσῶν
469 343 779 398 μετατιθεσθαι,
809 341 891 385 εἴτε
917 341 1014 396 μήν,
1043 340 1098 390 ὥς
1118 340 1139 382 ὃ
1168 341 1305 393 μῦθος
1325 339 1532 393 βούλεται,
1554 339 1705 395 Ὀλύμ-

279 428 342 469 πῳ
359 406 509 452 ’‘A-‘hav
535 408 883 452 ἐπανατίθεσθαι.
954 403 1064 448 οὕτω
1093 408 1140 448 δὲ
1165 407 1300 448 ’ταῦτα
1331 410 1462 447 πάντα
1488 405 1707 457 τετελεκώς

278 474 306 530 ἢ
348 478 507 529 μᾶλλον
547 474 863 526 συντετελεκώς,
894 472 1141 526 οἰκειότερον
1182 473 1328 524 εἰπεῖν,
1366 469 1422 519 ὥς
1457 473 1707 525 χαρίζεσθαι

277 544 335 598 τῷ
355 542 486 598 καιρῷ
512 540 585 582 καί
611 545 694 588 τοῖς
722 538 936 594 πράγμασι
970 535 1213 590 βιαζόμενος
1241 535 1457 592 διαφίησιν
1483 534 1627 576 ἔπειτα
1654 533 1744 580 τὰὄ

278 603 569 661 στρατεύματα
611 606 670 654 εἰς
699 600 782 660 ἢθη
826 602 876 646 τὰ
904 605 1034 645 οἰκεῖα
1064 603 1323 654 ἐπανελθεῖν,
1352 602 1510 655 μηδένα
1538 602 1710 652 θέμενος

281 671 398 726 λόγον
417 673 457 713 εἰ
472 668 525 712 τὰ
545 672 590 712 έν
612 672 734 712 ποσίν
764 669 801 711 οἱ
823 668 986 722 Βλάχοι
1014 669 1223 722 ληΐζονται
1249 664 1355 719 μετὰ
1370 667 1546 707 Σκυθῶν
1573 664 1711 714 ἐπιόν-

280 752 361 785 τες.
415 734 488 777 καί
518 733 643 784 αὐτὸς
667 737 746 788 μὲν
770 735 846 775 ούκ
874 731 1005 781 εὐθὺς
1035 732 1184 787 ῥυτῆρι
1211 732 1419 785 παντίτῆς
1447 731 1506 780 εἰς
1534 729 1608 784 τὴν
1635 727 1711 771 πό-

280 807 347 844 λιν
367 798 530 857 ἧψατο,
558 797 646 842 ἀλλ’
673 800 730 849 ὥς
762 800 835 841 τοῦ
875 799 1063 854 ἀδελφοῦ
1093 791 1368 850 συσχεθέντος
1395 798 1468 838 καί
1494 796 1712 850 πηρωθέν-

278 884 344 918 τος
385 867 545 920 μηδένα
575 863 849 921 ὑφορώμενος
879 863 1067 905 κίνδυνον
1088 893 1101 915 ,
1143 860 1275 917 βάδην
1303 861 1376 903 καί
1400 867 1483 911 τοῖς
1513 864 1711 914 σταθμοῖς
1731 880 1776 906 ιο

282 931 557 987 ἐμβραδύνων
586 929 813 985 ἐπορεύετο.
871 923 951 983 ἤδη
979 926 1057 982 γὰρ
1088 930 1160 969 καί
1186 926 1232 969 τὸ
1259 929 1330 982 τῆς
1351 928 1558 975 πολιτείας
1584 925 1712 968 αύτὸν
1780 922 1782 924 ’

285 994 554 1052 α’νευφὴμησε
597 992 830 1050 πλήρωμα,
865 995 937 1035 καί
977 991 1081 1049 πρὸς
1115 995 1186 1047 τῆς
1218 990 1412 1046 γυναικός
1438 989 1714 1047 Εὐφροσύνης

286 1064 312 1118 ἢ
339 1059 487 1105 τούτου
518 1062 824 1117 προητοιμαστο
853 1059 1040 1112 εἴσοδος,
1069 1059 1115 1101 τό
1147 1074 1192 1101 τε
1218 1059 1290 1113 τῆς
1317 1055 1543 1113 συγκλήτου
1574 1059 1714 1111 μέρος,

248 1130 328 1170 Βεί
354 1129 426 1168 καί
443 1125 500 1180 μὴ
531 1123 654 1179 ἅπαν,
683 1125 838 1179 ἱλαρῶς
875 1122 955 1167 ὅσα
982 1123 1018 1166 οἱ
1047 1124 1328 1179 ξυνενήνεκται
1356 1118 1510 1178 ἤνεγκε,
1538 1121 1610 1164 καί
1635 1124 1717 1164 τῶν

288 1194 334 1234 ἐκ
364 1194 438 1233 τοῦ
480 1191 615 1245 δήμου
657 1189 763 1246 πρὸς
802 1189 877 1244 τήν
917 1189 1045 1244 α’κοὴν
1089 1191 1170 1231 τῶν
1207 1185 1464 1243 ἠγγελμένων
1499 1189 1620 1230 ου’δέν
1653 1191 1780 1237 τις·ι5

289 1257 532 1298 ἀτάσθαλον
556 1253 829 1308 ἐνεόχμωσεν,
861 1251 949 1295 ἀλλ’
980 1254 1191 1309 ἠρέμησαν
1214 1255 1293 1306 μὲν
1317 1253 1466 1302 πάντες
1496 1254 1568 1294 καί
1596 1267 1719 1294 συνε-

289 1318 548 1375 πευδόκησαν
581 1325 667 1368 τοῖς
694 1315 961 1372 ἇκουσθεῖσι,
997 1317 1102 1374 μήτε
1129 1319 1454 1371 βατταρίσαντες
1483 1316 1588 1372 μήτε
1615 1314 1720 1359 ‹lvd-

291 1388 504 1443 φλεγέντες
555 1382 660 1439 πρὸς
713 1385 879 1425 δικαιάν
919 1382 1045 1438 ὄργὴν
1090 1378 1151 1431 οἷς
1188 1381 1335 1432 εἰωθὸς
1372 1384 1509 1431 αὐτοῖς
1545 1383 1720 1435 βασιλέα

289 1454 536 1505 χειροτονεῖν
563 1447 644 1490 ὖπό
675 1450 758 1491 τῶν
786 1450 1073 1503 στρατοπέδων
1101 1450 1173 1489 καί
1197 1449 1320 1489 τοῦτο
1349 1445 1598 1504 ἀφῄρηνται.
1628 1448 1722 1488 ἐπεὶ

293 1518 340 1558 δὲ
365 1513 466 1570 πρὸς
503 1512 548 1556 τὸ
569 1515 763 1568 μέγιστον
805 1514 972 1567 α’ρχεῖον
1001 1512 1027 1568 ἦ
1063 1511 1263 1554 δούκαινα
1293 1508 1548 1568 Εὗφροσύνη
1577 1508 1718 1566 ἄρασα
1731 1529 1782 1556 20

291 1577 471 1636 ἤλαυνε,
499 1576 594 1621 τότε
626 1577 676 1633 δὴ
697 1578 778 1620 τῶν
800 1579 1022 1631 βαναύσων
1048 1577 1122 1619 καί
1151 1577 1387 1631 ξυγκλύδων
1413 1580 1522 1626 τινὲς
1549 1577 1720 1633 φιλοτά-

293 1660 421 1701 ραχοι
449 1641 634 1700 φατρίαν
665 1640 933 1698 κροτήσαντες
960 1641 1032 1684 καί
1061 1641 1305 1698 σύστρεμμα
1333 1641 1609 1699 ποιησάμενοί
1629 1657 1721 1684 τινα

295 1710 638 1765 Κοντοστέφανον
666 1704 842 1761 ὀνόματι
870 1708 1075 1759 Ἀλέξων,
1104 1709 1146 1757 ἐς
1172 1706 1218 1751 τὸ
1243 1708 1436 1762 μέγιστον
1464 1709 1721 1762 ξυλλεγέντες

387 1827 420 1860 3.
449 1822 556 1858 οὔπω
580 1822 619 1857 δὲ
635 1824 757 1860 πάντα
780 1835 823 1870 pr
850 1823 888 1857 A.
1048 1823 1198 1861 τελέσας
1238 1821 1259 1866 ἢ
1289 1824 1433 1870 μᾶλλον
1470 1822 1656 1862 ἀπολέσας
1681 1824 1722 1859 Β.

386 1874 422 1906 6.
446 1871 514 1913 ἔθη
539 1871 648 1904 APW.
815 1881 871 1905 20.
894 1869 914 1912 ἦ
939 1868 1137 1917 δούκαινα]
1165 1869 1188 1911 ἤ
1208 1872 1276 1904 τοῦ
1301 1869 1451 1910 ‹ile-§lov
1478 1870 1658 1909 σύνευνος
1680 1870 1719 1903 A.

388 1929 446 1952 22.
470 1917 593 1964 φατρ.]
618 1916 892 1963 δμονοὴσαντες
917 1918 982 1950 καὶ
1002 1918 1218 1964 κουμπανία
1242 1919 1314 1964 μία
1334 1916 1534 1964 γενόμενοι
1558 1917 1597 1953 B.
1665 1918 1721 1950 23.

390 1964 448 2001 ἄλ.
470 1964 528 2000 ἐπ’
550 1964 692 2012 α’γορᾶς
715 1963 826 2010 α’ναγ.
850 1964 890 1997 Α.

301 2084 384 2123 epta
408 2077 563 2112 dictione
587 2082 786 2120 constaret,
826 2078 899 2112 sive
926 2083 967 2113 ut
989 2088 1083 2111 mare
1107 2087 1228 2119 arare,
1260 2083 1355 2111 terra
1374 2077 1536 2122 navigare
1559 2082 1596 2110 et
1620 2087 1722 2110 mon-

302 2130 355 2158 tes
389 2124 427 2157 in
458 2124 613 2157 medium
644 2136 739 2158 mare
778 2124 992 2166 transferre,
1026 2125 1099 2158 sive
1136 2126 1191 2169 (ut
1222 2129 1278 2157 est
1305 2124 1343 2156 in
1377 2123 1521 2167 fabulis)
1543 2128 1584 2155 ut
1602 2122 1720 2155 Athon

302 2171 454 2214 Olympo
490 2171 672 2215 imponere
714 2171 857 2212 liceret,
893 2177 1042 2216 peteres.
1077 2170 1132 2203 his
1169 2170 1275 2203 rebus
1300 2169 1462 2203 omnibus
1485 2170 1534 2201 ita
1553 2169 1721 2213 perfectis

301 2217 360 2249 vel
385 2217 502 2260 potius
531 2217 713 2258 confectis,
738 2218 838 2262 quasi
862 2222 1059 2263 temporum
1083 2223 1120 2250 et
1145 2227 1259 2249 rerum
1284 2215 1479 2249 conditioni
1506 2215 1634 2248 servire
1663 2227 1722 2248 co-

301 2268 423 2302 actus,
459 2263 616 2306 legiones
652 2263 794 2296 domum
832 2262 928 2295 abire
962 2264 1070 2304 sinit,
1106 2262 1198 2295 nihil
1229 2273 1351 2294 curans
1377 2260 1473 2305 quod
1497 2261 1618 2293 Blachi
1644 2273 1722 2294 cum

302 2308 443 2351 Scythis
486 2308 589 2341 obvia
623 2319 786 2354 quaeque
807 2315 996 2343 vastarent.
1025 2315 1061 2342 et
1086 2310 1161 2353 ipse
1188 2319 1261 2341 non
1285 2307 1401 2340 statim
1424 2307 1462 2339 in
1490 2307 1613 2340 urbem
1639 2319 1723 2352 pro-

301 2360 424 2399 perat,
448 2353 512 2386 sed
539 2355 645 2387 fratre
670 2362 771 2400 capto
797 2361 833 2388 et
859 2361 1043 2389 excaecato
1066 2354 1156 2388 nihil
1179 2354 1329 2399 periculi
1351 2358 1525 2394 metuens,
1547 2353 1723 2398 pedeten-

302 2401 366 2434 tim
387 2412 426 2433 ac
447 2411 511 2444 per
536 2401 646 2434 otium
669 2402 706 2433 in
734 2401 934 2434 diversoriis
957 2399 1201 2434 commorando
1227 2399 1470 2444 proficiscitur.
1490 2400 1558 2431 iam
1587 2400 1679 2432 enim
1702 2411 1723 2433 a

301 2446 435 2480 civibus
461 2457 603 2492 quoque
629 2445 826 2480 declaratus
851 2447 1041 2491 imperator
1064 2453 1100 2480 et
1125 2458 1144 2479 a
1168 2447 1314 2489 coniuge
1337 2445 1566 2490 Euphrosyne⁴
1588 2446 1724 2490 ingres-

302 2505 360 2527 sus
401 2493 434 2525 ei
468 2498 695 2537 praeparatus
723 2498 816 2534 erat3
861 2498 897 2525 et
919 2498 1086 2534 senatus,
1112 2492 1196 2525 licet
1217 2503 1289 2524 non
1314 2497 1426 2533 totus,
1453 2492 1527 2524 eius
1553 2493 1724 2526 successi-

301 2539 370 2574 bus
393 2538 599 2571 laetabatur.
623 2549 739 2584 neque
764 2538 866 2583 plebs
894 2538 939 2570 ad
966 2539 1061 2571 illius
1089 2538 1291 2571 mutationis
1320 2538 1444 2570 famam
1468 2539 1641 2577 concitata
1665 2539 1723 2571 vel

303 2586 402 2619 novis
428 2584 530 2618 rebus
555 2584 690 2618 studuit
714 2585 771 2618 vel
791 2585 882 2617 iusta
909 2584 1087 2617 iracundia
1117 2585 1256 2624 exarsit,
1282 2584 1377 2628 quod
1403 2585 1622 2629 imperatoris
1647 2596 1683 2618 cr
1705 2605 1723 2612 -

302 2632 384 2664 andi
411 2632 627 2676 privilegium
648 2643 668 2663 a
691 2630 860 2664 militibus
879 2630 947 2664 sibi
966 2636 1124 2675 ereptum
1137 2636 1248 2663 esset:
1277 2629 1338 2663 sed
1354 2631 1565 2675 quieveruut
1586 2636 1623 2664 et
1646 2642 1685 2665 ac
1703 2642 1722 2664 a

304 2677 577 2723 comprobarunt
611 2688 739 2711 omnes.
777 2683 951 2710 caeterum
976 2688 1051 2710 cnm
1077 2678 1204 2710 coniux
1228 2677 1302 2709 eius
1333 2677 1469 2710 ducissa
1495 2676 1722 2721 Euphrosyna

307 2726 344 2759 iu
370 2735 530 2769 magnum
545 2724 715 2771 palatium
740 2723 874 2765 abiret,
897 2729 971 2758 tum
989 2735 1070 2758 vero
1097 2723 1266 2758 colluvies
1289 2724 1452 2770 opificum
1476 2728 1513 2758 et
1534 2722 1723 2758 turbuien-
