<?xml version="1.0" encoding="UTF-8"?>
<!DOCTYPE html PUBLIC "-//W3C//DTD XHTML 1.0 Transitional//EN"
    "http://www.w3.org/TR/xhtml1/DTD/xhtml1-transitional.dtd">
<html xmlns="http://www.w3.org/1999/xhtml" xml:lang="en" lang="en">
 <head>
  <title>
</title>
<meta http-equiv="Content-Type" content="text/html;charset=utf-8" />
  <meta name='ocr-system' content='tesseract 3.04.00' />
  <meta name='ocr-capabilities' content='ocr_page ocr_carea ocr_par ocr_line ocrx_word'/>
</head>
<body>
  <div class='ocr_page' id='page_1' title='image "./corpusscriptorum41niebuoft/corpusscriptorum41niebuoft_0152.png"; bbox 0 0 1838 3210; ppageno 0'>
   <div class='ocr_carea' id='block_1_1' title="bbox 273 174 1241 215">
    <p class='ocr_par' dir='ltr' id='par_1_1' title="bbox 273 174 1241 215">
     <span class='ocr_line' id='line_1_1' title="bbox 273 174 1241 215; baseline 0.007 -7"><span class='ocrx_word' id='word_1_1' title='bbox 273 174 288 207; x_wconf 88' lang='lat'>1</span> <span class='ocrx_word' id='word_1_2' title='bbox 306 175 332 209; x_wconf 82' lang='lat'>2</span> <span class='ocrx_word' id='word_1_3' title='bbox 344 175 371 210; x_wconf 85' lang='lat'><em>2</em></span> <span class='ocrx_word' id='word_1_4' title='bbox 667 174 894 215; x_wconf 83' lang='lat' dir='ltr'><strong>NICETAE</strong></span> <span class='ocrx_word' id='word_1_5' title='bbox 930 174 1241 215; x_wconf 82' lang='lat' dir='ltr'>CHONIATAE</span> 
     </span>
    </p>
   </div>
   <div class='ocr_carea' id='block_1_2' title="bbox 147 267 1749 1894">
    <p class='ocr_par' dir='ltr' id='par_1_2' title="bbox 147 267 1749 1894">
     <span class='ocr_line' id='line_1_2' title="bbox 260 267 1689 326; baseline -0.003 -12"><span class='ocrx_word' id='word_1_6' title='bbox 260 289 345 325; x_wconf 82' lang='grc' dir='ltr'><em>ροις</em></span> <span class='ocrx_word' id='word_1_7' title='bbox 373 276 447 316; x_wconf 74' lang='grc' dir='ltr'><em>καί</em></span> <span class='ocrx_word' id='word_1_8' title='bbox 489 274 615 326; x_wconf 78' lang='grc' dir='ltr'><em>μέχρι</em></span> <span class='ocrx_word' id='word_1_9' title='bbox 652 273 727 312; x_wconf 79' lang='grc' dir='ltr'><em>τοῦ</em></span> <span class='ocrx_word' id='word_1_10' title='bbox 757 272 900 311; x_wconf 83' lang='grc' dir='ltr'><em>δοῦναι</em></span> <span class='ocrx_word' id='word_1_11' title='bbox 939 273 1010 312; x_wconf 76' lang='grc' dir='ltr'><em>καί</em></span> <span class='ocrx_word' id='word_1_12' title='bbox 1038 275 1179 324; x_wconf 80' lang='grc' dir='ltr'><em>λαβεῖν</em></span> <span class='ocrx_word' id='word_1_13' title='bbox 1205 271 1506 326; x_wconf 71' lang='grc' dir='ltr'><strong><em>ἐγκαρτερήσας</em></strong></span> <span class='ocrx_word' id='word_1_14' title='bbox 1527 267 1689 324; x_wconf 70' lang='grc' dir='ltr'><em>,πληγάς</em></span> 
     </span>
     <span class='ocr_line' id='line_1_3' title="bbox 257 331 1688 389; baseline -0.003 -11"><span class='ocrx_word' id='word_1_15' title='bbox 257 337 352 387; x_wconf 79' lang='grc' dir='ltr'><em>τοὺς</em></span> <span class='ocrx_word' id='word_1_16' title='bbox 381 336 610 383; x_wconf 78' lang='grc' dir='ltr'><em>δακτύλους</em></span> <span class='ocrx_word' id='word_1_17' title='bbox 628 338 708 376; x_wconf 86' lang='grc' dir='ltr'><em>τῶν</em></span> <span class='ocrx_word' id='word_1_18' title='bbox 735 336 889 388; x_wconf 79' lang='grc' dir='ltr'><em>χειρῶν</em></span> <span class='ocrx_word' id='word_1_19' title='bbox 917 335 1168 388; x_wconf 82' lang='grc' dir='ltr'><em>α’πεβάλετο,</em></span> <span class='ocrx_word' id='word_1_20' title='bbox 1202 338 1362 377; x_wconf 78' lang='grc' dir='ltr'><em>πολλῶν</em></span> <span class='ocrx_word' id='word_1_21' title='bbox 1387 331 1688 389; x_wconf 76' lang='grc' dir='ltr'><em>ἐπιβρισάντων</em></span> 
     </span>
     <span class='ocr_line' id='line_1_4' title="bbox 255 398 1687 458; baseline -0.003 -15"><span class='ocrx_word' id='word_1_22' title='bbox 255 400 394 458; x_wconf 64' lang='grc' dir='ltr'><em>ἐκείνῳ</em></span> <span class='ocrx_word' id='word_1_23' title='bbox 423 403 601 454; x_wconf 80' lang='grc' dir='ltr'><em>Σέρβων.</em></span> <span class='ocrx_word' id='word_1_24' title='bbox 657 401 730 440; x_wconf 81' lang='grc' dir='ltr'>καί</span> <span class='ocrx_word' id='word_1_25' title='bbox 755 399 953 452; x_wconf 76' lang='grc' dir='ltr'><em>βασιλεῦς</em></span> <span class='ocrx_word' id='word_1_26' title='bbox 983 403 1026 442; x_wconf 75' lang='grc' dir='ltr'><em>δὲ</em></span> <span class='ocrx_word' id='word_1_27' title='bbox 1058 401 1180 451; x_wconf 67' lang='grc' dir='ltr'><em>αὑτὸς</em></span> <span class='ocrx_word' id='word_1_28' title='bbox 1211 398 1314 442; x_wconf 73' lang='grc' dir='ltr'><em>κατὰ</em></span> <span class='ocrx_word' id='word_1_29' title='bbox 1345 398 1606 452; x_wconf 69' lang='grc' dir='ltr'><em>μονομαχίαν</em></span> <span class='ocrx_word' id='word_1_30' title='bbox 1630 399 1687 454; x_wconf 76' lang='grc' dir='ltr'><em>τῷ</em></span> 
     </span>
     <span class='ocr_line' id='line_1_5' title="bbox 257 463 1686 522; baseline -0.002 -15"><span class='ocrx_word' id='word_1_31' title='bbox 257 463 551 521; x_wconf 71' lang='grc' dir='ltr'><em>α’ρχιζουπὰνῳ</em></span> <span class='ocrx_word' id='word_1_32' title='bbox 579 466 775 521; x_wconf 77' lang='grc' dir='ltr'><em>Βακχίνῳ</em></span> <span class='ocrx_word' id='word_1_33' title='bbox 805 467 1070 520; x_wconf 75' lang='grc' dir='ltr'><em>προσέμιξεν,</em></span> <span class='ocrx_word' id='word_1_34' title='bbox 1100 464 1280 522; x_wconf 77' lang='grc' dir='ltr'><em>ἡρωϊκὸν</em></span> <span class='ocrx_word' id='word_1_35' title='bbox 1305 463 1578 521; x_wconf 79' lang='grc' dir='ltr'><em>προφαίνοντι</em></span> <span class='ocrx_word' id='word_1_36' title='bbox 1604 465 1686 504; x_wconf 82' lang='grc' dir='ltr'><em>σῶ-</em></span> 
     </span>
     <span class='ocr_line' id='line_1_6' title="bbox 253 526 1724 586; baseline -0.003 -14"><span class='ocrx_word' id='word_1_37' title='bbox 253 548 315 583; x_wconf 82' lang='grc' dir='ltr'><em>μα</em></span> <span class='ocrx_word' id='word_1_38' title='bbox 347 533 419 572; x_wconf 82' lang='grc' dir='ltr'><em>καί</em></span> <span class='ocrx_word' id='word_1_39' title='bbox 446 529 708 585; x_wconf 65' lang='grc' dir='ltr'><em>αὐτουργούς</em></span> <span class='ocrx_word' id='word_1_40' title='bbox 733 537 880 584; x_wconf 84' lang='grc' dir='ltr'><em>χεῖρας</em></span> <span class='ocrx_word' id='word_1_41' title='bbox 904 532 947 580; x_wconf 76' lang='grc' dir='ltr'><em>ἐξ</em></span> <span class='ocrx_word' id='word_1_42' title='bbox 975 526 1100 583; x_wconf 80' lang='grc' dir='ltr'><em>ῶμων</em></span> <span class='ocrx_word' id='word_1_43' title='bbox 1132 528 1300 586; x_wconf 79' lang='grc' dir='ltr'><em>φύοντι·</em></span> <span class='ocrx_word' id='word_1_44' title='bbox 1359 528 1430 571; x_wconf 74' lang='grc' dir='ltr'><em>καὶ</em></span> <span class='ocrx_word' id='word_1_45' title='bbox 1455 528 1478 570; x_wconf 80' lang='lat' dir='ltr'><em>o‘</em></span> <span class='ocrx_word' id='word_1_46' title='bbox 1503 530 1581 581; x_wconf 80' lang='grc' dir='ltr'><em>μὲν</em></span> <span class='ocrx_word' id='word_1_47' title='bbox 1610 529 1724 568; x_wconf 68' lang='grc' dir='ltr'><em>κει-5</em></span> 
     </span>
     <span class='ocr_line' id='line_1_7' title="bbox 147 592 1684 652; baseline 0.001 -20"><span class='ocrx_word' id='word_1_48' title='bbox 147 594 303 637; x_wconf 68' lang='lat' dir='ltr'><em>nond</em></span> <span class='ocrx_word' id='word_1_49' title='bbox 331 597 412 637; x_wconf 87' lang='grc' dir='ltr'><em>τῶν</em></span> <span class='ocrx_word' id='word_1_50' title='bbox 439 593 671 649; x_wconf 80' lang='grc' dir='ltr'><em>προσώπων</em></span> <span class='ocrx_word' id='word_1_51' title='bbox 699 595 868 650; x_wconf 82' lang='grc' dir='ltr'><em>πλήττει</em></span> <span class='ocrx_word' id='word_1_52' title='bbox 897 595 968 637; x_wconf 86' lang='grc' dir='ltr'><em>τὸν</em></span> <span class='ocrx_word' id='word_1_53' title='bbox 987 598 1164 649; x_wconf 83' lang='grc' dir='ltr'><em>βασιλέα</em></span> <span class='ocrx_word' id='word_1_54' title='bbox 1185 598 1258 637; x_wconf 81' lang='grc' dir='ltr'><em>καί</em></span> <span class='ocrx_word' id='word_1_55' title='bbox 1285 596 1441 652; x_wconf 75' lang='grc' dir='ltr'><em>διαθλᾷ</em></span> <span class='ocrx_word' id='word_1_56' title='bbox 1466 592 1512 636; x_wconf 81' lang='grc' dir='ltr'><em>τὸ</em></span> <span class='ocrx_word' id='word_1_57' title='bbox 1540 595 1585 635; x_wconf 83' lang='grc' dir='ltr'><em>ἐκ</em></span> <span class='ocrx_word' id='word_1_58' title='bbox 1610 594 1684 635; x_wconf 81' lang='grc' dir='ltr'><em>τοῦ</em></span> 
     </span>
     <span class='ocr_line' id='line_1_8' title="bbox 250 657 1683 716; baseline -0.001 -16"><span class='ocrx_word' id='word_1_59' title='bbox 250 659 428 713; x_wconf 82' lang='grc' dir='ltr'><em>κράνους</em></span> <span class='ocrx_word' id='word_1_60' title='bbox 473 664 809 715; x_wconf 81' lang='grc' dir='ltr'><em>κατακεχυμένον</em></span> <span class='ocrx_word' id='word_1_61' title='bbox 848 662 931 702; x_wconf 84' lang='grc' dir='ltr'><em>τῶν</em></span> <span class='ocrx_word' id='word_1_62' title='bbox 961 657 1101 714; x_wconf 74' lang='grc' dir='ltr'><em>ὄψεων</em></span> <span class='ocrx_word' id='word_1_63' title='bbox 1133 664 1291 704; x_wconf 79' lang='grc' dir='ltr'><em>ἐκείνου</em></span> <span class='ocrx_word' id='word_1_64' title='bbox 1323 658 1517 716; x_wconf 74' lang='grc' dir='ltr'><em>σιδήρεον</em></span> <span class='ocrx_word' id='word_1_65' title='bbox 1544 674 1683 712; x_wconf 84' lang='grc' dir='ltr'><em>παρα-</em></span> 
     </span>
     <span class='ocr_line' id='line_1_9' title="bbox 249 722 1714 784; baseline -0.001 -18"><span class='ocrx_word' id='word_1_66' title='bbox 249 728 470 778; x_wconf 82' lang='grc' dir='ltr'><em>πέτασμα,</em></span> <span class='ocrx_word' id='word_1_67' title='bbox 504 725 527 766; x_wconf 81' lang='grc' dir='ltr'>ὅ</span> <span class='ocrx_word' id='word_1_68' title='bbox 557 727 603 768; x_wconf 84' lang='grc' dir='ltr'><em>δὲ</em></span> <span class='ocrx_word' id='word_1_69' title='bbox 631 725 705 781; x_wconf 83' lang='grc' dir='ltr'><em>τήν</em></span> <span class='ocrx_word' id='word_1_70' title='bbox 733 731 858 780; x_wconf 82' lang='grc' dir='ltr'><em>χεῖρα</em></span> <span class='ocrx_word' id='word_1_71' title='bbox 886 725 1031 768; x_wconf 79' lang='grc' dir='ltr'><em>τούτου</em></span> <span class='ocrx_word' id='word_1_72' title='bbox 1053 729 1112 784; x_wconf 71' lang='grc' dir='ltr'><em>τῷ</em></span> <span class='ocrx_word' id='word_1_73' title='bbox 1139 727 1250 783; x_wconf 80' lang='grc' dir='ltr'><em>ξίφει</em></span> <span class='ocrx_word' id='word_1_74' title='bbox 1278 725 1451 781; x_wconf 76' lang='grc' dir='ltr'><em>διήλασε</em></span> <span class='ocrx_word' id='word_1_75' title='bbox 1486 726 1558 766; x_wconf 81' lang='grc' dir='ltr'><em>καί</em></span> <span class='ocrx_word' id='word_1_76' title='bbox 1583 722 1685 769; x_wconf 78' lang='grc' dir='ltr'><em>ἀπὸ·</em></span> <span class='ocrx_word' id='word_1_77' title='bbox 1711 776 1714 779; x_wconf 19' lang='grc' dir='ltr'>ι</span> 
     </span>
     <span class='ocr_line' id='line_1_10' title="bbox 249 788 1685 847; baseline -0.003 -15"><span class='ocrx_word' id='word_1_78' title='bbox 249 795 372 842; x_wconf 81' lang='grc' dir='ltr'><em>λεμον</em></span> <span class='ocrx_word' id='word_1_79' title='bbox 417 788 546 841; x_wconf 76' lang='grc' dir='ltr'><em>ἔδειξε</em></span> <span class='ocrx_word' id='word_1_80' title='bbox 572 789 646 832; x_wconf 81' lang='grc' dir='ltr'>καί</span> <span class='ocrx_word' id='word_1_81' title='bbox 686 792 865 845; x_wconf 81' lang='grc' dir='ltr'><em>ζωγριάν</em></span> <span class='ocrx_word' id='word_1_82' title='bbox 907 792 952 832; x_wconf 82' lang='grc' dir='ltr'><em>ἐκ</em></span> <span class='ocrx_word' id='word_1_83' title='bbox 979 793 1100 832; x_wconf 81' lang='grc' dir='ltr'><em>τοῦδε</em></span> <span class='ocrx_word' id='word_1_84' title='bbox 1131 791 1390 847; x_wconf 79' lang='grc' dir='ltr'><em>συνείληφεν.</em></span> <span class='ocrx_word' id='word_1_85' title='bbox 1447 788 1503 838; x_wconf 81' lang='grc' dir='ltr'><em>ῶς</em></span> <span class='ocrx_word' id='word_1_86' title='bbox 1535 789 1582 830; x_wconf 83' lang='grc' dir='ltr'><em>δὲ</em></span> <span class='ocrx_word' id='word_1_87' title='bbox 1613 788 1685 829; x_wconf 78' lang='grc' dir='ltr'><strong><em>καί</em></strong></span> 
     </span>
     <span class='ocr_line' id='line_1_11' title="bbox 247 852 1749 911; baseline 0.001 -15"><span class='ocrx_word' id='word_1_88' title='bbox 247 852 358 896; x_wconf 77' lang='grc' dir='ltr'><em>οὕτω</em></span> <span class='ocrx_word' id='word_1_89' title='bbox 381 852 600 907; x_wconf 82' lang='grc' dir='ltr'><em>Ῥωμαίοις</em></span> <span class='ocrx_word' id='word_1_90' title='bbox 643 857 793 911; x_wconf 74' lang='grc' dir='ltr'><em>αἰθρία</em></span> <span class='ocrx_word' id='word_1_91' title='bbox 831 858 941 909; x_wconf 84' lang='grc' dir='ltr'><em>νίκης</em></span> <span class='ocrx_word' id='word_1_92' title='bbox 968 857 1183 908; x_wconf 78' lang='grc' dir='ltr'><em>ἐπέλαμψε</em></span> <span class='ocrx_word' id='word_1_93' title='bbox 1219 856 1301 898; x_wconf 85' lang='grc' dir='ltr'><em>τῶν</em></span> <span class='ocrx_word' id='word_1_94' title='bbox 1327 853 1555 909; x_wconf 81' lang='grc' dir='ltr'><em>βαρβάρων</em></span> <span class='ocrx_word' id='word_1_95' title='bbox 1587 855 1680 894; x_wconf 86' lang='grc' dir='ltr'><em>δια·</em></span> <span class='ocrx_word' id='word_1_96' title='bbox 1700 871 1749 898; x_wconf 82' lang='grc' dir='ltr'><em>ιο</em></span> 
     </span>
     <span class='ocr_line' id='line_1_12' title="bbox 246 920 1681 976; baseline 0 -17"><span class='ocrx_word' id='word_1_97' title='bbox 246 922 458 961; x_wconf 76' lang='grc' dir='ltr'><em>λυθέντων</em></span> <span class='ocrx_word' id='word_1_98' title='bbox 501 921 616 975; x_wconf 85' lang='grc' dir='ltr'><em>δίκην</em></span> <span class='ocrx_word' id='word_1_99' title='bbox 644 923 797 976; x_wconf 80' lang='grc' dir='ltr'><em>νεφῶν,</em></span> <span class='ocrx_word' id='word_1_100' title='bbox 838 923 915 962; x_wconf 91' lang='grc' dir='ltr'><em>κα’κ</em></span> <span class='ocrx_word' id='word_1_101' title='bbox 937 924 1017 962; x_wconf 86' lang='grc' dir='ltr'><em>τῶν</em></span> <span class='ocrx_word' id='word_1_102' title='bbox 1052 922 1333 975; x_wconf 78' lang='grc' dir='ltr'><em>ἐπαριστερῶν</em></span> <span class='ocrx_word' id='word_1_103' title='bbox 1361 921 1504 973; x_wconf 84' lang='grc' dir='ltr'><em>α’ρχῶν</em></span> <span class='ocrx_word' id='word_1_104' title='bbox 1530 920 1588 967; x_wconf 88' lang='grc' dir='ltr'><em>εἰς</em></span> <span class='ocrx_word' id='word_1_105' title='bbox 1614 920 1681 959; x_wconf 84' lang='grc' dir='ltr'><em>τέ-</em></span> 
     </span>
     <span class='ocr_line' id='line_1_13' title="bbox 244 979 1682 1039; baseline -0.001 -15"><span class='ocrx_word' id='word_1_106' title='bbox 244 988 314 1032; x_wconf 87' lang='grc' dir='ltr'><em>λος</em></span> <span class='ocrx_word' id='word_1_107' title='bbox 346 985 575 1039; x_wconf 74' lang='grc' dir='ltr'><em>ἀπήντησεν</em></span> <span class='ocrx_word' id='word_1_108' title='bbox 631 984 652 1027; x_wconf 80' lang='grc' dir='ltr'><em>ὃ</em></span> <span class='ocrx_word' id='word_1_109' title='bbox 690 983 870 1038; x_wconf 84' lang='grc' dir='ltr'><em>πόλεμος</em></span> <span class='ocrx_word' id='word_1_110' title='bbox 912 986 1178 1039; x_wconf 79' lang='grc' dir='ltr'><em>δεξιώτατον,</em></span> <span class='ocrx_word' id='word_1_111' title='bbox 1215 984 1320 1026; x_wconf 76' lang='grc' dir='ltr'><em>κατὰ</em></span> <span class='ocrx_word' id='word_1_112' title='bbox 1361 987 1442 1026; x_wconf 87' lang='grc' dir='ltr'><em>τῶν</em></span> <span class='ocrx_word' id='word_1_113' title='bbox 1484 979 1682 1038; x_wconf 68' lang='grc' dir='ltr'><em>Οἷῖγγρων</em></span> 
     </span>
     <span class='ocr_line' id='line_1_14' title="bbox 244 1045 1680 1107; baseline -0.001 -17"><span class='ocrx_word' id='word_1_114' title='bbox 244 1051 290 1090; x_wconf 75' lang='grc' dir='ltr'><em>ἐκ</em></span> <span class='ocrx_word' id='word_1_115' title='bbox 317 1051 464 1092; x_wconf 80' lang='grc' dir='ltr'><em>τούτου</em></span> <span class='ocrx_word' id='word_1_116' title='bbox 493 1049 624 1107; x_wconf 80' lang='grc' dir='ltr'><em>ὄρμᾷ,</em></span> <span class='ocrx_word' id='word_1_117' title='bbox 649 1048 774 1106; x_wconf 87' lang='grc' dir='ltr'><em>μήπω</em></span> <span class='ocrx_word' id='word_1_118' title='bbox 806 1050 880 1106; x_wconf 80' lang='grc' dir='ltr'><em>τήν</em></span> <span class='ocrx_word' id='word_1_119' title='bbox 908 1055 980 1104; x_wconf 80' lang='grc' dir='ltr'><em>τῆς</em></span> <span class='ocrx_word' id='word_1_120' title='bbox 1005 1050 1146 1105; x_wconf 81' lang='grc' dir='ltr'><em>μάχης</em></span> <span class='ocrx_word' id='word_1_121' title='bbox 1187 1048 1301 1092; x_wconf 87' lang='grc' dir='ltr'><em>κόνιν</em></span> <span class='ocrx_word' id='word_1_122' title='bbox 1329 1051 1374 1091; x_wconf 77' lang='grc' dir='ltr'><em>ἐκ</em></span> <span class='ocrx_word' id='word_1_123' title='bbox 1411 1051 1493 1092; x_wconf 82' lang='grc' dir='ltr'><em>τῶν</em></span> <span class='ocrx_word' id='word_1_124' title='bbox 1521 1045 1680 1103; x_wconf 78' lang='grc' dir='ltr'><em>προσώ-</em></span> 
     </span>
     <span class='ocr_line' id='line_1_15' title="bbox 244 1113 1677 1170; baseline -0.001 -16"><span class='ocrx_word' id='word_1_125' title='bbox 244 1131 333 1156; x_wconf 87' lang='grc' dir='ltr'><em>πων</em></span> <span class='ocrx_word' id='word_1_126' title='bbox 372 1114 708 1170; x_wconf 75' lang='grc' dir='ltr'><em>ἄπομορξάμενος</em></span> <span class='ocrx_word' id='word_1_127' title='bbox 749 1116 838 1157; x_wconf 70' lang='grc' dir='ltr'><em>ἄλλ’</em></span> <span class='ocrx_word' id='word_1_128' title='bbox 881 1114 943 1158; x_wconf 79' lang='grc' dir='ltr'><em>ἔτι</em></span> <span class='ocrx_word' id='word_1_129' title='bbox 983 1119 1160 1170; x_wconf 78' lang='grc' dir='ltr'><em>θερμοῖς</em></span> <span class='ocrx_word' id='word_1_130' title='bbox 1207 1115 1356 1170; x_wconf 78' lang='grc' dir='ltr'><em>ἱδρῶσι</em></span> <span class='ocrx_word' id='word_1_131' title='bbox 1402 1113 1677 1165; x_wconf 77' lang='grc' dir='ltr'><em>σταζόμενος,</em></span> 
     </span>
     <span class='ocr_line' id='line_1_16' title="bbox 242 1177 1744 1235; baseline -0.001 -15"><span class='ocrx_word' id='word_1_132' title='bbox 242 1180 448 1235; x_wconf 76' lang='grc' dir='ltr'><em>ἐπίκλημα</em></span> <span class='ocrx_word' id='word_1_133' title='bbox 477 1182 618 1235; x_wconf 83' lang='grc' dir='ltr'><em>φέρων</em></span> <span class='ocrx_word' id='word_1_134' title='bbox 642 1179 717 1235; x_wconf 84' lang='grc' dir='ltr'><em>τήν</em></span> <span class='ocrx_word' id='word_1_135' title='bbox 744 1182 826 1222; x_wconf 89' lang='grc' dir='ltr'><em>τῶν</em></span> <span class='ocrx_word' id='word_1_136' title='bbox 854 1183 1023 1235; x_wconf 80' lang='grc' dir='ltr'><em>Σέρβων</em></span> <span class='ocrx_word' id='word_1_137' title='bbox 1057 1180 1312 1235; x_wconf 76' lang='grc' dir='ltr'><em>ἐπικουρίαν,</em></span> <span class='ocrx_word' id='word_1_138' title='bbox 1341 1178 1415 1220; x_wconf 78' lang='grc' dir='ltr'>καί</span> <span class='ocrx_word' id='word_1_139' title='bbox 1441 1177 1515 1233; x_wconf 77' lang='grc' dir='ltr'><em>τήν</em></span> <span class='ocrx_word' id='word_1_140' title='bbox 1547 1179 1744 1223; x_wconf 65' lang='lat' dir='ltr'><em>duma-15</em></span> 
     </span>
     <span class='ocr_line' id='line_1_17' title="bbox 240 1240 1679 1302; baseline -0.001 -16"><span class='ocrx_word' id='word_1_141' title='bbox 240 1246 337 1287; x_wconf 88' lang='grc' dir='ltr'><em>σιἀν</em></span> <span class='ocrx_word' id='word_1_142' title='bbox 376 1243 577 1300; x_wconf 76' lang='grc' dir='ltr'><em>ἁρπάζων</em></span> <span class='ocrx_word' id='word_1_143' title='bbox 615 1247 693 1287; x_wconf 81' lang='grc' dir='ltr'><em>τοῦ</em></span> <span class='ocrx_word' id='word_1_144' title='bbox 730 1245 1024 1302; x_wconf 76' lang='grc' dir='ltr'><em>ἐπαρήξοντος·</em></span> <span class='ocrx_word' id='word_1_145' title='bbox 1093 1243 1115 1288; x_wconf 78' lang='grc' dir='ltr'><em>ὃ</em></span> <span class='ocrx_word' id='word_1_146' title='bbox 1155 1244 1232 1301; x_wconf 74' lang='grc' dir='ltr'><em>γὰρ</em></span> <span class='ocrx_word' id='word_1_147' title='bbox 1262 1247 1343 1287; x_wconf 85' lang='grc' dir='ltr'><em>τῶν</em></span> <span class='ocrx_word' id='word_1_148' title='bbox 1376 1240 1571 1298; x_wconf 76' lang='grc' dir='ltr'><em>Οῧγγρων</em></span> <span class='ocrx_word' id='word_1_149' title='bbox 1600 1241 1679 1296; x_wconf 77' lang='grc' dir='ltr'><em>ῥὴξ</em></span> 
     </span>
     <span class='ocr_line' id='line_1_18' title="bbox 202 1305 1680 1364; baseline -0.002 -13"><span class='ocrx_word' id='word_1_150' title='bbox 202 1311 317 1352; x_wconf 73' lang='grc' dir='ltr'><em>Βοῦκ</em></span> <span class='ocrx_word' id='word_1_151' title='bbox 371 1305 424 1364; x_wconf 80' lang='grc' dir='ltr'><em>ἦν</em></span> <span class='ocrx_word' id='word_1_152' title='bbox 473 1309 580 1352; x_wconf 76' lang='grc' dir='ltr'><em>κατὰ</em></span> <span class='ocrx_word' id='word_1_153' title='bbox 631 1308 803 1364; x_wconf 80' lang='grc' dir='ltr'><em>χώραν,</em></span> <span class='ocrx_word' id='word_1_154' title='bbox 864 1317 949 1360; x_wconf 86' lang='grc' dir='ltr'><em>τοῖς</em></span> <span class='ocrx_word' id='word_1_155' title='bbox 995 1312 1202 1364; x_wconf 81' lang='grc' dir='ltr'><em>γειτνιῶσι</em></span> <span class='ocrx_word' id='word_1_156' title='bbox 1243 1308 1348 1358; x_wconf 78' lang='grc' dir='ltr'><em>Ῥώς</em></span> <span class='ocrx_word' id='word_1_157' title='bbox 1397 1306 1680 1361; x_wconf 82' lang='grc' dir='ltr'><em>συμπλεκόμε-</em></span> 
     </span>
     <span class='ocr_line' id='line_1_19' title="bbox 238 1373 1676 1430; baseline -0.003 -13"><span class='ocrx_word' id='word_1_158' title='bbox 238 1390 321 1424; x_wconf 85' lang='grc' dir='ltr'><em>νος.</em></span> <span class='ocrx_word' id='word_1_159' title='bbox 391 1376 465 1417; x_wconf 83' lang='grc' dir='ltr'><em>καί</em></span> <span class='ocrx_word' id='word_1_160' title='bbox 491 1374 541 1430; x_wconf 86' lang='grc' dir='ltr'><em>δή</em></span> <span class='ocrx_word' id='word_1_161' title='bbox 579 1375 651 1418; x_wconf 81' lang='grc' dir='ltr'><em>τὸν</em></span> <span class='ocrx_word' id='word_1_162' title='bbox 680 1376 872 1429; x_wconf 75' lang='grc' dir='ltr'><em>Σιλουβον</em></span> <span class='ocrx_word' id='word_1_163' title='bbox 919 1376 1068 1430; x_wconf 84' lang='grc' dir='ltr'><em>διαβὰς</em></span> <span class='ocrx_word' id='word_1_164' title='bbox 1109 1374 1296 1428; x_wconf 84' lang='grc' dir='ltr'><em>ποταμὸν</em></span> <span class='ocrx_word' id='word_1_165' title='bbox 1329 1373 1402 1416; x_wconf 85' lang='grc' dir='ltr'>καί</span> <span class='ocrx_word' id='word_1_166' title='bbox 1441 1375 1503 1430; x_wconf 76' lang='grc' dir='ltr'><em>τῷ</em></span> <span class='ocrx_word' id='word_1_167' title='bbox 1530 1376 1676 1428; x_wconf 79' lang='grc' dir='ltr'><em>Φραγ-</em></span> 
     </span>
     <span class='ocr_line' id='line_1_20' title="bbox 238 1437 1672 1498; baseline -0.001 -17"><span class='ocrx_word' id='word_1_168' title='bbox 238 1443 428 1498; x_wconf 75' lang='grc' dir='ltr'><em>γοχωρίῳ</em></span> <span class='ocrx_word' id='word_1_169' title='bbox 462 1439 655 1494; x_wconf 77' lang='grc' dir='ltr'><em>ἐμβαλών</em></span> <span class='ocrx_word' id='word_1_170' title='bbox 685 1440 793 1496; x_wconf 80' lang='grc' dir='ltr'><em>(ἔστι</em></span> <span class='ocrx_word' id='word_1_171' title='bbox 827 1444 873 1484; x_wconf 80' lang='grc' dir='ltr'><em>δὲ</em></span> <span class='ocrx_word' id='word_1_172' title='bbox 900 1441 993 1484; x_wconf 87' lang='grc' dir='ltr'><em>τόδε</em></span> <span class='ocrx_word' id='word_1_173' title='bbox 1024 1438 1274 1496; x_wconf 66' lang='grc' dir='ltr'><em>τμῆμα”τής</em></span> <span class='ocrx_word' id='word_1_174' title='bbox 1306 1440 1514 1494; x_wconf 80' lang='grc' dir='ltr'><em>Ου’γγρίας</em></span> <span class='ocrx_word' id='word_1_175' title='bbox 1542 1439 1595 1479; x_wconf 88' lang='lat' dir='ltr'><em>ov&#39;</em></span> <span class='ocrx_word' id='word_1_176' title='bbox 1625 1437 1672 1479; x_wconf 85' lang='grc' dir='ltr'><em>τὸ</em></span> 
     </span>
     <span class='ocr_line' id='line_1_21' title="bbox 237 1501 1741 1562; baseline -0.001 -15"><span class='ocrx_word' id='word_1_177' title='bbox 237 1504 461 1559; x_wconf 75' lang='grc' dir='ltr'><em>ἐλάχιστον</em></span> <span class='ocrx_word' id='word_1_178' title='bbox 508 1506 600 1548; x_wconf 77' lang='grc' dir='ltr'><em>ἀλλ’</em></span> <span class='ocrx_word' id='word_1_179' title='bbox 641 1506 793 1556; x_wconf 83' lang='grc' dir='ltr'><em>ἱκανῶς</em></span> <span class='ocrx_word' id='word_1_180' title='bbox 835 1507 1166 1562; x_wconf 67' lang='grc' dir='ltr'><em>πολυάνθρωπον</em></span> <span class='ocrx_word' id='word_1_181' title='bbox 1186 1540 1200 1559; x_wconf 97' lang='grc'><em>,</em></span> <span class='ocrx_word' id='word_1_182' title='bbox 1228 1503 1384 1559; x_wconf 75' lang='grc' dir='ltr'><em>μεταξῦ</em></span> <span class='ocrx_word' id='word_1_183' title='bbox 1398 1501 1563 1559; x_wconf 83' lang='grc' dir='ltr'><em>Ἴστρου</em></span> <span class='ocrx_word' id='word_1_184' title='bbox 1605 1502 1741 1546; x_wconf 66' lang='grc' dir='ltr'><em>καίαο</em></span> 
     </span>
     <span class='ocr_line' id='line_1_22' title="bbox 238 1567 1676 1625; baseline -0.003 -13"><span class='ocrx_word' id='word_1_185' title='bbox 238 1569 431 1624; x_wconf 78' lang='grc' dir='ltr'><em>Σαούβου</em></span> <span class='ocrx_word' id='word_1_186' title='bbox 457 1573 539 1613; x_wconf 85' lang='grc' dir='ltr'><em>τῶν</em></span> <span class='ocrx_word' id='word_1_187' title='bbox 567 1572 764 1624; x_wconf 81' lang='grc' dir='ltr'><em>ποταμῶν</em></span> <span class='ocrx_word' id='word_1_188' title='bbox 807 1573 1145 1625; x_wconf 76' lang='grc' dir='ltr'><em>ἀναπεπταμένον</em></span> <span class='ocrx_word' id='word_1_189' title='bbox 1154 1606 1167 1624; x_wconf 92' lang='grc'><em>,</em></span> <span class='ocrx_word' id='word_1_190' title='bbox 1195 1573 1295 1613; x_wconf 73' lang='grc' dir='ltr'><em>καθ’</em></span> <span class='ocrx_word' id='word_1_191' title='bbox 1323 1569 1347 1612; x_wconf 75' lang='grc' dir='ltr'>ὃ</span> <span class='ocrx_word' id='word_1_192' title='bbox 1375 1571 1448 1612; x_wconf 81' lang='grc' dir='ltr'>καί</span> <span class='ocrx_word' id='word_1_193' title='bbox 1474 1567 1676 1625; x_wconf 80' lang='grc' dir='ltr'><em>φρούριον</em></span> 
     </span>
     <span class='ocr_line' id='line_1_23' title="bbox 237 1633 1674 1692; baseline -0.001 -16"><span class='ocrx_word' id='word_1_194' title='bbox 237 1633 520 1688; x_wconf 78' lang='grc' dir='ltr'><em>ἐρυμνότατον</em></span> <span class='ocrx_word' id='word_1_195' title='bbox 558 1635 765 1690; x_wconf 82' lang='grc' dir='ltr'><em>ἔκτισται,</em></span> <span class='ocrx_word' id='word_1_196' title='bbox 804 1635 830 1678; x_wconf 76' lang='grc' dir='ltr'>ὃ</span> <span class='ocrx_word' id='word_1_197' title='bbox 869 1637 1101 1691; x_wconf 76' lang='grc' dir='ltr'><em>Ζεύγμινον</em></span> <span class='ocrx_word' id='word_1_198' title='bbox 1141 1638 1424 1692; x_wconf 81' lang='grc' dir='ltr'><em>ἐπικέκληται,</em></span> <span class='ocrx_word' id='word_1_199' title='bbox 1467 1633 1568 1689; x_wconf 81' lang='grc' dir='ltr'><em>ὅπερ</em></span> <span class='ocrx_word' id='word_1_200' title='bbox 1599 1636 1674 1676; x_wconf 82' lang='grc' dir='ltr'><em>νῦν</em></span> 
     </span>
     <span class='ocr_line' id='line_1_24' title="bbox 238 1699 1674 1757; baseline 0 -17"><span class='ocrx_word' id='word_1_201' title='bbox 238 1702 399 1754; x_wconf 80' lang='grc' dir='ltr'><em>λέγεται</em></span> <span class='ocrx_word' id='word_1_202' title='bbox 438 1704 633 1756; x_wconf 79' lang='grc' dir='ltr'><em>Σίρμιον)</em></span> <span class='ocrx_word' id='word_1_203' title='bbox 679 1704 900 1757; x_wconf 82' lang='grc' dir='ltr'><em>χειρίστως</em></span> <span class='ocrx_word' id='word_1_204' title='bbox 938 1700 987 1743; x_wconf 79' lang='grc' dir='ltr'><em>τὰ</em></span> <span class='ocrx_word' id='word_1_205' title='bbox 1027 1704 1118 1744; x_wconf 76' lang='grc' dir='ltr'><em>ἐκεῖ</em></span> <span class='ocrx_word' id='word_1_206' title='bbox 1148 1703 1326 1743; x_wconf 76' lang='grc' dir='ltr'><em>διέθετο.</em></span> <span class='ocrx_word' id='word_1_207' title='bbox 1397 1699 1487 1742; x_wconf 84' lang='grc' dir='ltr'><em>τότε</em></span> <span class='ocrx_word' id='word_1_208' title='bbox 1515 1702 1594 1740; x_wconf 87' lang='grc' dir='ltr'><em>καί</em></span> <span class='ocrx_word' id='word_1_209' title='bbox 1611 1713 1674 1748; x_wconf 87' lang='grc' dir='ltr'><em>τις</em></span> 
     </span>
     <span class='ocr_line' id='line_1_25' title="bbox 329 1794 1672 1848; baseline -0.001 -15"><span class='ocrx_word' id='word_1_210' title='bbox 329 1811 361 1834; x_wconf 80' lang='lat'><em>2.</em></span> <span class='ocrx_word' id='word_1_211' title='bbox 385 1794 475 1837; x_wconf 77' lang='grc' dir='ltr'><em>τούς</em></span> <span class='ocrx_word' id='word_1_212' title='bbox 500 1812 557 1833; x_wconf 90' lang='lat' dir='ltr'><em>om</em></span> <span class='ocrx_word' id='word_1_213' title='bbox 581 1800 621 1833; x_wconf 85' lang='lat' dir='ltr'><em>A.</em></span> <span class='ocrx_word' id='word_1_214' title='bbox 714 1802 747 1834; x_wconf 85' lang='lat'><em>3.</em></span> <span class='ocrx_word' id='word_1_215' title='bbox 777 1800 920 1848; x_wconf 79' lang='grc' dir='ltr'><em>ἐκείνῳ]</em></span> <span class='ocrx_word' id='word_1_216' title='bbox 947 1801 1045 1846; x_wconf 71' lang='grc' dir='ltr'><em>αὐτῷ</em></span> <span class='ocrx_word' id='word_1_217' title='bbox 1062 1802 1101 1834; x_wconf 90' lang='lat' dir='ltr'><em>A.</em></span> <span class='ocrx_word' id='word_1_218' title='bbox 1200 1804 1231 1837; x_wconf 86' lang='lat'><em>8.</em></span> <span class='ocrx_word' id='word_1_219' title='bbox 1258 1798 1422 1847; x_wconf 73' lang='grc' dir='ltr'><em>διήλασε]</em></span> <span class='ocrx_word' id='word_1_220' title='bbox 1448 1799 1618 1843; x_wconf 74' lang='grc' dir='ltr'><em>ἀπέκοψε</em></span> <span class='ocrx_word' id='word_1_221' title='bbox 1636 1799 1672 1832; x_wconf 89' lang='grc' dir='ltr'><em>Β.</em></span> 
     </span>
     <span class='ocr_line' id='line_1_26' title="bbox 335 1841 1674 1894; baseline -0.003 -12"><span class='ocrx_word' id='word_1_222' title='bbox 335 1848 386 1882; x_wconf 75' lang='lat'><em>¹8.</em></span> <span class='ocrx_word' id='word_1_223' title='bbox 409 1845 597 1891; x_wconf 73' lang='grc' dir='ltr'><em>Σοῐουβον]</em></span> <span class='ocrx_word' id='word_1_224' title='bbox 625 1845 720 1882; x_wconf 69' lang='lat' dir='ltr'><em>odor</em></span> <span class='ocrx_word' id='word_1_225' title='bbox 746 1848 783 1880; x_wconf 94' lang='lat' dir='ltr'><em>B.</em></span> <span class='ocrx_word' id='word_1_226' title='bbox 914 1860 962 1891; x_wconf 89' lang='lat'><em>¹9·</em></span> <span class='ocrx_word' id='word_1_227' title='bbox 986 1846 1086 1894; x_wconf 81' lang='grc' dir='ltr'><em>τόδε]</em></span> <span class='ocrx_word' id='word_1_228' title='bbox 1117 1849 1226 1881; x_wconf 81' lang='grc' dir='ltr'><em>τοῦτο</em></span> <span class='ocrx_word' id='word_1_229' title='bbox 1251 1841 1290 1881; x_wconf 76' lang='grc' dir='ltr'><em>τὸ</em></span> <span class='ocrx_word' id='word_1_230' title='bbox 1320 1848 1589 1881; x_wconf 82' lang='grc' dir='ltr'><em>καπετανίκιον</em></span> <span class='ocrx_word' id='word_1_231' title='bbox 1611 1848 1674 1887; x_wconf 78' lang='grc' dir='ltr'><em>τῆς</em></span> 
     </span>
    </p>
   </div>
   <div class='ocr_carea' id='block_1_3' title="bbox 329 1890 1673 1987">
    <p class='ocr_par' dir='ltr' id='par_1_3' title="bbox 329 1890 1673 1987">
     <span class='ocr_line' id='line_1_27' title="bbox 329 1890 1673 1974; baseline -0.001 -48"><span class='ocrx_word' id='word_1_232' title='bbox 329 1890 592 1974; x_wconf 61' lang='grc' dir='ltr'><em>ιέὕγγρίαςΣῖδ</em></span> <span class='ocrx_word' id='word_1_233' title='bbox 615 1894 903 1941; x_wconf 72' lang='grc' dir='ltr'><em>χρησιμώτατον</em></span> <span class='ocrx_word' id='word_1_234' title='bbox 930 1895 967 1926; x_wconf 88' lang='grc' dir='ltr'><em>Β.</em></span> <span class='ocrx_word' id='word_1_235' title='bbox 1064 1904 1116 1926; x_wconf 79' lang='lat'><em>22.</em></span> <span class='ocrx_word' id='word_1_236' title='bbox 1143 1893 1191 1940; x_wconf 80' lang='grc' dir='ltr'><em>δ’]</em></span> <span class='ocrx_word' id='word_1_237' title='bbox 1231 1891 1322 1939; x_wconf 82' lang='grc' dir='ltr'><em>ὅπερ</em></span> <span class='ocrx_word' id='word_1_238' title='bbox 1347 1892 1396 1934; x_wconf 88' lang='lat' dir='ltr'><em>A,</em></span> <span class='ocrx_word' id='word_1_239' title='bbox 1425 1892 1565 1925; x_wconf 85' lang='lat' dir='ltr'><strong>omissis</strong></span> <span class='ocrx_word' id='word_1_240' title='bbox 1591 1903 1673 1925; x_wconf 83' lang='lat' dir='ltr'><em>mox</em></span> 
     </span>
     <span class='ocr_line' id='line_1_28' title="bbox 354 1950 690 1987; baseline -0.003 -14"><span class='ocrx_word' id='word_1_241' title='bbox 354 1950 424 1987; x_wconf 87' lang='grc' dir='ltr'><em>περ</em></span> <span class='ocrx_word' id='word_1_242' title='bbox 448 1959 496 1966; x_wconf 92' lang='grc'>-</span> <span class='ocrx_word' id='word_1_243' title='bbox 566 1952 690 1987; x_wconf 85' lang='grc' dir='ltr'><em>ρμιον.</em></span> 
     </span>
    </p>
   </div>
   <div class='ocr_carea' id='block_1_4' title="bbox 234 2028 1672 2770">
    <p class='ocr_par' dir='ltr' id='par_1_4' title="bbox 234 2028 1672 2770">
     <span class='ocr_line' id='line_1_29' title="bbox 238 2028 1672 2074; baseline 0.001 -12"><span class='ocrx_word' id='word_1_244' title='bbox 238 2041 389 2063; x_wconf 81' lang='lat' dir='ltr'><strong>cuzenus</strong></span> <span class='ocrx_word' id='word_1_245' title='bbox 422 2030 594 2064; x_wconf 83' lang='lat' dir='ltr'><strong>barbaros</strong></span> <span class='ocrx_word' id='word_1_246' title='bbox 632 2031 779 2063; x_wconf 86' lang='lat' dir='ltr'>adortus</span> <span class='ocrx_word' id='word_1_247' title='bbox 799 2041 923 2074; x_wconf 64' lang='lat' dir='ltr'><em>&gt;pugna</em></span> <span class='ocrx_word' id='word_1_248' title='bbox 947 2041 1020 2062; x_wconf 88' lang='lat' dir='ltr'><em>non</em></span> <span class='ocrx_word' id='word_1_249' title='bbox 1047 2031 1146 2074; x_wconf 78' lang='lat' dir='ltr'><strong>prius</strong></span> <span class='ocrx_word' id='word_1_250' title='bbox 1172 2030 1325 2062; x_wconf 77' lang='lat' dir='ltr'><strong>excessit</strong></span> <span class='ocrx_word' id='word_1_251' title='bbox 1347 2040 1453 2074; x_wconf 86' lang='lat' dir='ltr'><strong>quam</strong></span> <span class='ocrx_word' id='word_1_252' title='bbox 1478 2028 1590 2062; x_wconf 80' lang='lat' dir='ltr'><strong>illatis</strong></span> <span class='ocrx_word' id='word_1_253' title='bbox 1613 2040 1672 2064; x_wconf 74' lang='lat' dir='ltr'><em>ac-</em></span> 
     </span>
     <span class='ocr_line' id='line_1_30' title="bbox 236 2075 1670 2121; baseline 0.001 -13"><span class='ocrx_word' id='word_1_254' title='bbox 236 2077 422 2120; x_wconf 85' lang='lat' dir='ltr'><strong>ceptisque</strong></span> <span class='ocrx_word' id='word_1_255' title='bbox 450 2077 563 2121; x_wconf 79' lang='lat' dir='ltr'><strong>plagis</strong></span> <span class='ocrx_word' id='word_1_256' title='bbox 587 2088 757 2109; x_wconf 82' lang='lat' dir='ltr'><strong>manuum</strong></span> <span class='ocrx_word' id='word_1_257' title='bbox 782 2076 912 2120; x_wconf 76' lang='lat' dir='ltr'>digitos</span> <span class='ocrx_word' id='word_1_258' title='bbox 939 2077 1144 2117; x_wconf 82' lang='lat' dir='ltr'><strong>amitteret,</strong></span> <span class='ocrx_word' id='word_1_259' title='bbox 1169 2087 1189 2107; x_wconf 83' lang='lat' dir='ltr'>a</span> <span class='ocrx_word' id='word_1_260' title='bbox 1214 2076 1415 2108; x_wconf 89' lang='lat' dir='ltr'><strong>Serviorum</strong></span> <span class='ocrx_word' id='word_1_261' title='bbox 1435 2075 1670 2110; x_wconf 76' lang='lat' dir='ltr'><strong>multitudine</strong></span> 
     </span>
     <span class='ocr_line' id='line_1_31' title="bbox 237 2121 1672 2167; baseline 0 -12"><span class='ocrx_word' id='word_1_262' title='bbox 237 2123 508 2155; x_wconf 77' lang='lat' dir='ltr'><strong>circumventus.</strong></span> <span class='ocrx_word' id='word_1_263' title='bbox 532 2124 609 2166; x_wconf 91' lang='lat' dir='ltr'><strong>ipse</strong></span> <span class='ocrx_word' id='word_1_264' title='bbox 636 2133 781 2167; x_wconf 88' lang='lat' dir='ltr'><strong>quoque</strong></span> <span class='ocrx_word' id='word_1_265' title='bbox 821 2123 1017 2167; x_wconf 78' lang='lat' dir='ltr'><strong>imperator</strong></span> <span class='ocrx_word' id='word_1_266' title='bbox 1041 2133 1120 2154; x_wconf 87' lang='lat' dir='ltr'><em>cum</em></span> <span class='ocrx_word' id='word_1_267' title='bbox 1144 2121 1390 2166; x_wconf 80' lang='lat' dir='ltr'><strong>Archizupano</strong></span> <span class='ocrx_word' id='word_1_268' title='bbox 1413 2121 1571 2155; x_wconf 84' lang='lat' dir='ltr'><strong>Bachiuo</strong></span> <span class='ocrx_word' id='word_1_269' title='bbox 1597 2122 1672 2156; x_wconf 84' lang='lat' dir='ltr'><strong>sin-</strong></span> 
     </span>
     <span class='ocr_line' id='line_1_32' title="bbox 237 2167 1670 2213; baseline 0.001 -13"><span class='ocrx_word' id='word_1_270' title='bbox 237 2169 351 2212; x_wconf 75' lang='lat' dir='ltr'><strong>gulari</strong></span> <span class='ocrx_word' id='word_1_271' title='bbox 379 2169 573 2202; x_wconf 83' lang='lat' dir='ltr'><strong>certamine</strong></span> <span class='ocrx_word' id='word_1_272' title='bbox 611 2169 860 2212; x_wconf 79' lang='lat' dir='ltr'><strong>congreditur,</strong></span> <span class='ocrx_word' id='word_1_273' title='bbox 886 2169 961 2201; x_wconf 73' lang='lat' dir='ltr'><strong>viro</strong></span> <span class='ocrx_word' id='word_1_274' title='bbox 985 2167 1131 2200; x_wconf 84' lang='lat' dir='ltr'><strong>heroica</strong></span> <span class='ocrx_word' id='word_1_275' title='bbox 1154 2173 1290 2200; x_wconf 80' lang='lat' dir='ltr'><strong>statura</strong></span> <span class='ocrx_word' id='word_1_276' title='bbox 1315 2174 1351 2201; x_wconf 90' lang='lat' dir='ltr'><em>et</em></span> <span class='ocrx_word' id='word_1_277' title='bbox 1376 2169 1581 2210; x_wconf 87' lang='lat' dir='ltr'><strong>lacertoso;</strong></span> <span class='ocrx_word' id='word_1_278' title='bbox 1605 2169 1670 2213; x_wconf 76' lang='lat' dir='ltr'><em>qui</em></span> 
     </span>
     <span class='ocr_line' id='line_1_33' title="bbox 237 2214 1670 2259; baseline 0.001 -12"><span class='ocrx_word' id='word_1_279' title='bbox 237 2227 316 2247; x_wconf 84' lang='lat' dir='ltr'><em>cum</em></span> <span class='ocrx_word' id='word_1_280' title='bbox 343 2215 490 2254; x_wconf 64' lang='lat' dir='ltr'><strong>faciem„</strong></span> <span class='ocrx_word' id='word_1_281' title='bbox 508 2215 732 2259; x_wconf 85' lang='lat' dir='ltr'><strong>imperatoris</strong></span> <span class='ocrx_word' id='word_1_282' title='bbox 757 2215 990 2259; x_wconf 85' lang='lat' dir='ltr'><strong>percussisset</strong></span> <span class='ocrx_word' id='word_1_283' title='bbox 1013 2220 1050 2247; x_wconf 80' lang='lat' dir='ltr'><em>et</em></span> <span class='ocrx_word' id='word_1_284' title='bbox 1087 2215 1241 2247; x_wconf 84' lang='lat' dir='ltr'><strong>ferreum</strong></span> <span class='ocrx_word' id='word_1_285' title='bbox 1270 2214 1345 2247; x_wconf 87' lang='lat' dir='ltr'><strong>eius</strong></span> <span class='ocrx_word' id='word_1_286' title='bbox 1373 2216 1537 2248; x_wconf 86' lang='lat' dir='ltr'><strong>velamen</strong></span> <span class='ocrx_word' id='word_1_287' title='bbox 1565 2225 1584 2247; x_wconf 86' lang='lat' dir='ltr'><em>e</em></span> <span class='ocrx_word' id='word_1_288' title='bbox 1609 2226 1670 2259; x_wconf 79' lang='lat' dir='ltr'><em>ga-</em></span> 
     </span>
     <span class='ocr_line' id='line_1_34' title="bbox 237 2261 1670 2305; baseline 0.001 -11"><span class='ocrx_word' id='word_1_289' title='bbox 237 2261 294 2294; x_wconf 80' lang='lat' dir='ltr'><strong>lea</strong></span> <span class='ocrx_word' id='word_1_290' title='bbox 319 2261 532 2302; x_wconf 83' lang='lat' dir='ltr'><strong>deiecisset,</strong></span> <span class='ocrx_word' id='word_1_291' title='bbox 564 2262 642 2305; x_wconf 88' lang='lat' dir='ltr'><strong>ipse</strong></span> <span class='ocrx_word' id='word_1_292' title='bbox 667 2261 823 2294; x_wconf 87' lang='lat' dir='ltr'><strong>vicissim</strong></span> <span class='ocrx_word' id='word_1_293' title='bbox 861 2272 968 2293; x_wconf 88' lang='lat' dir='ltr'><strong>manu</strong></span> <span class='ocrx_word' id='word_1_294' title='bbox 990 2271 1073 2293; x_wconf 88' lang='lat' dir='ltr'><strong>ense</strong></span> <span class='ocrx_word' id='word_1_295' title='bbox 1098 2261 1246 2294; x_wconf 80' lang='lat' dir='ltr'><strong>traiecta</strong></span> <span class='ocrx_word' id='word_1_296' title='bbox 1271 2261 1482 2295; x_wconf 81' lang='lat' dir='ltr'><strong>debilitatus</strong></span> <span class='ocrx_word' id='word_1_297' title='bbox 1505 2261 1606 2294; x_wconf 77' lang='lat' dir='ltr'><strong>vivus</strong></span> <span class='ocrx_word' id='word_1_298' title='bbox 1630 2262 1670 2295; x_wconf 88' lang='lat' dir='ltr'><em>in</em></span> 
     </span>
     <span class='ocr_line' id='line_1_35' title="bbox 236 2307 1671 2352; baseline 0.001 -12"><span class='ocrx_word' id='word_1_299' title='bbox 236 2308 463 2352; x_wconf 82' lang='lat' dir='ltr'><strong>imperatoris</strong></span> <span class='ocrx_word' id='word_1_300' title='bbox 487 2313 701 2352; x_wconf 86' lang='lat' dir='ltr'><strong>potestatem</strong></span> <span class='ocrx_word' id='word_1_301' title='bbox 726 2308 835 2340; x_wconf 88' lang='lat' dir='ltr'><strong>venit.</strong></span> <span class='ocrx_word' id='word_1_302' title='bbox 862 2313 1096 2351; x_wconf 79' lang='lat' dir='ltr'><strong>posteaquam</strong></span> <span class='ocrx_word' id='word_1_303' title='bbox 1125 2307 1179 2339; x_wconf 89' lang='lat' dir='ltr'><em>ibi</em></span> <span class='ocrx_word' id='word_1_304' title='bbox 1203 2318 1347 2352; x_wconf 84' lang='lat' dir='ltr'><strong>quoque</strong></span> <span class='ocrx_word' id='word_1_305' title='bbox 1363 2308 1530 2341; x_wconf 86' lang='lat' dir='ltr'><strong>Romanis</strong></span> <span class='ocrx_word' id='word_1_306' title='bbox 1555 2308 1671 2341; x_wconf 63' lang='lat' dir='ltr'><em>victo,-</em></span> 
     </span>
     <span class='ocr_line' id='line_1_36' title="bbox 236 2353 1670 2399; baseline 0 -12"><span class='ocrx_word' id='word_1_307' title='bbox 236 2355 311 2387; x_wconf 78' lang='lat' dir='ltr'><strong>riae</strong></span> <span class='ocrx_word' id='word_1_308' title='bbox 348 2355 520 2387; x_wconf 82' lang='lat' dir='ltr'><strong>serenitas</strong></span> <span class='ocrx_word' id='word_1_309' title='bbox 554 2354 705 2394; x_wconf 83' lang='lat' dir='ltr'><strong>affulsit,</strong></span> <span class='ocrx_word' id='word_1_310' title='bbox 733 2354 894 2386; x_wconf 83' lang='lat' dir='ltr'><strong>barbaris</strong></span> <span class='ocrx_word' id='word_1_311' title='bbox 931 2354 1043 2386; x_wconf 83' lang='lat' dir='ltr'><strong>instar</strong></span> <span class='ocrx_word' id='word_1_312' title='bbox 1068 2353 1219 2386; x_wconf 86' lang='lat' dir='ltr'><strong>nubium</strong></span> <span class='ocrx_word' id='word_1_313' title='bbox 1243 2354 1444 2399; x_wconf 82' lang='lat' dir='ltr'><strong>dissipatis,</strong></span> <span class='ocrx_word' id='word_1_314' title='bbox 1470 2359 1508 2388; x_wconf 86' lang='lat' dir='ltr'><em>et</em></span> <span class='ocrx_word' id='word_1_315' title='bbox 1535 2353 1670 2387; x_wconf 82' lang='lat' dir='ltr'><strong>malum</strong></span> 
     </span>
     <span class='ocr_line' id='line_1_37' title="bbox 248 2400 1671 2445; baseline 0.001 -13"><span class='ocrx_word' id='word_1_316' title='bbox 248 2411 379 2445; x_wconf 74' lang='lat' dir='ltr'><strong>›ugnae</strong></span> <span class='ocrx_word' id='word_1_317' title='bbox 403 2401 618 2445; x_wconf 86' lang='lat' dir='ltr'><strong>principium</strong></span> <span class='ocrx_word' id='word_1_318' title='bbox 650 2401 731 2433; x_wconf 89' lang='lat' dir='ltr'><strong>finis</strong></span> <span class='ocrx_word' id='word_1_319' title='bbox 767 2400 1069 2444; x_wconf 84' lang='lat' dir='ltr'><strong>auspicatissimus</strong></span> <span class='ocrx_word' id='word_1_320' title='bbox 1095 2405 1148 2432; x_wconf 87' lang='lat' dir='ltr'><em>est</em></span> <span class='ocrx_word' id='word_1_321' title='bbox 1172 2406 1336 2441; x_wconf 85' lang='lat' dir='ltr'><strong>secutus,</strong></span> <span class='ocrx_word' id='word_1_322' title='bbox 1362 2401 1538 2444; x_wconf 78' lang='lat' dir='ltr'><strong>Hungaris</strong></span> <span class='ocrx_word' id='word_1_323' title='bbox 1561 2400 1671 2434; x_wconf 79' lang='lat' dir='ltr'><strong>missa</strong></span> 
     </span>
     <span class='ocr_line' id='line_1_38' title="bbox 235 2412 1669 2490; baseline -0.001 -10"><span class='ocrx_word' id='word_1_324' title='bbox 235 2412 369 2481; x_wconf 45' lang='lat' dir='ltr'><strong>herviis</strong></span> <span class='ocrx_word' id='word_1_325' title='bbox 397 2448 531 2479; x_wconf 81' lang='lat' dir='ltr'><strong>auxilia</strong></span> <span class='ocrx_word' id='word_1_326' title='bbox 560 2453 736 2487; x_wconf 83' lang='lat' dir='ltr'><strong>causatus,</strong></span> <span class='ocrx_word' id='word_1_327' title='bbox 771 2446 964 2490; x_wconf 82' lang='lat' dir='ltr'><strong>superioris</strong></span> <span class='ocrx_word' id='word_1_328' title='bbox 998 2446 1127 2490; x_wconf 83' lang='lat' dir='ltr'><strong>praelii</strong></span> <span class='ocrx_word' id='word_1_329' title='bbox 1154 2446 1299 2490; x_wconf 81' lang='lat' dir='ltr'><strong>pulvere</strong></span> <span class='ocrx_word' id='word_1_330' title='bbox 1323 2446 1482 2479; x_wconf 85' lang='lat' dir='ltr'><strong>nondum</strong></span> <span class='ocrx_word' id='word_1_331' title='bbox 1506 2446 1669 2487; x_wconf 85' lang='lat' dir='ltr'><strong>deterso,</strong></span> 
     </span>
     <span class='ocr_line' id='line_1_39' title="bbox 235 2491 1669 2536; baseline -0.001 -10"><span class='ocrx_word' id='word_1_332' title='bbox 235 2493 301 2526; x_wconf 80' lang='lat' dir='ltr'><em>sed</em></span> <span class='ocrx_word' id='word_1_333' title='bbox 326 2493 442 2526; x_wconf 88' lang='lat' dir='ltr'><strong>calido</strong></span> <span class='ocrx_word' id='word_1_334' title='bbox 460 2493 576 2526; x_wconf 83' lang='lat' dir='ltr'><strong>adhuc</strong></span> <span class='ocrx_word' id='word_1_335' title='bbox 607 2493 737 2526; x_wconf 86' lang='lat' dir='ltr'><strong>sudore</strong></span> <span class='ocrx_word' id='word_1_336' title='bbox 760 2504 928 2533; x_wconf 76' lang='lat' dir='ltr'><strong>manans,</strong></span> <span class='ocrx_word' id='word_1_337' title='bbox 954 2497 1094 2536; x_wconf 80' lang='lat' dir='ltr'><strong>captata</strong></span> <span class='ocrx_word' id='word_1_338' title='bbox 1119 2491 1316 2525; x_wconf 85' lang='lat' dir='ltr'><strong>defensoris</strong></span> <span class='ocrx_word' id='word_1_339' title='bbox 1344 2493 1507 2526; x_wconf 78' lang='lat' dir='ltr'><strong>absentia</strong></span> <span class='ocrx_word' id='word_1_340' title='bbox 1531 2491 1669 2525; x_wconf 81' lang='lat' dir='ltr'><strong>bellum</strong></span> 
     </span>
     <span class='ocr_line' id='line_1_40' title="bbox 235 2538 1668 2584; baseline 0 -13"><span class='ocrx_word' id='word_1_341' title='bbox 235 2540 356 2573; x_wconf 83' lang='lat' dir='ltr'><strong>infert.</strong></span> <span class='ocrx_word' id='word_1_342' title='bbox 403 2541 650 2584; x_wconf 82' lang='lat' dir='ltr'><strong>Hungarorum</strong></span> <span class='ocrx_word' id='word_1_343' title='bbox 688 2540 783 2571; x_wconf 85' lang='lat' dir='ltr'><strong>enim</strong></span> <span class='ocrx_word' id='word_1_344' title='bbox 819 2550 880 2571; x_wconf 85' lang='lat' dir='ltr'><em>rex</em></span> <span class='ocrx_word' id='word_1_345' title='bbox 904 2549 1049 2583; x_wconf 81' lang='lat' dir='ltr'><strong>peregre</strong></span> <span class='ocrx_word' id='word_1_346' title='bbox 1084 2538 1228 2580; x_wconf 82' lang='lat' dir='ltr'><strong>aberat,</strong></span> <span class='ocrx_word' id='word_1_347' title='bbox 1259 2551 1338 2572; x_wconf 87' lang='lat' dir='ltr'><em>cum</em></span> <span class='ocrx_word' id='word_1_348' title='bbox 1362 2539 1523 2572; x_wconf 80' lang='lat' dir='ltr'><strong>finitimis</strong></span> <span class='ocrx_word' id='word_1_349' title='bbox 1549 2538 1668 2571; x_wconf 75' lang='lat' dir='ltr'><strong>Rossis</strong></span> 
     </span>
     <span class='ocr_line' id='line_1_41' title="bbox 235 2584 1668 2631; baseline -0.001 -14"><span class='ocrx_word' id='word_1_350' title='bbox 235 2586 454 2631; x_wconf 82' lang='lat' dir='ltr'><strong>depugnans.</strong></span> <span class='ocrx_word' id='word_1_351' title='bbox 487 2587 610 2630; x_wconf 88' lang='lat' dir='ltr'><strong>itaque</strong></span> <span class='ocrx_word' id='word_1_352' title='bbox 648 2587 736 2619; x_wconf 78' lang='lat' dir='ltr'>Savo</span> <span class='ocrx_word' id='word_1_353' title='bbox 775 2585 883 2618; x_wconf 79' lang='lat' dir='ltr'><strong>fluvio</strong></span> <span class='ocrx_word' id='word_1_354' title='bbox 908 2590 1074 2629; x_wconf 88' lang='lat' dir='ltr'><strong>superato</strong></span> <span class='ocrx_word' id='word_1_355' title='bbox 1110 2586 1276 2630; x_wconf 79' lang='lat' dir='ltr'><strong>factaque</strong></span> <span class='ocrx_word' id='word_1_356' title='bbox 1303 2586 1342 2618; x_wconf 92' lang='lat' dir='ltr'><em>in</em></span> <span class='ocrx_word' id='word_1_357' title='bbox 1368 2584 1668 2618; x_wconf 88' lang='lat' dir='ltr'><strong>Francochorium</strong></span> 
     </span>
     <span class='ocr_line' id='line_1_42' title="bbox 234 2630 1668 2678; baseline 0 -14"><span class='ocrx_word' id='word_1_358' title='bbox 234 2633 468 2678; x_wconf 81' lang='lat' dir='ltr'><strong>impressione</strong></span> <span class='ocrx_word' id='word_1_359' title='bbox 506 2633 563 2678; x_wconf 84' lang='lat' dir='ltr'><em>(ea</em></span> <span class='ocrx_word' id='word_1_360' title='bbox 592 2644 664 2664; x_wconf 89' lang='lat' dir='ltr'><em>non</em></span> <span class='ocrx_word' id='word_1_361' title='bbox 692 2632 839 2664; x_wconf 83' lang='lat' dir='ltr'><strong>minima</strong></span> <span class='ocrx_word' id='word_1_362' title='bbox 866 2631 1067 2675; x_wconf 78' lang='lat' dir='ltr'><strong>Hungariae</strong></span> <span class='ocrx_word' id='word_1_363' title='bbox 1106 2642 1187 2676; x_wconf 86' lang='lat' dir='ltr'><strong>pars</strong></span> <span class='ocrx_word' id='word_1_364' title='bbox 1214 2637 1287 2673; x_wconf 86' lang='lat' dir='ltr'><strong>est,</strong></span> <span class='ocrx_word' id='word_1_365' title='bbox 1315 2631 1379 2664; x_wconf 84' lang='lat' dir='ltr'><em>sed</em></span> <span class='ocrx_word' id='word_1_366' title='bbox 1403 2630 1668 2664; x_wconf 73' lang='lat' dir='ltr'><strong>habitatoribus</strong></span> 
     </span>
     <span class='ocr_line' id='line_1_43' title="bbox 235 2677 1667 2723; baseline -0.001 -12"><span class='ocrx_word' id='word_1_367' title='bbox 235 2679 427 2723; x_wconf 83' lang='lat' dir='ltr'><strong>frequens,</strong></span> <span class='ocrx_word' id='word_1_368' title='bbox 463 2680 557 2713; x_wconf 87' lang='lat' dir='ltr'><strong>inter</strong></span> <span class='ocrx_word' id='word_1_369' title='bbox 586 2680 714 2711; x_wconf 83' lang='lat' dir='ltr'><strong>Istrum</strong></span> <span class='ocrx_word' id='word_1_370' title='bbox 754 2683 790 2711; x_wconf 87' lang='lat' dir='ltr'><em>et</em></span> <span class='ocrx_word' id='word_1_371' title='bbox 818 2679 946 2711; x_wconf 81' lang='lat' dir='ltr'><strong>Savum</strong></span> <span class='ocrx_word' id='word_1_372' title='bbox 979 2677 1106 2710; x_wconf 85' lang='lat' dir='ltr'><strong>fluvios</strong></span> <span class='ocrx_word' id='word_1_373' title='bbox 1133 2682 1282 2722; x_wconf 64' lang='lat' dir='ltr'><strong>patens,</strong></span> <span class='ocrx_word' id='word_1_374' title='bbox 1319 2678 1357 2710; x_wconf 89' lang='lat' dir='ltr'><em>in</em></span> <span class='ocrx_word' id='word_1_375' title='bbox 1382 2689 1453 2722; x_wconf 85' lang='lat' dir='ltr'><em>qua</em></span> <span class='ocrx_word' id='word_1_376' title='bbox 1478 2677 1667 2719; x_wconf 74' lang='lat' dir='ltr'><strong>castellum</strong></span> 
     </span>
     <span class='ocr_line' id='line_1_44' title="bbox 234 2723 1669 2770; baseline 0 -11"><span class='ocrx_word' id='word_1_377' title='bbox 234 2726 510 2760; x_wconf 80' lang='lat' dir='ltr'><strong>munitissimum</strong></span> <span class='ocrx_word' id='word_1_378' title='bbox 541 2725 787 2770; x_wconf 78' lang='lat' dir='ltr'><strong>Zeugminum,</strong></span> <span class='ocrx_word' id='word_1_379' title='bbox 827 2723 925 2770; x_wconf 85' lang='lat' dir='ltr'><strong>quod</strong></span> <span class='ocrx_word' id='word_1_380' title='bbox 950 2735 1043 2757; x_wconf 83' lang='lat' dir='ltr'><strong>nunc</strong></span> <span class='ocrx_word' id='word_1_381' title='bbox 1086 2723 1252 2767; x_wconf 83' lang='lat' dir='ltr'><strong>Sirmium</strong></span> <span class='ocrx_word' id='word_1_382' title='bbox 1286 2730 1436 2764; x_wconf 74' lang='lat' dir='ltr'><strong>vocant,</strong></span> <span class='ocrx_word' id='word_1_383' title='bbox 1467 2724 1574 2759; x_wconf 87' lang='lat' dir='ltr'><strong>situm</strong></span> <span class='ocrx_word' id='word_1_384' title='bbox 1598 2723 1669 2768; x_wconf 77' lang='lat' dir='ltr'><strong>est)</strong></span> 
     </span>
    </p>
   </div>
  </div>
 </body>
</html>
