1878 3230
281 131 410 194 816
718 147 944 189 menni:
983 146 1288 187 cnomATAE

297 245 470 302 ἑκάτερα
492 248 547 302 πῇ
579 246 626 286 δὲ
661 243 841 297 θάτερον
879 242 988 295 παρὰ
1032 243 1204 298 θάτερον
1235 246 1566 287 ἕπεισπίπτοντα.’
1610 244 1714 286 Σκύ-

297 315 375 353 θαι
400 327 446 353 τε
473 309 553 364 γάρ
584 307 637 350 τά
665 310 709 350 ἑν
738 308 856 350 ποσίν
883 308 1066 356 ἐπιόντες
1095 307 1249 362 ἔκειρον
1276 312 1351 350 καί
1373 324 1487 357 τινας
1512 311 1594 351 τῶν
1618 310 1716 350 κάλ-

300 381 362 417 λει
403 377 640 430 διαπρεπῶν
669 373 945 426 αἰχμαλώτων
991 370 1097 423 μετὰ
1130 376 1387 428 μαστίγωσιν
1430 379 1516 421 τοῖς
1558 371 1718 415 ἑαυτῶν

299 441 511 481 ὲπὲθυσαν
539 440 730 491 δαιζιιοσιν
758 436 1071 493 οἷναρτήσαντες,
1102 441 1173 479 καί
1190 442 1368 480 Λατῖνοι
1394 440 1446 494 τῇ
1474 436 1573 479 κατὰ
1602 440 1719 492 σφῶν

302 504 577 546 ἐπαναστάσει
601 502 826 556 ζΡωμαίων
854 503 926 544 καί
953 505 1008 560 τῷ
1035 501 1136 557 πρὸς
1163 505 1338 544 Σκυθῶν
1372 504 1601 558 ἡττηθῆναι
1628 504 1756 547 ‹lta-5

178 583 212 616 P.
225 582 290 626 398
303 568 517 623 πριάμενοι
557 567 679 609 οῦδὲν
715 567 881 609 ἔλαττον
913 569 1154 620 “Ρωμαίους
1191 567 1352 623 ἐδῄουν.
1410 570 1547 616 ου’ὃείς
1583 571 1721 608 τοίνυν

301 634 424 682 τόπος
456 632 598 684 σώζων
628 629 679 687 ἦν
706 632 779 674 καί
803 631 1104 687 λυτρούμενος,
1140 633 1312 687 ἠπείρου
1340 636 1416 685 μὲν
1443 634 1578 674 κακῶν
1605 632 1722 674 α’πεί-

302 715 386 754 ρων
407 696 644 753 πληθούσης
673 697 745 739 καί
770 700 852 740 ταῖν
882 699 1081 752 ὀλεθρίων
1119 694 1244 752 οὔσης
1280 699 1603 752 ὀλεθριωτέρας,
1645 710 1723 749 μυ·-

301 761 509 818 νοκρότων-
533 766 578 804 δὲ
605 765 776 818 σκαφῶν
803 765 895 804 καθ’
922 759 1002 803 ἅλα
1038 761 1337 816 περιπλεόντων
1370 764 1601 804 Λατινικοῦ
1625 778 1724 804 συν-

301 829 519 881 τάγματος,
549 828 710 886 λῃστειζι
738 843 781 869 τε
811 827 881 870 καί
900 828 1113 884 πειρατείᾳ
1140 829 1273 875 κακῶς
1300 828 1498 869 τιθέντων
1525 825 1569 869 τὸ
1601 824 1723 868 ὅθεν·
1741 844 1787 871 ιο

304 895 379 934 οὖν
417 890 680 946 ἇναγόμενον,
751 890 772 932 ὅ
805 894 850 934 δὲ
887 890 1070 946 Ἰωάννης
1108 897 1200 940 ταῖς
1233 892 1433 948 Θρᾳκίαις
1469 891 1526 946 μὴ
1569 893 1725 944 ἐμβρα-

305 957 432 1006 δύνας
459 956 624 999 πόλεσιν
655 959 697 1006 ἐς
726 957 1028 1011 Θεσσαλονίκην
1059 958 1189 1008 ἵεται,
1218 957 1322 1011 πρὸς
1346 955 1390 998 τὸ
1418 958 1562 998 δοκοῦν
1588 954 1724 1012 ἐκείνῳ

303 1021 356 1064 τά
399 1024 528 1064 ἐκεῖσε
557 1020 904 1076 καταστησόμενος
927 1020 1191 1075 πράγματα,
1227 1023 1298 1062 καί
1334 1021 1410 1069 τὰς
1451 1019 1587 1069 πόλεις
1625 1021 1728 1061 ἄπο-

305 1085 466 1141 στήσων
495 1089 577 1128 τῶν
607 1085 804 1128 Λατίνων
830 1090 899 1128 καί
925 1084 1207 1141 μεθαρμόσων
1233 1084 1331 1139 πρὸς
1362 1082 1520 1127 ἑαυτόν.
1578 1081 1730 1126 οὖκοῦν

307 1153 536 1208 ἀφιγμένος
563 1153 622 1200 εἷς
649 1155 808 1206 Σέρρας
834 1151 940 1204 μετά
969 1154 1049 1193 τῶν
1082 1154 1212 1193 ἐκεῖσε
1240 1152 1436 1192 Λατίνων
1472 1149 1728 1205 συρρήγνυσι
1746 1152 1792 1193 ι5

307 1216 507 1269 πόλεμον,
539 1219 611 1257 καί
633 1220 733 1268 μεθ’
761 1216 947 1269 αἱμάτων
977 1215 1136 1271 ῥεόσεις
1167 1217 1320 1264 πολλάς
1342 1215 1414 1256 καί
1438 1215 1593 1256 τούτων
1617 1230 1730 1268 νικη-

306 1281 381 1336 τὴς
405 1281 710 1323 ἀναδείκνυται.
768 1281 805 1322 οἱ
836 1279 916 1335 γάρ
945 1285 1119 1323 Λατῖνοι
1154 1283 1212 1336 τῷ
1250 1285 1438 1335 σφετέρῳ
1478 1295 1524 1320 τε
1571 1279 1739 1331 ἀκριβεῖ

308 1344 409 1400 πρὸς
436 1345 510 1393 τὰς
538 1344 677 1398 μάχας
709 1347 779 1387 καί
805 1347 862 1402 τῷ
886 1348 958 1398 τῆς
987 1346 1241 1398 αὕτεμβολῆς
1268 1342 1417 1401 ἑτοίμῳ
1444 1342 1514 1385 τὸν
1542 1342 1732 1396 Ἰωάννην

269 1409 527 1463 Βὸεξάμενοι
549 1411 732 1459 ’πολλοὺς
756 1413 835 1452 τῶν
862 1409 930 1451 ὑπ’
957 1409 1087 1451 αὐτὸν
1115 1410 1390 1461 κατέτρωσαν
1441 1411 1531 1461 μετ’
1559 1408 1608 1448 οὕ
1627 1406 1731 1448 πολὺ

307 1478 354 1517 δὲ
394 1473 567 1529 ἡττηθὲν
605 1474 648 1516 τὸ
688 1473 917 1517 Λατινικὸν
954 1473 1025 1515 καί
1065 1473 1170 1527 πρὸς
1209 1474 1283 1527 την
1313 1474 1432 1515 πόλιν
1471 1472 1546 1520 τὰς
1575 1475 1797 1526 Σέρραςαο

306 1537 564 1595 τραπόμενον
593 1539 667 1579 οὔκ
696 1537 807 1594 ἔφθη
835 1541 1072 1592 συγκλεῖσαι
1102 1537 1177 1587 τάς
1202 1540 1380 1591 Σέρρας,
1410 1537 1482 1578 καί
1514 1535 1612 1578 εἴσω
1652 1538 1735 1577 τῶν

307 1605 533 1658 τειχισμιόν
561 1607 923 1645 συνεισπίπτουσιν
952 1602 990 1645 οἱ
1021 1605 1101 1644 τῶν
1129 1602 1364 1657 φευγόντων
1394 1603 1525 1643 ὀπίσω
1556 1598 1735 1656 φερόμε-

305 1684 369 1711 νοι
411 1668 573 1721 Βλάχοι
616 1684 660 1709 τε
706 1668 777 1710 καί
811 1666 1034 1721 εΡωμαῖοι.
1093 1670 1165 1709 καί
1202 1663 1333 1715 οὕτως
1372 1667 1397 1721 ἦ
1434 1667 1549 1715 πόλις
1585 1664 1731 1718 εἴχετο.

305 1729 392 1776 εἶτα
421 1733 445 1788 ἦ
471 1735 547 1786 μὲν
576 1729 626 1789 ἧν
652 1736 698 1776 ἑν
727 1734 830 1788 πυρὶ
852 1732 922 1775 καί
948 1735 999 1789 τῇ
1027 1733 1110 1774 τῶν
1137 1735 1286 1786 τειχῶν
1312 1733 1580 1787 καθαιρέσει,
1607 1729 1654 1772 τὸ
1688 1730 1735 1771 δὲ

399 1867 431 1900 5.
456 1865 521 1912 ²⁶9⁰]
547 1861 587 1899 τό
618 1866 728 1899 APW.

311 1987 478 2028 stabant,
506 1993 542 2021 et
565 1988 704 2032 aliquot
729 1989 841 2020 forma
867 1987 1082 2020 excellentes
1111 1986 1266 2030 captivos
1299 1989 1379 2029 post
1414 1984 1520 2027 flagra
1550 1992 1737 2027 suspensos

312 2034 385 2066 suis
422 2033 655 2067 daemonibus
689 2032 938 2074 i1·nnmlabant,;
976 2039 1012 2066 et
1047 2033 1165 2065 Latini
1199 2033 1434 2064 Romanorum
1469 2029 1670 2062 defectione
1703 2033 1740 2061 et

313 2079 521 2121 Scytharum
551 2080 594 2112 de
619 2091 655 2113 se
680 2081 828 2113 victoria
854 2080 1064 2112 inflammati
1087 2078 1202 2110 nihilo
1229 2078 1343 2110 secius
1370 2078 1408 2108 in
1431 2081 1569 2108 nostros
1594 2075 1687 2110 ferro
1703 2078 1740 2106 et

310 2125 384 2168 igni
412 2125 670 2168 grassabantur.
699 2138 766 2159 nec
794 2127 887 2158 ullus
915 2126 1012 2158 locus
1039 2130 1114 2157 erat
1146 2124 1208 2168 qui
1242 2123 1415 2156 auxilium
1442 2127 1478 2154 et
1505 2121 1655 2154 salutem
1682 2119 1740 2152 af-

316 2171 410 2202 ferre
435 2177 575 2213 posset,
618 2183 694 2203 cum
727 2178 819 2204 terra
849 2173 1033 2204 continens
1070 2171 1173 2203 malis
1206 2170 1355 2202 infinitis
1389 2167 1626 2206 redundaret,
1661 2165 1739 2210 ipsa

310 2216 470 2260 pernicie
496 2217 748 2260 perniciosior3
777 2223 813 2250 et
837 2217 1043 2249 Latinorum
1066 2216 1238 2261 piraticae
1255 2225 1360 2247 naves
1376 2224 1472 2246 mare
1494 2217 1738 2256 pervagantes,

311 2262 485 2306 quicquid
510 2273 528 2294 e
555 2268 660 2305 portu
687 2264 924 2307 undecunque
954 2263 1126 2302 solveret,
1150 2262 1243 2294 male
1276 2263 1477 2294 tractarent.
1504 2263 1540 2290 at
1561 2257 1739 2290 lohannes

312 2307 473 2340 Thraciis
501 2307 650 2340 urbibus
678 2320 750 2341 non
775 2310 981 2341 immoratus
1007 2307 1297 2342 Thessalonicam
1317 2309 1501 2350 properat,
1527 2309 1568 2336 ut
1595 2313 1659 2336 suo
1683 2313 1741 2335 ar-

310 2352 443 2386 bitratu
471 2354 687 2397 provinciam
717 2355 815 2386 illam
844 2355 1079 2386 constitueret
1102 2359 1138 2386 et
1163 2353 1269 2385 urbes
1301 2363 1321 2383 a
1347 2350 1482 2382 Latinis
1508 2348 1644 2381 avulsas
1669 2348 1741 2382 sibi

311 2399 528 2438 vendicaret.
552 2400 660 2443 igitur
686 2399 805 2432 Seri-as
832 2400 1012 2443 profectus
1038 2410 1117 2432 cum
1140 2398 1272 2431 Latinis
1298 2397 1360 2440 qui
1387 2396 1438 2427 ibi
1464 2400 1564 2427 erant
1588 2405 1742 2438 pugnam

313 2446 516 2484 committit,
543 2451 579 2478 et
604 2456 663 2478 eos
689 2456 854 2490 quoque,
881 2445 943 2478 sed
967 2450 1113 2477 cruenta
1144 2443 1292 2476 victoria
1321 2447 1482 2485 superat:
1519 2451 1600 2473 nam
1623 2440 1742 2473 Latini

313 2497 351 2526 et
374 2491 563 2535 disciplina
587 2491 734 2524 militari
759 2492 842 2524 freti
867 2496 903 2523 et
936 2490 1086 2522 Iohanni
1118 2489 1257 2523 fortiter
1283 2487 1422 2520 obviam
1449 2487 1576 2531 egressi
1610 2485 1741 2527 multos

314 2538 390 2570 eius
416 2537 545 2570 milites
569 2536 807 2570 caeciderunt.
832 2535 895 2569 sed
920 2547 993 2568 non
1016 2535 1130 2568 multo
1162 2539 1244 2579 post
1268 2545 1345 2566 cum
1371 2534 1455 2566 victi
1479 2539 1515 2566 et
1539 2531 1585 2565 ad
1617 2531 1742 2565 urbem

314 2583 434 2616 Serras
459 2584 618 2620 conversi
646 2588 783 2623 essent,
819 2588 1009 2626 antequam
1041 2585 1160 2626 portas
1196 2580 1425 2620 clauderent,
1459 2577 1579 2611 machi
1613 2583 1650 2610 et
1672 2578 1742 2610 Ro-

312 2629 430 2669 mani,
459 2630 521 2674 qui
548 2629 765 2673 fugientibus
793 2627 997 2668 instabant,
1033 2638 1103 2659 una
1132 2627 1346 2670 irruperunt.
1372 2626 1456 2658 urbs
1492 2625 1544 2658 ita
1567 2628 1670 2668 capta
1705 2627 1744 2656 et

314 2674 459 2709 incensa
477 2681 536 2710 est
571 2681 607 2710 et
642 2675 798 2711 moenia,
820 2675 958 2718 diruta5
996 2674 1059 2719 qui
1080 2672 1337 2717 ,comprehensi
1373 2671 1471 2707 suere
1489 2696 1499 2713 ,
1535 2669 1682 2704 abducti
1705 2672 1742 2701 et
