<?xml version="1.0" encoding="UTF-8"?>
<!DOCTYPE html PUBLIC "-//W3C//DTD XHTML 1.0 Transitional//EN"
    "http://www.w3.org/TR/xhtml1/DTD/xhtml1-transitional.dtd">
<html xmlns="http://www.w3.org/1999/xhtml" xml:lang="en" lang="en">
 <head>
  <title>
</title>
<meta http-equiv="Content-Type" content="text/html;charset=utf-8" />
  <meta name='ocr-system' content='tesseract 3.04.00' />
  <meta name='ocr-capabilities' content='ocr_page ocr_carea ocr_par ocr_line ocrx_word'/>
</head>
<body>
  <div class='ocr_page' id='page_1' title='image "./corpusscriptorum41niebuoft/corpusscriptorum41niebuoft_0016.png"; bbox 0 0 1838 3210; ppageno 0'>
   <div class='ocr_carea' id='block_1_1' title="bbox 214 175 1107 217">
    <p class='ocr_par' dir='ltr' id='par_1_1' title="bbox 214 175 1107 217">
     <span class='ocr_line' id='line_1_1' title="bbox 214 175 1107 217; baseline -0.002 0"><span class='ocrx_word' id='word_1_1' title='bbox 214 178 249 217; x_wconf 83' lang='lat' dir='ltr'>X</span> <span class='ocrx_word' id='word_1_2' title='bbox 720 178 860 217; x_wconf 73' lang='lat' dir='ltr'><strong>HOER.</strong></span> <span class='ocrx_word' id='word_1_3' title='bbox 906 175 1107 215; x_wconf 80' lang='lat' dir='ltr'><strong>WOLFu</strong></span> 
     </span>
    </p>
   </div>
   <div class='ocr_carea' id='block_1_2' title="bbox 213 274 1648 2749">
    <p class='ocr_par' dir='ltr' id='par_1_2' title="bbox 213 274 1648 2749">
     <span class='ocr_line' id='line_1_2' title="bbox 215 274 1635 328; baseline -0.001 -12"><span class='ocrx_word' id='word_1_4' title='bbox 215 277 341 316; x_wconf 82' lang='lat' dir='ltr'><strong>initiis</strong></span> <span class='ocrx_word' id='word_1_5' title='bbox 368 278 417 316; x_wconf 90' lang='lat' dir='ltr'><strong>ad</strong></span> <span class='ocrx_word' id='word_1_6' title='bbox 446 285 568 317; x_wconf 83' lang='lat' dir='ltr'><strong>metas</strong></span> <span class='ocrx_word' id='word_1_7' title='bbox 586 277 729 316; x_wconf 82' lang='lat' dir='ltr'>ordine</span> <span class='ocrx_word' id='word_1_8' title='bbox 757 274 1056 328; x_wconf 75' lang='lat' dir='ltr'><strong>progrediendo,</strong></span> <span class='ocrx_word' id='word_1_9' title='bbox 1075 276 1206 314; x_wconf 88' lang='lat' dir='ltr'><strong>statim</strong></span> <span class='ocrx_word' id='word_1_10' title='bbox 1225 274 1263 313; x_wconf 87' lang='lat' dir='ltr'><strong>in</strong></span> <span class='ocrx_word' id='word_1_11' title='bbox 1284 281 1469 326; x_wconf 83' lang='lat' dir='ltr'><strong>promptu</strong></span> <span class='ocrx_word' id='word_1_12' title='bbox 1489 274 1635 314; x_wconf 84' lang='lat' dir='ltr'><strong>babent</strong></span> 
     </span>
     <span class='ocr_line' id='line_1_3' title="bbox 215 338 1634 396; baseline -0.001 -14"><span class='ocrx_word' id='word_1_13' title='bbox 215 357 318 396; x_wconf 88' lang='lat' dir='ltr'><strong>quae</strong></span> <span class='ocrx_word' id='word_1_14' title='bbox 343 343 396 382; x_wconf 85' lang='lat' dir='ltr'><strong>ad</strong></span> <span class='ocrx_word' id='word_1_15' title='bbox 425 357 510 381; x_wconf 87' lang='lat' dir='ltr'><strong>rem</strong></span> <span class='ocrx_word' id='word_1_16' title='bbox 542 342 777 395; x_wconf 87' lang='lat' dir='ltr'><strong>pertineant.</strong></span> <span class='ocrx_word' id='word_1_17' title='bbox 810 340 868 378; x_wconf 87' lang='lat' dir='ltr'><strong>illi</strong></span> <span class='ocrx_word' id='word_1_18' title='bbox 895 340 1047 387; x_wconf 87' lang='lat' dir='ltr'><strong>multa,</strong></span> <span class='ocrx_word' id='word_1_19' title='bbox 1077 340 1118 379; x_wconf 88' lang='lat' dir='ltr'><strong>hi</strong></span> <span class='ocrx_word' id='word_1_20' title='bbox 1145 338 1333 393; x_wconf 78' lang='lat' dir='ltr'><strong>pleraque</strong></span> <span class='ocrx_word' id='word_1_21' title='bbox 1369 339 1474 378; x_wconf 88' lang='lat' dir='ltr'><strong>scitu</strong></span> <span class='ocrx_word' id='word_1_22' title='bbox 1516 339 1634 394; x_wconf 78' lang='lat' dir='ltr'><strong>digna</strong></span> 
     </span>
     <span class='ocr_line' id='line_1_4' title="bbox 215 404 1635 459; baseline -0.004 -11"><span class='ocrx_word' id='word_1_23' title='bbox 215 416 374 448; x_wconf 87' lang='lat' dir='ltr'><strong>tenent:</strong></span> <span class='ocrx_word' id='word_1_24' title='bbox 406 406 463 446; x_wconf 91' lang='lat' dir='ltr'><strong>illi</strong></span> <span class='ocrx_word' id='word_1_25' title='bbox 494 407 718 459; x_wconf 86' lang='lat' dir='ltr'><strong>fragmenta</strong></span> <span class='ocrx_word' id='word_1_26' title='bbox 737 404 931 457; x_wconf 84' lang='lat' dir='ltr'><strong>quaedam</strong></span> <span class='ocrx_word' id='word_1_27' title='bbox 950 412 989 445; x_wconf 88' lang='lat' dir='ltr'><strong>et</strong></span> <span class='ocrx_word' id='word_1_28' title='bbox 1014 405 1132 459; x_wconf 79' lang='lat' dir='ltr'><strong>quasi</strong></span> <span class='ocrx_word' id='word_1_29' title='bbox 1145 405 1309 444; x_wconf 87' lang='lat' dir='ltr'><strong>disiecta</strong></span> <span class='ocrx_word' id='word_1_30' title='bbox 1333 405 1516 445; x_wconf 87' lang='lat' dir='ltr'><strong>membra</strong></span> <span class='ocrx_word' id='word_1_31' title='bbox 1532 419 1635 445; x_wconf 87' lang='lat' dir='ltr'><strong>con-</strong></span> 
     </span>
     <span class='ocr_line' id='line_1_5' title="bbox 215 469 1637 523; baseline -0.001 -10"><span class='ocrx_word' id='word_1_32' title='bbox 215 480 450 523; x_wconf 85' lang='lat' dir='ltr'><strong>sectantur,</strong></span> <span class='ocrx_word' id='word_1_33' title='bbox 482 472 524 509; x_wconf 87' lang='lat' dir='ltr'><strong>hi</strong></span> <span class='ocrx_word' id='word_1_34' title='bbox 563 470 732 509; x_wconf 85' lang='lat' dir='ltr'><strong>solidum</strong></span> <span class='ocrx_word' id='word_1_35' title='bbox 765 469 966 522; x_wconf 84' lang='lat' dir='ltr'>quoddam</span> <span class='ocrx_word' id='word_1_36' title='bbox 1004 477 1043 509; x_wconf 87' lang='lat' dir='ltr'><strong>et</strong></span> <span class='ocrx_word' id='word_1_37' title='bbox 1078 470 1156 509; x_wconf 88' lang='lat' dir='ltr'><strong>suis</strong></span> <span class='ocrx_word' id='word_1_38' title='bbox 1192 471 1366 509; x_wconf 89' lang='lat' dir='ltr'><strong>numeris</strong></span> <span class='ocrx_word' id='word_1_39' title='bbox 1409 470 1637 511; x_wconf 79' lang='lat' dir='ltr'><strong>absolutum</strong></span> 
     </span>
     <span class='ocr_line' id='line_1_6' title="bbox 213 534 1632 591; baseline 0 -14"><span class='ocrx_word' id='word_1_40' title='bbox 213 538 409 577; x_wconf 86' lang='lat' dir='ltr'><strong>humanae</strong></span> <span class='ocrx_word' id='word_1_41' title='bbox 438 536 676 588; x_wconf 81' lang='lat' dir='ltr'>cognitionis</span> <span class='ocrx_word' id='word_1_42' title='bbox 705 549 852 587; x_wconf 90' lang='lat' dir='ltr'><strong>corpus</strong></span> <span class='ocrx_word' id='word_1_43' title='bbox 878 535 1207 588; x_wconf 88' lang='lat' dir='ltr'><strong>complectuntur.</strong></span> <span class='ocrx_word' id='word_1_44' title='bbox 1236 548 1335 588; x_wconf 88' lang='lat' dir='ltr'><strong>quas</strong></span> <span class='ocrx_word' id='word_1_45' title='bbox 1374 534 1426 574; x_wconf 86' lang='lat' dir='ltr'><strong>ob</strong></span> <span class='ocrx_word' id='word_1_46' title='bbox 1459 549 1522 575; x_wconf 86' lang='lat' dir='ltr'><strong>res</strong></span> <span class='ocrx_word' id='word_1_47' title='bbox 1557 551 1632 591; x_wconf 86' lang='lat' dir='ltr'><strong>ego</strong></span> 
     </span>
     <span class='ocr_line' id='line_1_7' title="bbox 213 600 1636 656; baseline 0 -14"><span class='ocrx_word' id='word_1_48' title='bbox 213 604 427 656; x_wconf 84' lang='lat' dir='ltr'><strong>perbeatos</strong></span> <span class='ocrx_word' id='word_1_49' title='bbox 453 615 520 640; x_wconf 92' lang='lat' dir='ltr'><strong>eos</strong></span> <span class='ocrx_word' id='word_1_50' title='bbox 550 615 634 640; x_wconf 88' lang='lat' dir='ltr'><strong>esse</strong></span> <span class='ocrx_word' id='word_1_51' title='bbox 660 600 813 650; x_wconf 87' lang='lat' dir='ltr'><strong>iudico,</strong></span> <span class='ocrx_word' id='word_1_52' title='bbox 842 600 986 653; x_wconf 88' lang='lat' dir='ltr'><strong>quibus</strong></span> <span class='ocrx_word' id='word_1_53' title='bbox 1011 606 1052 639; x_wconf 83' lang='lat' dir='ltr'><strong>et</strong></span> <span class='ocrx_word' id='word_1_54' title='bbox 1079 613 1125 639; x_wconf 88' lang='lat' dir='ltr'><strong>ea</strong></span> <span class='ocrx_word' id='word_1_55' title='bbox 1159 600 1343 639; x_wconf 79' lang='lat' dir='ltr'><strong>voluntas</strong></span> <span class='ocrx_word' id='word_1_56' title='bbox 1384 602 1554 654; x_wconf 75' lang='lat' dir='ltr'><strong>contigit</strong></span> <span class='ocrx_word' id='word_1_57' title='bbox 1590 609 1636 642; x_wconf 82' lang='lat' dir='ltr'><strong>ut</strong></span> 
     </span>
     <span class='ocr_line' id='line_1_8' title="bbox 215 665 1637 720; baseline 0.001 -14"><span class='ocrx_word' id='word_1_58' title='bbox 215 669 376 720; x_wconf 86' lang='lat' dir='ltr'><strong>cupiant</strong></span> <span class='ocrx_word' id='word_1_59' title='bbox 393 695 404 716; x_wconf 89' lang='lat'>‚</span> <span class='ocrx_word' id='word_1_60' title='bbox 434 672 475 705; x_wconf 88' lang='lat' dir='ltr'><strong>et</strong></span> <span class='ocrx_word' id='word_1_61' title='bbox 503 680 573 706; x_wconf 88' lang='lat' dir='ltr'><strong>eae</strong></span> <span class='ocrx_word' id='word_1_62' title='bbox 601 666 812 705; x_wconf 82' lang='lat' dir='ltr'><strong>facultates</strong></span> <span class='ocrx_word' id='word_1_63' title='bbox 839 672 1059 718; x_wconf 87' lang='lat' dir='ltr'><strong>suppetunt</strong></span> <span class='ocrx_word' id='word_1_64' title='bbox 1085 671 1132 704; x_wconf 84' lang='lat' dir='ltr'><strong>ut</strong></span> <span class='ocrx_word' id='word_1_65' title='bbox 1160 665 1338 718; x_wconf 86' lang='lat' dir='ltr'><strong>possint,</strong></span> <span class='ocrx_word' id='word_1_66' title='bbox 1373 667 1470 705; x_wconf 87' lang='lat' dir='ltr'><strong>citra</strong></span> <span class='ocrx_word' id='word_1_67' title='bbox 1509 669 1637 720; x_wconf 88' lang='lat' dir='ltr'><strong>impe-</strong></span> 
     </span>
     <span class='ocr_line' id='line_1_9' title="bbox 214 730 1641 785; baseline 0 -13"><span class='ocrx_word' id='word_1_68' title='bbox 214 733 432 772; x_wconf 86' lang='lat' dir='ltr'><strong>dimentum</strong></span> <span class='ocrx_word' id='word_1_69' title='bbox 449 761 462 783; x_wconf 87' lang='lat'>‚</span> <span class='ocrx_word' id='word_1_70' title='bbox 489 731 539 771; x_wconf 86' lang='lat' dir='ltr'><strong>ab</strong></span> <span class='ocrx_word' id='word_1_71' title='bbox 559 733 720 770; x_wconf 84' lang='lat' dir='ltr'><strong>ineunte</strong></span> <span class='ocrx_word' id='word_1_72' title='bbox 748 737 878 770; x_wconf 88' lang='lat' dir='ltr'><strong>aetate</strong></span> <span class='ocrx_word' id='word_1_73' title='bbox 905 745 1029 784; x_wconf 89' lang='lat' dir='ltr'><strong>usque</strong></span> <span class='ocrx_word' id='word_1_74' title='bbox 1053 730 1105 769; x_wconf 80' lang='lat' dir='ltr'><strong>ad</strong></span> <span class='ocrx_word' id='word_1_75' title='bbox 1134 730 1175 769; x_wconf 92' lang='lat' dir='ltr'><strong>id</strong></span> <span class='ocrx_word' id='word_1_76' title='bbox 1202 738 1355 784; x_wconf 85' lang='lat' dir='ltr'><strong>tempus</strong></span> <span class='ocrx_word' id='word_1_77' title='bbox 1377 731 1484 785; x_wconf 88' lang='lat' dir='ltr'><strong>quod</strong></span> <span class='ocrx_word' id='word_1_78' title='bbox 1514 733 1641 773; x_wconf 87' lang='lat' dir='ltr'><strong>rebus</strong></span> 
     </span>
     <span class='ocr_line' id='line_1_10' title="bbox 214 796 1642 851; baseline 0.001 -15"><span class='ocrx_word' id='word_1_79' title='bbox 214 797 396 851; x_wconf 85' lang='lat' dir='ltr'><strong>gerendis</strong></span> <span class='ocrx_word' id='word_1_80' title='bbox 424 804 566 850; x_wconf 79' lang='lat' dir='ltr'><strong>aptum</strong></span> <span class='ocrx_word' id='word_1_81' title='bbox 593 804 672 847; x_wconf 89' lang='lat' dir='ltr'><strong>est,</strong></span> <span class='ocrx_word' id='word_1_82' title='bbox 705 796 1008 850; x_wconf 78' lang='lat' dir='ltr'><strong>philosophari,</strong></span> <span class='ocrx_word' id='word_1_83' title='bbox 1039 810 1086 835; x_wconf 88' lang='lat' dir='ltr'><strong>ac</strong></span> <span class='ocrx_word' id='word_1_84' title='bbox 1102 802 1190 835; x_wconf 80' lang='lat' dir='ltr'><strong>tum</strong></span> <span class='ocrx_word' id='word_1_85' title='bbox 1221 796 1381 836; x_wconf 80' lang='lat' dir='ltr'><strong>demum</strong></span> <span class='ocrx_word' id='word_1_86' title='bbox 1408 797 1550 851; x_wconf 79' lang='lat' dir='ltr'><strong>agendi</strong></span> <span class='ocrx_word' id='word_1_87' title='bbox 1577 813 1642 838; x_wconf 91' lang='lat' dir='ltr'><strong>so-</strong></span> 
     </span>
     <span class='ocr_line' id='line_1_11' title="bbox 214 861 1640 915; baseline 0.001 -13"><span class='ocrx_word' id='word_1_88' title='bbox 214 862 373 902; x_wconf 86' lang='lat' dir='ltr'><strong>lertiam</strong></span> <span class='ocrx_word' id='word_1_89' title='bbox 412 876 505 902; x_wconf 90' lang='lat' dir='ltr'><strong>cum</strong></span> <span class='ocrx_word' id='word_1_90' title='bbox 531 862 714 903; x_wconf 82' lang='lat' dir='ltr'><strong>veritatis</strong></span> <span class='ocrx_word' id='word_1_91' title='bbox 749 861 1081 914; x_wconf 82' lang='lat' dir='ltr'><strong>contemplatione</strong></span> <span class='ocrx_word' id='word_1_92' title='bbox 1119 862 1386 915; x_wconf 86' lang='lat' dir='ltr'><strong>coniungere,</strong></span> <span class='ocrx_word' id='word_1_93' title='bbox 1425 863 1566 902; x_wconf 80' lang='lat' dir='ltr'><strong>animis</strong></span> <span class='ocrx_word' id='word_1_94' title='bbox 1596 865 1640 903; x_wconf 82' lang='lat' dir='ltr'><strong>in</strong></span> 
     </span>
     <span class='ocr_line' id='line_1_12' title="bbox 216 926 1640 981; baseline 0.001 -15"><span class='ocrx_word' id='word_1_95' title='bbox 216 927 347 967; x_wconf 89' lang='lat' dir='ltr'><strong>caelos</strong></span> <span class='ocrx_word' id='word_1_96' title='bbox 374 934 413 967; x_wconf 85' lang='lat' dir='ltr'><strong>et</strong></span> <span class='ocrx_word' id='word_1_97' title='bbox 436 928 566 981; x_wconf 89' lang='lat' dir='ltr'><strong>ipsum</strong></span> <span class='ocrx_word' id='word_1_98' title='bbox 594 927 736 979; x_wconf 88' lang='lat' dir='ltr'><strong>deum,</strong></span> <span class='ocrx_word' id='word_1_99' title='bbox 767 927 1006 980; x_wconf 83' lang='lat' dir='ltr'>corporibus</span> <span class='ocrx_word' id='word_1_100' title='bbox 1035 926 1078 965; x_wconf 83' lang='lat' dir='ltr'><strong>in</strong></span> <span class='ocrx_word' id='word_1_101' title='bbox 1097 926 1298 966; x_wconf 85' lang='lat' dir='ltr'><strong>humanae</strong></span> <span class='ocrx_word' id='word_1_102' title='bbox 1320 927 1517 967; x_wconf 82' lang='lat' dir='ltr'><strong>societatis</strong></span> <span class='ocrx_word' id='word_1_103' title='bbox 1542 940 1640 967; x_wconf 91' lang='lat' dir='ltr'><strong>con-</strong></span> 
     </span>
     <span class='ocr_line' id='line_1_13' title="bbox 214 992 1643 1046; baseline 0 -14"><span class='ocrx_word' id='word_1_104' title='bbox 214 994 481 1032; x_wconf 87' lang='lat' dir='ltr'><strong>servationem</strong></span> <span class='ocrx_word' id='word_1_105' title='bbox 513 994 689 1032; x_wconf 85' lang='lat' dir='ltr'><strong>intentis.</strong></span> <span class='ocrx_word' id='word_1_106' title='bbox 729 992 828 1032; x_wconf 86' lang='lat' dir='ltr'><strong>haec</strong></span> <span class='ocrx_word' id='word_1_107' title='bbox 854 993 952 1031; x_wconf 85' lang='lat' dir='ltr'><strong>mihi</strong></span> <span class='ocrx_word' id='word_1_108' title='bbox 996 993 1078 1032; x_wconf 80' lang='lat' dir='ltr'><strong>vita</strong></span> <span class='ocrx_word' id='word_1_109' title='bbox 1122 1006 1216 1032; x_wconf 89' lang='lat' dir='ltr'><strong>vere</strong></span> <span class='ocrx_word' id='word_1_110' title='bbox 1245 993 1420 1032; x_wconf 83' lang='lat' dir='ltr'><strong>hnmana</strong></span> <span class='ocrx_word' id='word_1_111' title='bbox 1441 1000 1480 1032; x_wconf 90' lang='lat' dir='ltr'><strong>et</strong></span> <span class='ocrx_word' id='word_1_112' title='bbox 1506 994 1643 1046; x_wconf 88' lang='lat' dir='ltr'><strong>potius</strong></span> 
     </span>
     <span class='ocr_line' id='line_1_14' title="bbox 216 1058 1639 1112; baseline 0 -16"><span class='ocrx_word' id='word_1_113' title='bbox 216 1058 352 1097; x_wconf 88' lang='lat' dir='ltr'><strong>divina</strong></span> <span class='ocrx_word' id='word_1_114' title='bbox 375 1072 534 1111; x_wconf 82' lang='lat' dir='ltr'><strong>semper</strong></span> <span class='ocrx_word' id='word_1_115' title='bbox 562 1059 646 1098; x_wconf 87' lang='lat' dir='ltr'><strong>visa</strong></span> <span class='ocrx_word' id='word_1_116' title='bbox 678 1064 752 1108; x_wconf 84' lang='lat' dir='ltr'><strong>est,</strong></span> <span class='ocrx_word' id='word_1_117' title='bbox 784 1065 823 1097; x_wconf 89' lang='lat' dir='ltr'><strong>et</strong></span> <span class='ocrx_word' id='word_1_118' title='bbox 850 1058 1035 1098; x_wconf 90' lang='lat' dir='ltr'><strong>omnibus</strong></span> <span class='ocrx_word' id='word_1_119' title='bbox 1052 1058 1101 1097; x_wconf 87' lang='lat' dir='ltr'><strong>iis</strong></span> <span class='ocrx_word' id='word_1_120' title='bbox 1118 1058 1388 1111; x_wconf 85' lang='lat' dir='ltr'><strong>voluptatibus</strong></span> <span class='ocrx_word' id='word_1_121' title='bbox 1418 1072 1522 1112; x_wconf 89' lang='lat' dir='ltr'><strong>quae</strong></span> <span class='ocrx_word' id='word_1_122' title='bbox 1546 1072 1639 1097; x_wconf 89' lang='lat' dir='ltr'><strong>cum</strong></span> 
     </span>
     <span class='ocr_line' id='line_1_15' title="bbox 215 1122 1644 1177; baseline 0.001 -15"><span class='ocrx_word' id='word_1_123' title='bbox 215 1122 346 1162; x_wconf 88' lang='lat' dir='ltr'><strong>brutis</strong></span> <span class='ocrx_word' id='word_1_124' title='bbox 376 1123 644 1162; x_wconf 87' lang='lat' dir='ltr'><strong>animantibus</strong></span> <span class='ocrx_word' id='word_1_125' title='bbox 670 1123 752 1162; x_wconf 83' lang='lat' dir='ltr'><strong>fere</strong></span> <span class='ocrx_word' id='word_1_126' title='bbox 779 1137 1012 1163; x_wconf 87' lang='lat' dir='ltr'><strong>communes</strong></span> <span class='ocrx_word' id='word_1_127' title='bbox 1039 1130 1133 1163; x_wconf 87' lang='lat' dir='ltr'><strong>sunt</strong></span> <span class='ocrx_word' id='word_1_128' title='bbox 1166 1123 1438 1177; x_wconf 88' lang='lat' dir='ltr'><strong>praeferenda.</strong></span> <span class='ocrx_word' id='word_1_129' title='bbox 1483 1125 1525 1163; x_wconf 82' lang='lat' dir='ltr'><strong>in</strong></span> <span class='ocrx_word' id='word_1_130' title='bbox 1560 1137 1644 1177; x_wconf 87' lang='lat' dir='ltr'><strong>quo</strong></span> 
     </span>
     <span class='ocr_line' id='line_1_16' title="bbox 219 1187 1640 1242; baseline -0.001 -15"><span class='ocrx_word' id='word_1_131' title='bbox 219 1189 398 1228; x_wconf 83' lang='lat' dir='ltr'><strong>assentiri</strong></span> <span class='ocrx_word' id='word_1_132' title='bbox 427 1188 527 1227; x_wconf 79' lang='lat' dir='ltr'><strong>mihi</strong></span> <span class='ocrx_word' id='word_1_133' title='bbox 567 1195 607 1228; x_wconf 89' lang='lat' dir='ltr'><strong>et</strong></span> <span class='ocrx_word' id='word_1_134' title='bbox 635 1203 680 1228; x_wconf 90' lang='lat' dir='ltr'><strong>ex</strong></span> <span class='ocrx_word' id='word_1_135' title='bbox 711 1187 837 1228; x_wconf 89' lang='lat' dir='ltr'><strong>doctis</strong></span> <span class='ocrx_word' id='word_1_136' title='bbox 879 1195 921 1228; x_wconf 86' lang='lat' dir='ltr'><strong>et</strong></span> <span class='ocrx_word' id='word_1_137' title='bbox 958 1202 1003 1228; x_wconf 89' lang='lat' dir='ltr'><strong>ex</strong></span> <span class='ocrx_word' id='word_1_138' title='bbox 1045 1188 1215 1228; x_wconf 80' lang='lat' dir='ltr'><strong>indoctis</strong></span> <span class='ocrx_word' id='word_1_139' title='bbox 1244 1189 1439 1242; x_wconf 84' lang='lat' dir='ltr'><strong>optimum</strong></span> <span class='ocrx_word' id='word_1_140' title='bbox 1470 1194 1511 1227; x_wconf 89' lang='lat' dir='ltr'><strong>et</strong></span> <span class='ocrx_word' id='word_1_141' title='bbox 1541 1202 1640 1241; x_wconf 87' lang='lat' dir='ltr'><strong>pru·</strong></span> 
     </span>
     <span class='ocr_line' id='line_1_17' title="bbox 223 1253 1646 1308; baseline -0.001 -15"><span class='ocrx_word' id='word_1_142' title='bbox 223 1253 502 1293; x_wconf 67' lang='lat' dir='ltr'><strong>«lentissimum</strong></span> <span class='ocrx_word' id='word_1_143' title='bbox 529 1268 727 1308; x_wconf 89' lang='lat' dir='ltr'><strong>quemque</strong></span> <span class='ocrx_word' id='word_1_144' title='bbox 744 1283 756 1304; x_wconf 89' lang='lat'>,</span> <span class='ocrx_word' id='word_1_145' title='bbox 786 1256 867 1293; x_wconf 89' lang='lat' dir='ltr'><strong>imo</strong></span> <span class='ocrx_word' id='word_1_146' title='bbox 892 1267 956 1292; x_wconf 89' lang='lat' dir='ltr'><strong>me</strong></span> <span class='ocrx_word' id='word_1_147' title='bbox 981 1255 1113 1306; x_wconf 88' lang='lat' dir='ltr'><strong>potius</strong></span> <span class='ocrx_word' id='word_1_148' title='bbox 1143 1268 1236 1293; x_wconf 86' lang='lat' dir='ltr'><strong>cum</strong></span> <span class='ocrx_word' id='word_1_149' title='bbox 1258 1253 1421 1293; x_wconf 86' lang='lat' dir='ltr'><strong>illorum</strong></span> <span class='ocrx_word' id='word_1_150' title='bbox 1436 1254 1646 1293; x_wconf 82' lang='lat' dir='ltr'><strong>sententiis</strong></span> 
     </span>
     <span class='ocr_line' id='line_1_18' title="bbox 220 1318 1643 1372; baseline -0.001 -14"><span class='ocrx_word' id='word_1_151' title='bbox 220 1333 449 1372; x_wconf 86' lang='lat' dir='ltr'><strong>congruere,</strong></span> <span class='ocrx_word' id='word_1_152' title='bbox 480 1325 648 1358; x_wconf 87' lang='lat' dir='ltr'><strong>constat.</strong></span> <span class='ocrx_word' id='word_1_153' title='bbox 685 1333 759 1359; x_wconf 91' lang='lat' dir='ltr'><strong>nec</strong></span> <span class='ocrx_word' id='word_1_154' title='bbox 786 1319 919 1358; x_wconf 88' lang='lat' dir='ltr'><strong>Tuum</strong></span> <span class='ocrx_word' id='word_1_155' title='bbox 951 1319 1028 1358; x_wconf 88' lang='lat' dir='ltr'><strong>hac</strong></span> <span class='ocrx_word' id='word_1_156' title='bbox 1052 1319 1094 1358; x_wconf 91' lang='lat' dir='ltr'><strong>in</strong></span> <span class='ocrx_word' id='word_1_157' title='bbox 1121 1333 1166 1358; x_wconf 91' lang='lat' dir='ltr'><strong>re</strong></span> <span class='ocrx_word' id='word_1_158' title='bbox 1187 1348 1198 1370; x_wconf 89' lang='lat'><strong>‚</strong></span> <span class='ocrx_word' id='word_1_159' title='bbox 1229 1325 1276 1358; x_wconf 91' lang='lat' dir='ltr'><strong>ut</strong></span> <span class='ocrx_word' id='word_1_160' title='bbox 1303 1326 1342 1358; x_wconf 89' lang='lat' dir='ltr'><strong>et</strong></span> <span class='ocrx_word' id='word_1_161' title='bbox 1378 1320 1421 1357; x_wconf 90' lang='lat' dir='ltr'><strong>in</strong></span> <span class='ocrx_word' id='word_1_162' title='bbox 1445 1318 1609 1358; x_wconf 86' lang='lat' dir='ltr'><strong>caeteris</strong></span> <span class='ocrx_word' id='word_1_163' title='bbox 1626 1346 1643 1369; x_wconf 83' lang='lat'>,</span> 
     </span>
     <span class='ocr_line' id='line_1_19' title="bbox 220 1383 1644 1438; baseline -0.001 -15"><span class='ocrx_word' id='word_1_164' title='bbox 220 1384 473 1438; x_wconf 85' lang='lat' dir='ltr'><strong>praeclarum</strong></span> <span class='ocrx_word' id='word_1_165' title='bbox 501 1384 718 1436; x_wconf 75' lang='lat' dir='ltr'><strong>iudicium,</strong></span> <span class='ocrx_word' id='word_1_166' title='bbox 744 1383 851 1438; x_wconf 89' lang='lat' dir='ltr'><strong>quod</strong></span> <span class='ocrx_word' id='word_1_167' title='bbox 876 1390 918 1424; x_wconf 85' lang='lat' dir='ltr'><strong>et</strong></span> <span class='ocrx_word' id='word_1_168' title='bbox 944 1391 1027 1424; x_wconf 79' lang='lat' dir='ltr'><strong>tota</strong></span> <span class='ocrx_word' id='word_1_169' title='bbox 1045 1385 1295 1424; x_wconf 49' lang='lat' dir='ltr'><strong>Fusa-‚Enim</strong></span> <span class='ocrx_word' id='word_1_170' title='bbox 1323 1383 1472 1423; x_wconf 87' lang='lat' dir='ltr'><strong>familia</strong></span> <span class='ocrx_word' id='word_1_171' title='bbox 1494 1397 1644 1437; x_wconf 79' lang='lat' dir='ltr'><strong>magno</strong></span> 
     </span>
     <span class='ocr_line' id='line_1_20' title="bbox 222 1450 1642 1507; baseline -0.001 -18"><span class='ocrx_word' id='word_1_172' title='bbox 222 1464 416 1489; x_wconf 88' lang='lat' dir='ltr'><strong>consensu</strong></span> <span class='ocrx_word' id='word_1_173' title='bbox 444 1452 626 1504; x_wconf 87' lang='lat' dir='ltr'><strong>sequitur</strong></span> <span class='ocrx_word' id='word_1_174' title='bbox 654 1457 693 1490; x_wconf 89' lang='lat' dir='ltr'><strong>et</strong></span> <span class='ocrx_word' id='word_1_175' title='bbox 723 1450 878 1490; x_wconf 86' lang='lat' dir='ltr'><strong>cordati</strong></span> <span class='ocrx_word' id='word_1_176' title='bbox 914 1464 1050 1507; x_wconf 86' lang='lat' dir='ltr'><strong>omnes</strong></span> <span class='ocrx_word' id='word_1_177' title='bbox 1075 1464 1228 1490; x_wconf 80' lang='lat' dir='ltr'><strong>summe</strong></span> <span class='ocrx_word' id='word_1_178' title='bbox 1256 1451 1457 1504; x_wconf 86' lang='lat' dir='ltr'><strong>probant,</strong></span> <span class='ocrx_word' id='word_1_179' title='bbox 1497 1450 1642 1489; x_wconf 90' lang='lat' dir='ltr'><strong>obscu-</strong></span> 
     </span>
     <span class='ocr_line' id='line_1_21' title="bbox 219 1515 1642 1570; baseline 0 -16"><span class='ocrx_word' id='word_1_180' title='bbox 219 1528 312 1554; x_wconf 86' lang='lat' dir='ltr'><strong>rum</strong></span> <span class='ocrx_word' id='word_1_181' title='bbox 342 1523 426 1566; x_wconf 86' lang='lat' dir='ltr'><strong>est3</strong></span> <span class='ocrx_word' id='word_1_182' title='bbox 454 1517 523 1569; x_wconf 85' lang='lat' dir='ltr'><strong>qui</strong></span> <span class='ocrx_word' id='word_1_183' title='bbox 551 1515 651 1556; x_wconf 85' lang='lat' dir='ltr'><strong>filios</strong></span> <span class='ocrx_word' id='word_1_184' title='bbox 676 1517 783 1556; x_wconf 89' lang='lat' dir='ltr'><strong>Tuos</strong></span> <span class='ocrx_word' id='word_1_185' title='bbox 809 1517 1060 1570; x_wconf 85' lang='lat' dir='ltr'><strong>ingeniorum</strong></span> <span class='ocrx_word' id='word_1_186' title='bbox 1080 1524 1119 1556; x_wconf 89' lang='lat' dir='ltr'><strong>et</strong></span> <span class='ocrx_word' id='word_1_187' title='bbox 1137 1531 1352 1570; x_wconf 86' lang='lat' dir='ltr'><strong>corporum</strong></span> <span class='ocrx_word' id='word_1_188' title='bbox 1371 1517 1508 1569; x_wconf 82' lang='lat' dir='ltr'><strong>vigore</strong></span> <span class='ocrx_word' id='word_1_189' title='bbox 1525 1529 1642 1568; x_wconf 85' lang='lat' dir='ltr'><strong>prac-</strong></span> 
     </span>
     <span class='ocr_line' id='line_1_22' title="bbox 220 1579 1641 1635; baseline -0.001 -15"><span class='ocrx_word' id='word_1_190' title='bbox 220 1588 369 1621; x_wconf 87' lang='lat' dir='ltr'><strong>stantes</strong></span> <span class='ocrx_word' id='word_1_191' title='bbox 398 1579 453 1620; x_wconf 40' lang='lat' dir='ltr'><strong>ab*</strong></span> <span class='ocrx_word' id='word_1_192' title='bbox 477 1581 570 1635; x_wconf 86' lang='lat' dir='ltr'><strong>ipsis</strong></span> <span class='ocrx_word' id='word_1_193' title='bbox 595 1595 724 1635; x_wconf 87' lang='lat' dir='ltr'><strong>prope</strong></span> <span class='ocrx_word' id='word_1_194' title='bbox 756 1582 961 1621; x_wconf 77' lang='lat' dir='ltr'><strong>cunabulis</strong></span> <span class='ocrx_word' id='word_1_195' title='bbox 995 1582 1121 1635; x_wconf 76' lang='lat' dir='ltr'><strong>iisque</strong></span> <span class='ocrx_word' id='word_1_196' title='bbox 1150 1583 1199 1621; x_wconf 91' lang='lat' dir='ltr'><strong>ad</strong></span> <span class='ocrx_word' id='word_1_197' title='bbox 1234 1583 1453 1622; x_wconf 86' lang='lat' dir='ltr'><strong>iuventutis</strong></span> <span class='ocrx_word' id='word_1_198' title='bbox 1481 1582 1641 1620; x_wconf 84' lang='lat' dir='ltr'><strong>initium</strong></span> 
     </span>
     <span class='ocr_line' id='line_1_23' title="bbox 219 1646 1639 1702; baseline -0.001 -16"><span class='ocrx_word' id='word_1_199' title='bbox 219 1660 243 1686; x_wconf 87' lang='lat' dir='ltr'><strong>a</strong></span> <span class='ocrx_word' id='word_1_200' title='bbox 269 1646 508 1686; x_wconf 83' lang='lat' dir='ltr'><strong>doctissimis</strong></span> <span class='ocrx_word' id='word_1_201' title='bbox 526 1647 869 1700; x_wconf 86' lang='lat' dir='ltr'><strong>praeceptoribus,</strong></span> <span class='ocrx_word' id='word_1_202' title='bbox 898 1647 940 1686; x_wconf 90' lang='lat' dir='ltr'><strong>in</strong></span> <span class='ocrx_word' id='word_1_203' title='bbox 968 1647 1241 1687; x_wconf 85' lang='lat' dir='ltr'><strong>celeberrimis</strong></span> <span class='ocrx_word' id='word_1_204' title='bbox 1267 1647 1639 1702; x_wconf 80' lang='lat' dir='ltr'><strong>quibusqneEuro-</strong></span> 
     </span>
     <span class='ocr_line' id='line_1_24' title="bbox 220 1712 1644 1766; baseline -0.001 -15"><span class='ocrx_word' id='word_1_205' title='bbox 220 1726 295 1765; x_wconf 89' lang='lat' dir='ltr'><strong>pae</strong></span> <span class='ocrx_word' id='word_1_206' title='bbox 325 1712 568 1766; x_wconf 84' lang='lat' dir='ltr'><strong>gymnasiis,</strong></span> <span class='ocrx_word' id='word_1_207' title='bbox 608 1725 746 1752; x_wconf 84' lang='lat' dir='ltr'><strong>severa</strong></span> <span class='ocrx_word' id='word_1_208' title='bbox 780 1712 986 1765; x_wconf 85' lang='lat' dir='ltr'><strong>disciplina</strong></span> <span class='ocrx_word' id='word_1_209' title='bbox 1015 1712 1279 1752; x_wconf 85' lang='lat' dir='ltr'><strong>moderandos</strong></span> <span class='ocrx_word' id='word_1_210' title='bbox 1320 1713 1644 1765; x_wconf 84' lang='lat' dir='ltr'><strong>optimarumque</strong></span> 
     </span>
     <span class='ocr_line' id='line_1_25' title="bbox 223 1777 1646 1832; baseline -0.001 -15"><span class='ocrx_word' id='word_1_211' title='bbox 223 1780 370 1817; x_wconf 90' lang='lat' dir='ltr'><strong>artium</strong></span> <span class='ocrx_word' id='word_1_212' title='bbox 400 1785 440 1818; x_wconf 88' lang='lat' dir='ltr'><strong>et</strong></span> <span class='ocrx_word' id='word_1_213' title='bbox 476 1777 702 1831; x_wconf 82' lang='lat' dir='ltr'><strong>linguarum</strong></span> <span class='ocrx_word' id='word_1_214' title='bbox 738 1778 966 1831; x_wconf 83' lang='lat' dir='ltr'><strong>cognitione</strong></span> <span class='ocrx_word' id='word_1_215' title='bbox 1007 1778 1245 1818; x_wconf 83' lang='lat' dir='ltr'><strong>imbuendos</strong></span> <span class='ocrx_word' id='word_1_216' title='bbox 1287 1780 1453 1818; x_wconf 86' lang='lat' dir='ltr'><strong>curaris.</strong></span> <span class='ocrx_word' id='word_1_217' title='bbox 1496 1779 1646 1832; x_wconf 90' lang='lat' dir='ltr'><strong>quibus</strong></span> 
     </span>
     <span class='ocr_line' id='line_1_26' title="bbox 225 1843 1641 1898; baseline 0 -16"><span class='ocrx_word' id='word_1_218' title='bbox 225 1843 285 1883; x_wconf 91' lang='lat' dir='ltr'><strong>illi</strong></span> <span class='ocrx_word' id='word_1_219' title='bbox 312 1844 360 1883; x_wconf 92' lang='lat' dir='ltr'><strong>de</strong></span> <span class='ocrx_word' id='word_1_220' title='bbox 389 1844 517 1883; x_wconf 90' lang='lat' dir='ltr'><strong>causis</strong></span> <span class='ocrx_word' id='word_1_221' title='bbox 545 1857 585 1882; x_wconf 91' lang='lat' dir='ltr'><strong>se</strong></span> <span class='ocrx_word' id='word_1_222' title='bbox 614 1857 693 1882; x_wconf 89' lang='lat' dir='ltr'><strong>non</strong></span> <span class='ocrx_word' id='word_1_223' title='bbox 722 1845 852 1882; x_wconf 89' lang='lat' dir='ltr'><strong>minus</strong></span> <span class='ocrx_word' id='word_1_224' title='bbox 868 1844 961 1882; x_wconf 82' lang='lat' dir='ltr'><strong>Tibi</strong></span> <span class='ocrx_word' id='word_1_225' title='bbox 988 1843 1155 1895; x_wconf 90' lang='lat' dir='ltr'><strong>debere,</strong></span> <span class='ocrx_word' id='word_1_226' title='bbox 1187 1859 1267 1898; x_wconf 82' lang='lat' dir='ltr'><strong>qua</strong></span> <span class='ocrx_word' id='word_1_227' title='bbox 1294 1845 1447 1898; x_wconf 84' lang='lat' dir='ltr'><strong>pietate</strong></span> <span class='ocrx_word' id='word_1_228' title='bbox 1471 1859 1519 1883; x_wconf 88' lang='lat' dir='ltr'><strong>ac</strong></span> <span class='ocrx_word' id='word_1_229' title='bbox 1546 1859 1641 1897; x_wconf 91' lang='lat' dir='ltr'><strong>pru-</strong></span> 
     </span>
     <span class='ocr_line' id='line_1_27' title="bbox 225 1908 1641 1962; baseline -0.001 -13"><span class='ocrx_word' id='word_1_230' title='bbox 225 1910 359 1950; x_wconf 87' lang='lat' dir='ltr'><strong>dentia</strong></span> <span class='ocrx_word' id='word_1_231' title='bbox 385 1915 505 1959; x_wconf 85' lang='lat' dir='ltr'><strong>sunt,</strong></span> <span class='ocrx_word' id='word_1_232' title='bbox 535 1908 796 1960; x_wconf 84' lang='lat' dir='ltr'><strong>profitentur,</strong></span> <span class='ocrx_word' id='word_1_233' title='bbox 828 1923 948 1961; x_wconf 87' lang='lat' dir='ltr'><strong>quam</strong></span> <span class='ocrx_word' id='word_1_234' title='bbox 976 1910 1087 1962; x_wconf 90' lang='lat' dir='ltr'><strong>quod</strong></span> <span class='ocrx_word' id='word_1_235' title='bbox 1114 1912 1238 1949; x_wconf 85' lang='lat' dir='ltr'><strong>vitam</strong></span> <span class='ocrx_word' id='word_1_236' title='bbox 1266 1918 1305 1949; x_wconf 89' lang='lat' dir='ltr'><strong>et</strong></span> <span class='ocrx_word' id='word_1_237' title='bbox 1333 1912 1500 1949; x_wconf 82' lang='lat' dir='ltr'><strong>maxima</strong></span> <span class='ocrx_word' id='word_1_238' title='bbox 1517 1924 1641 1962; x_wconf 84' lang='lat' dir='ltr'><strong>quae-</strong></span> 
     </span>
     <span class='ocr_line' id='line_1_28' title="bbox 222 1973 1641 2029; baseline -0.001 -15"><span class='ocrx_word' id='word_1_239' title='bbox 222 1989 300 2029; x_wconf 90' lang='lat' dir='ltr'><strong>que</strong></span> <span class='ocrx_word' id='word_1_240' title='bbox 328 1980 561 2014; x_wconf 88' lang='lat' dir='ltr'><strong>ornamenta</strong></span> <span class='ocrx_word' id='word_1_241' title='bbox 587 1973 694 2012; x_wconf 84' lang='lat' dir='ltr'><strong>felici</strong></span> <span class='ocrx_word' id='word_1_242' title='bbox 722 1973 894 2026; x_wconf 86' lang='lat' dir='ltr'><strong>quodam</strong></span> <span class='ocrx_word' id='word_1_243' title='bbox 924 1974 1006 2013; x_wconf 83' lang='lat' dir='ltr'><strong>fato</strong></span> <span class='ocrx_word' id='word_1_244' title='bbox 1035 1974 1104 2013; x_wconf 85' lang='lat' dir='ltr'><strong>abs</strong></span> <span class='ocrx_word' id='word_1_245' title='bbox 1128 1982 1170 2014; x_wconf 84' lang='lat' dir='ltr'><strong>te</strong></span> <span class='ocrx_word' id='word_1_246' title='bbox 1187 1983 1449 2028; x_wconf 82' lang='lat' dir='ltr'><strong>acceperunt3</strong></span> <span class='ocrx_word' id='word_1_247' title='bbox 1482 1976 1551 2028; x_wconf 89' lang='lat' dir='ltr'><strong>qui</strong></span> <span class='ocrx_word' id='word_1_248' title='bbox 1573 1988 1641 2014; x_wconf 89' lang='lat' dir='ltr'><strong>ve-</strong></span> 
     </span>
     <span class='ocr_line' id='line_1_29' title="bbox 222 2039 1646 2094; baseline 0 -15"><span class='ocrx_word' id='word_1_249' title='bbox 222 2054 291 2079; x_wconf 87' lang='lat' dir='ltr'><strong>rus</strong></span> <span class='ocrx_word' id='word_1_250' title='bbox 319 2054 399 2079; x_wconf 90' lang='lat' dir='ltr'><strong>non</strong></span> <span class='ocrx_word' id='word_1_251' title='bbox 426 2046 587 2079; x_wconf 85' lang='lat' dir='ltr'><strong>tantum</strong></span> <span class='ocrx_word' id='word_1_252' title='bbox 623 2052 842 2092; x_wconf 87' lang='lat' dir='ltr'><strong>corporum</strong></span> <span class='ocrx_word' id='word_1_253' title='bbox 877 2039 947 2078; x_wconf 86' lang='lat' dir='ltr'><strong>sed</strong></span> <span class='ocrx_word' id='word_1_254' title='bbox 984 2040 1104 2078; x_wconf 87' lang='lat' dir='ltr'><strong>etiam</strong></span> <span class='ocrx_word' id='word_1_255' title='bbox 1141 2041 1364 2080; x_wconf 87' lang='lat' dir='ltr'><strong>animorum</strong></span> <span class='ocrx_word' id='word_1_256' title='bbox 1399 2047 1513 2094; x_wconf 84' lang='lat' dir='ltr'><strong>pater</strong></span> <span class='ocrx_word' id='word_1_257' title='bbox 1558 2054 1646 2080; x_wconf 87' lang='lat' dir='ltr'><strong>esse</strong></span> 
     </span>
     <span class='ocr_line' id='line_1_30' title="bbox 225 2105 1645 2159; baseline -0.001 -13"><span class='ocrx_word' id='word_1_258' title='bbox 225 2106 412 2156; x_wconf 86' lang='lat' dir='ltr'><strong>voluisti,</strong></span> <span class='ocrx_word' id='word_1_259' title='bbox 448 2119 521 2144; x_wconf 89' lang='lat' dir='ltr'><strong>nec</strong></span> <span class='ocrx_word' id='word_1_260' title='bbox 549 2106 728 2158; x_wconf 84' lang='lat' dir='ltr'><strong>genuisse</strong></span> <span class='ocrx_word' id='word_1_261' title='bbox 756 2111 968 2144; x_wconf 82' lang='lat' dir='ltr'><strong>contentus</strong></span> <span class='ocrx_word' id='word_1_262' title='bbox 1001 2105 1181 2159; x_wconf 87' lang='lat' dir='ltr'><strong>utrisque</strong></span> <span class='ocrx_word' id='word_1_263' title='bbox 1214 2120 1261 2146; x_wconf 87' lang='lat' dir='ltr'><strong>ea</strong></span> <span class='ocrx_word' id='word_1_264' title='bbox 1298 2105 1558 2159; x_wconf 81' lang='lat' dir='ltr'><strong>suppeditasti</strong></span> <span class='ocrx_word' id='word_1_265' title='bbox 1600 2108 1645 2146; x_wconf 81' lang='lat' dir='ltr'><strong>in</strong></span> 
     </span>
     <span class='ocr_line' id='line_1_31' title="bbox 226 2164 1646 2226; baseline -0.001 -15"><span class='ocrx_word' id='word_1_266' title='bbox 226 2164 574 2226; x_wconf 48' lang='lat' dir='ltr'><strong>quibus&#39;humana</strong></span> <span class='ocrx_word' id='word_1_267' title='bbox 602 2169 770 2210; x_wconf 90' lang='lat' dir='ltr'><strong>felicitas</strong></span> <span class='ocrx_word' id='word_1_268' title='bbox 795 2171 990 2211; x_wconf 90' lang='lat' dir='ltr'><strong>consistit.</strong></span> <span class='ocrx_word' id='word_1_269' title='bbox 1027 2178 1074 2210; x_wconf 84' lang='lat' dir='ltr'><strong>ut</strong></span> <span class='ocrx_word' id='word_1_270' title='bbox 1103 2179 1234 2211; x_wconf 86' lang='lat' dir='ltr'><strong>autem</strong></span> <span class='ocrx_word' id='word_1_271' title='bbox 1269 2179 1433 2211; x_wconf 84' lang='lat' dir='ltr'><strong>terrena</strong></span> <span class='ocrx_word' id='word_1_272' title='bbox 1467 2186 1646 2225; x_wconf 77' lang='lat' dir='ltr'><strong>corpora</strong></span> 
     </span>
     <span class='ocr_line' id='line_1_32' title="bbox 224 2236 1645 2291; baseline -0.001 -14"><span class='ocrx_word' id='word_1_273' title='bbox 224 2243 360 2277; x_wconf 84' lang='lat' dir='ltr'><strong>terrae</strong></span> <span class='ocrx_word' id='word_1_274' title='bbox 385 2237 562 2289; x_wconf 82' lang='lat' dir='ltr'><strong>frugibus</strong></span> <span class='ocrx_word' id='word_1_275' title='bbox 591 2236 758 2275; x_wconf 87' lang='lat' dir='ltr'><strong>aluntur</strong></span> <span class='ocrx_word' id='word_1_276' title='bbox 771 2266 787 2291; x_wconf 46' lang='grc' dir='ltr'><strong><em>ρ</em></strong></span> <span class='ocrx_word' id='word_1_277' title='bbox 812 2237 869 2276; x_wconf 88' lang='lat' dir='ltr'><strong>sic</strong></span> <span class='ocrx_word' id='word_1_278' title='bbox 896 2236 1069 2277; x_wconf 87' lang='lat' dir='ltr'><strong>caelestis</strong></span> <span class='ocrx_word' id='word_1_279' title='bbox 1097 2245 1136 2277; x_wconf 88' lang='lat' dir='ltr'><strong>et</strong></span> <span class='ocrx_word' id='word_1_280' title='bbox 1162 2237 1322 2278; x_wconf 87' lang='lat' dir='ltr'><strong>divinus</strong></span> <span class='ocrx_word' id='word_1_281' title='bbox 1351 2239 1506 2277; x_wconf 88' lang='lat' dir='ltr'><strong>animus</strong></span> <span class='ocrx_word' id='word_1_282' title='bbox 1528 2252 1645 2277; x_wconf 89' lang='lat' dir='ltr'><strong>suum</strong></span> 
     </span>
     <span class='ocr_line' id='line_1_33' title="bbox 225 2302 1644 2358; baseline 0 -16"><span class='ocrx_word' id='word_1_283' title='bbox 225 2310 383 2356; x_wconf 87' lang='lat' dir='ltr'><strong>pastum</strong></span> <span class='ocrx_word' id='word_1_284' title='bbox 421 2303 542 2342; x_wconf 87' lang='lat' dir='ltr'><strong>habet</strong></span> <span class='ocrx_word' id='word_1_285' title='bbox 581 2302 858 2342; x_wconf 87' lang='lat' dir='ltr'><strong>eruditionem.</strong></span> <span class='ocrx_word' id='word_1_286' title='bbox 902 2317 1023 2356; x_wconf 88' lang='lat' dir='ltr'><strong>quam</strong></span> <span class='ocrx_word' id='word_1_287' title='bbox 1053 2317 1076 2342; x_wconf 89' lang='lat' dir='ltr'><strong>a</strong></span> <span class='ocrx_word' id='word_1_288' title='bbox 1117 2302 1226 2358; x_wconf 85' lang='lat' dir='ltr'><strong>vulgi</strong></span> <span class='ocrx_word' id='word_1_289' title='bbox 1264 2303 1377 2354; x_wconf 85' lang='lat' dir='ltr'><strong>fece,</strong></span> <span class='ocrx_word' id='word_1_290' title='bbox 1415 2303 1493 2343; x_wconf 89' lang='lat' dir='ltr'><strong>hoc</strong></span> <span class='ocrx_word' id='word_1_291' title='bbox 1530 2309 1591 2343; x_wconf 84' lang='lat' dir='ltr'><strong>est</strong></span> <span class='ocrx_word' id='word_1_292' title='bbox 1619 2317 1644 2342; x_wconf 81' lang='lat' dir='ltr'><strong>a</strong></span> 
     </span>
     <span class='ocr_line' id='line_1_34' title="bbox 225 2368 1644 2422; baseline -0.001 -14"><span class='ocrx_word' id='word_1_293' title='bbox 225 2370 397 2422; x_wconf 86' lang='lat' dir='ltr'><strong>pessimo</strong></span> <span class='ocrx_word' id='word_1_294' title='bbox 418 2375 456 2407; x_wconf 85' lang='lat' dir='ltr'><strong>et</strong></span> <span class='ocrx_word' id='word_1_295' title='bbox 483 2368 717 2408; x_wconf 83' lang='lat' dir='ltr'><strong>stultissimo</strong></span> <span class='ocrx_word' id='word_1_296' title='bbox 743 2382 933 2422; x_wconf 85' lang='lat' dir='ltr'><strong>quoque,</strong></span> <span class='ocrx_word' id='word_1_297' title='bbox 961 2368 1159 2408; x_wconf 82' lang='lat' dir='ltr'><strong>contemni</strong></span> <span class='ocrx_word' id='word_1_298' title='bbox 1187 2383 1234 2408; x_wconf 90' lang='lat' dir='ltr'><strong>ac</strong></span> <span class='ocrx_word' id='word_1_299' title='bbox 1265 2368 1437 2408; x_wconf 77' lang='lat' dir='ltr'><strong>derideri</strong></span> <span class='ocrx_word' id='word_1_300' title='bbox 1472 2382 1551 2407; x_wconf 92' lang='lat' dir='ltr'><strong>non</strong></span> <span class='ocrx_word' id='word_1_301' title='bbox 1586 2376 1644 2407; x_wconf 85' lang='lat' dir='ltr'><strong>est</strong></span> 
     </span>
     <span class='ocr_line' id='line_1_35' title="bbox 226 2434 1647 2487; baseline -0.002 -14"><span class='ocrx_word' id='word_1_302' title='bbox 226 2434 473 2483; x_wconf 87' lang='lat' dir='ltr'><strong>mirandum,</strong></span> <span class='ocrx_word' id='word_1_303' title='bbox 504 2448 595 2473; x_wconf 92' lang='lat' dir='ltr'><strong>cum</strong></span> <span class='ocrx_word' id='word_1_304' title='bbox 623 2434 736 2487; x_wconf 88' lang='lat' dir='ltr'><strong>quod</strong></span> <span class='ocrx_word' id='word_1_305' title='bbox 773 2434 822 2474; x_wconf 88' lang='lat' dir='ltr'><strong>de</strong></span> <span class='ocrx_word' id='word_1_306' title='bbox 858 2449 902 2474; x_wconf 88' lang='lat' dir='ltr'><strong>re</strong></span> <span class='ocrx_word' id='word_1_307' title='bbox 938 2436 1073 2487; x_wconf 87' lang='lat' dir='ltr'><strong>ignota</strong></span> <span class='ocrx_word' id='word_1_308' title='bbox 1114 2434 1239 2473; x_wconf 87' lang='lat' dir='ltr'><strong>nihilo</strong></span> <span class='ocrx_word' id='word_1_309' title='bbox 1284 2434 1432 2474; x_wconf 88' lang='lat' dir='ltr'><strong>rectius</strong></span> <span class='ocrx_word' id='word_1_310' title='bbox 1467 2440 1647 2473; x_wconf 81' lang='lat' dir='ltr'><strong>statuere</strong></span> 
     </span>
     <span class='ocr_line' id='line_1_36' title="bbox 227 2498 1643 2553; baseline -0.001 -15"><span class='ocrx_word' id='word_1_311' title='bbox 227 2507 394 2552; x_wconf 79' lang='lat' dir='ltr'><strong>possunt</strong></span> <span class='ocrx_word' id='word_1_312' title='bbox 420 2513 539 2553; x_wconf 87' lang='lat' dir='ltr'><strong>quam</strong></span> <span class='ocrx_word' id='word_1_313' title='bbox 567 2513 704 2539; x_wconf 88' lang='lat' dir='ltr'><strong>caecus</strong></span> <span class='ocrx_word' id='word_1_314' title='bbox 743 2499 792 2539; x_wconf 86' lang='lat' dir='ltr'><strong>de</strong></span> <span class='ocrx_word' id='word_1_315' title='bbox 831 2500 1034 2540; x_wconf 88' lang='lat' dir='ltr'><strong>coloribus</strong></span> <span class='ocrx_word' id='word_1_316' title='bbox 1071 2501 1358 2552; x_wconf 86' lang='lat' dir='ltr'><strong>pronuntiare,</strong></span> <span class='ocrx_word' id='word_1_317' title='bbox 1400 2507 1487 2538; x_wconf 88' lang='lat' dir='ltr'><strong>tum</strong></span> <span class='ocrx_word' id='word_1_318' title='bbox 1533 2498 1643 2551; x_wconf 87' lang='lat' dir='ltr'><strong>quod</strong></span> 
     </span>
     <span class='ocr_line' id='line_1_37' title="bbox 227 2565 1643 2619; baseline -0.001 -16"><span class='ocrx_word' id='word_1_319' title='bbox 227 2565 333 2604; x_wconf 84' lang='lat' dir='ltr'><strong>vitiis</strong></span> <span class='ocrx_word' id='word_1_320' title='bbox 362 2572 481 2618; x_wconf 85' lang='lat' dir='ltr'><strong>atque</strong></span> <span class='ocrx_word' id='word_1_321' title='bbox 509 2566 669 2619; x_wconf 88' lang='lat' dir='ltr'><strong>ineptiis</strong></span> <span class='ocrx_word' id='word_1_322' title='bbox 705 2565 1017 2605; x_wconf 89' lang='lat' dir='ltr'><strong>semidoctorum</strong></span> <span class='ocrx_word' id='word_1_323' title='bbox 1047 2565 1299 2619; x_wconf 88' lang='lat' dir='ltr'><strong>quorundam</strong></span> <span class='ocrx_word' id='word_1_324' title='bbox 1328 2572 1399 2604; x_wconf 81' lang='lat' dir='ltr'><strong>aut</strong></span> <span class='ocrx_word' id='word_1_325' title='bbox 1433 2571 1643 2617; x_wconf 81' lang='lat' dir='ltr'><strong>corrupto-</strong></span> 
     </span>
     <span class='ocr_line' id='line_1_38' title="bbox 228 2629 1646 2684; baseline -0.001 -15"><span class='ocrx_word' id='word_1_326' title='bbox 228 2644 318 2669; x_wconf 84' lang='lat' dir='ltr'><strong>rum</strong></span> <span class='ocrx_word' id='word_1_327' title='bbox 344 2630 553 2670; x_wconf 87' lang='lat' dir='ltr'><strong>hominum</strong></span> <span class='ocrx_word' id='word_1_328' title='bbox 581 2645 668 2670; x_wconf 89' lang='lat' dir='ltr'><strong>rem</strong></span> <span class='ocrx_word' id='word_1_329' title='bbox 690 2632 1040 2684; x_wconf 86' lang='lat' dir='ltr'><strong>praeclarissimam</strong></span> <span class='ocrx_word' id='word_1_330' title='bbox 1072 2631 1313 2671; x_wconf 88' lang='lat' dir='ltr'><strong>metiuntur.</strong></span> <span class='ocrx_word' id='word_1_331' title='bbox 1343 2645 1436 2670; x_wconf 89' lang='lat' dir='ltr'><strong>nam</strong></span> <span class='ocrx_word' id='word_1_332' title='bbox 1464 2629 1562 2683; x_wconf 89' lang='lat' dir='ltr'><strong>quid</strong></span> <span class='ocrx_word' id='word_1_333' title='bbox 1584 2636 1646 2668; x_wconf 84' lang='lat' dir='ltr'><strong>est</strong></span> 
     </span>
     <span class='ocr_line' id='line_1_39' title="bbox 231 2695 1648 2749; baseline 0 -15"><span class='ocrx_word' id='word_1_334' title='bbox 231 2695 338 2735; x_wconf 85' lang='lat' dir='ltr'><strong>aliud</strong></span> <span class='ocrx_word' id='word_1_335' title='bbox 367 2696 537 2736; x_wconf 84' lang='lat' dir='ltr'><strong>eruditio</strong></span> <span class='ocrx_word' id='word_1_336' title='bbox 567 2697 642 2735; x_wconf 90' lang='lat' dir='ltr'><strong>nisi</strong></span> <span class='ocrx_word' id='word_1_337' title='bbox 670 2696 953 2749; x_wconf 86' lang='lat' dir='ltr'><strong>amplissimum</strong></span> <span class='ocrx_word' id='word_1_338' title='bbox 982 2697 1184 2749; x_wconf 85' lang='lat' dir='ltr'><strong>quoddam</strong></span> <span class='ocrx_word' id='word_1_339' title='bbox 1220 2704 1259 2736; x_wconf 88' lang='lat' dir='ltr'><strong>et</strong></span> <span class='ocrx_word' id='word_1_340' title='bbox 1298 2696 1648 2736; x_wconf 84' lang='lat' dir='ltr'><strong>instructissimum</strong></span> 
     </span>
    </p>
   </div>
  </div>
 </body>
</html>
