1878 3230
408 155 479 195 ΒΕ
515 150 835 195 ANnnomco
872 152 1133 196 comneno
1158 141 1273 196 ως.
1300 155 1335 196 1.
1491 134 1601 210 377

174 248 277 308 ᾗπερ
307 249 329 293 ὅ
359 254 436 305 μὲν
462 249 744 305 Ἀνδρόνικος,
783 249 840 300 ὥς
867 252 1066 301 πολλάκις
1106 250 1298 306 εἴπομεν,
1334 253 1604 308 ἐπλησίαζεν,

174 317 199 358 ὅ
237 320 277 360 δ’
308 315 508 366 Ἰσαάκιος
548 311 668 367 οὗτος
699 317 952 373 ἀδελφιδοῦς
974 313 1038 372 ἦν.
1102 319 1244 374 ἐνῆγον
1271 320 1318 360 δὲ
1340 311 1603 373 Ἀνδρόνικον

173 384 235 432 εἷς
261 382 306 425 ‘cti
338 383 649 438 προσδέξασθαι
676 381 747 424 τόν
771 380 971 424 Ἰσαάκιον
995 383 1067 425 καί
1091 386 1163 438 τῆς
1185 385 1354 440 χρονίου
1382 388 1608 425 κατοικτεῖ-

172 464 248 502 ραι
271 446 510 503 ἀποδημίαις
539 445 562 488 ὅ
580 446 892 502 Μακροδούκας
910 450 1226 498 Κωνσταντῖνος
1255 451 1306 506 τῇ
1319 447 1423 505 πρὸς
1448 447 1607 504 μητρὸς

135 514 378 557 ὄῚσαακίου
414 516 512 570 θείᾳ
551 511 895 564 συνευναζόμενος
909 545 922 565 ,
961 515 1036 556 καί
1068 512 1327 569 Ἀνδρόνικος
1372 512 1394 555 ὅ
1439 512 1607 563 Δούκας

171 580 358 634 συνήθης
389 574 447 621 οἲν
473 577 520 622 ἐκ
551 580 713 620 παίδων
738 578 929 636 Ἰσαακίῳ
961 577 1035 621 καί
1057 578 1161 621 κατὰ
1186 580 1304 634 γένος
1330 579 1446 637 αὐτῷ
1472 595 1603 634 προσ-

168 645 355 697 εγγιζων.
413 638 530 692 οὗτος
567 645 704 685 τοίνυν
737 642 760 685 ὃ
806 643 1007 694 Ἰσαάκιος
1048 644 1290 703 Ἀνδρονίκῳ
1343 647 1401 702 τῷ
1438 647 1611 699 βασιλεῖ
1644 649 1646 651 ’

170 710 253 762 οὐχ
280 706 461 750 ὑπείκειν
489 710 646 750 ἐθέλων
670 707 744 750 καί
771 708 845 763 τήν
872 710 1053 763 πατρίδα
1074 709 1131 758 ὥς
1160 711 1205 751 ἐν
1232 708 1412 763 ἀστράσι
1438 726 1602 766 φαντα-

171 772 339 827 ζόμενος
364 772 437 815 καί
461 775 699 828 συγγενείας
726 768 754 828 ἢ
782 774 991 829 ἐρατεινῆς
1030 771 1250 830 ὄμηλικίας
1287 771 1439 818 ούδὲνα
1480 774 1603 829 λόγον

113 841 417 892 ιοτιθέμενος,
456 840 699 893 τυραννίδος
738 839 777 880 δ’
815 840 924 892 ε’ρῶν
950 842 1023 881 καί
1049 841 1186 895 ἀρχῆς
1225 839 1372 896 ἔφεσιν
1411 842 1645 896 τρέφων,1)

169 900 220 945 ού
247 903 332 959 μήν
368 901 620 947 ὖποκύπτειν
657 903 909 957 ἀνεχόμενος
951 899 1179 958 ἄρχουσιν,
1224 907 1410 961 ἐφοδίοις
1447 908 1629 960 χρῆταί

167 971 241 1011 καί
266 970 505 1024 συνερίθοις
530 974 618 1018 τοῖς
643 972 898 1024 πεμφθεῖσιν
924 970 1037 1025 αὐτῷ
1059 971 1105 1012 ἐκ
1124 971 1361 1020 Βυζαντίου
1388 970 1605 1025 χρήμασιν

166 1036 228 1083 εἷς
250 1033 296 1076 τὸ
324 1033 585 1087 κακοβούλως
613 1030 749 1089 ἀρχήν
765 1031 901 1091 ἑαυτῷ
925 1032 1278 1089 μνηστεύσασθαι.
1336 1036 1476 1076 τοίνυν
1494 1035 1600 1088 μετὰ

164 1098 311 1153 χειρὸς
335 1101 493 1154 συχνῆς
521 1097 814 1149 καταπλεύσας
848 1102 892 1148 ές
918 1098 1095 1154 Κύπρον
1137 1099 1187 1140 τοὶ
1226 1102 1304 1151 μὲν
1345 1102 1491 1154 πρῶτα
1529 1098 1604 1142 τόν

108 1161 335 1217 ι5ἕννομον
361 1165 436 1206 καί
470 1163 575 1219 πρὸς
612 1165 815 1217 βασιλέως
845 1161 1151 1216 ἀπεσταλμένον
1192 1163 1400 1219 δυνάστην
1439 1162 1603 1216 ὖπεζω-

166 1229 349 1286 γράφει,
393 1229 591 1283 βασιλικοὶ
634 1229 916 1271 ὑποδεικνύων
960 1234 1047 1278 τοῖς
1090 1231 1303 1284 Κυπρίοις
1350 1230 1601 1284 γράμματα,

166 1291 273 1349 ἅπερ
300 1293 430 1344 αὐτὸς
460 1297 688 1348 συνέθετο,
716 1293 790 1337 καί
819 1295 1020 1348 διαταγὰς
1047 1293 1335 1349 ἀναγινώσκων
1352 1296 1603 1349 αὐτοκρατο-

165 1358 288 1415 ρικοὶς
317 1360 597 1409 ἐπιπλάστους
606 1393 620 1414 ‚
649 1358 696 1402 τό
725 1362 914 1415 ποιητέον
942 1362 1071 1414 δῆθεν
1098 1360 1405 1413 ὑποτιθεμένοις
1438 1360 1603 1418 ἐκείνῳ,

165 1424 238 1466 καί
280 1419 414 1467 τᾶλλα
455 1424 809 1480 διαπραττόμενος
846 1422 926 1467 ὅσα
954 1425 993 1468 οἱ
1031 1423 1109 1481 ὑφ’
1144 1423 1294 1480 ἑτέρων
1335 1423 1483 1481 ἄρχειν
1528 1442 1604 1468 τα-

100 1505 152 1532 20
162 1491 333 1544 χθέντες
357 1490 458 1545 πρὸς
486 1487 665 1547 α’νᾰγκης
682 1497 815 1534 ποιεῖν
837 1490 999 1545 ἔχουσι,
1029 1493 1121 1545 μετ’
1147 1492 1197 1533 οὖ
1224 1491 1332 1533 πολύ
1368 1493 1415 1533 δὲ
1441 1491 1509 1533 τὸν
1533 1509 1603 1535 τυ-

162 1558 388 1610 ραννοῦντα
414 1555 774 1612 παραγυμνῶσας,
813 1556 887 1599 καί
912 1556 964 1612 ἢν
987 1555 1160 1613 ἔτρεφεν
1187 1557 1388 1612 ἀπήνειαν
1426 1559 1601 1598 ἐκκαλύ-

162 1632 277 1675 ψας,
319 1619 614 1677 ἀπανθρώπως
651 1628 736 1671 τοῖς
763 1624 853 1664 ἐκεῖ
879 1624 1178 1678 προσφέρεται.
1234 1623 1306 1663 καί
1337 1625 1528 1664 τοσοῦτον
1556 1624 1599 1670 ἐς

161 1685 207 1727 τό
238 1689 316 1728 τοῦ
344 1682 477 1741 ἤθους
504 1688 694 1740 α’καμπὲς
724 1688 796 1729 καί
823 1689 1062 1739 ἀμείλικτον
1087 1685 1350 1742 Ἀνδρόνικον
1386 1687 1595 1741 ὑπερέβα-

162 1755 256 1805 λεν,
293 1744 392 1796 ὅσον
424 1746 541 1801 οὗτος
572 1751 672 1801 τούς
700 1752 866 1794 πώποτε
897 1752 1142 1806 διαβοήτους
1169 1752 1411 1801 α’νεπιεικεῖς
1449 1752 1509 1802 εἷς
1545 1751 1591 1794 τὸ
1606 1759 1639 1794 Ρ.
1661 1761 1722 1795 ι88

257 1880 290 1913 9.
318 1847 472 1914 ἆμιλίας
494 1870 532 1902 A.
646 1869 701 1913 ²4·
725 1869 780 1907 εἰς
803 1879 860 1902 om
887 1870 927 1903 Δ.

162 1971 271 2004 dorae
309 1970 509 2011 sententia,
545 1971 666 2010 cuius,
705 1974 747 2002 ut
769 1981 876 2015 saepe
914 1970 1091 2011 diximus,
1120 1970 1381 2004 consuetudine
1405 1970 1594 2013 utebatur,

160 2017 220 2053 hic
254 2027 338 2050 vero
376 2017 486 2061 frater
522 2016 696 2060 patruelis
735 2022 822 2050 erat.
863 2021 905 2050 ut
928 2022 1049 2050 autem
1071 2017 1296 2050 Andronicus
1320 2017 1448 2050 Isaacii
1474 2029 1595 2050 curam

159 2064 358 2107 susciperet
383 2074 423 2095 ac
447 2062 638 2098 diuturnae
663 2063 739 2095 eius
764 2063 982 2107 captivitatis
1008 2063 1253 2096 misericordia
1276 2068 1492 2107 tangeretur,
1516 2064 1596 2096 Ma-

159 2110 335 2142 croducae
357 2109 599 2149 Constantini,
620 2109 684 2153 qui
706 2114 933 2142 materteram
950 2110 1078 2142 Isaacii
1103 2110 1140 2142 in
1166 2110 1394 2143 matrimonio
1424 2108 1595 2150 habebat,

157 2167 268 2200 opera
297 2162 351 2189 est
374 2158 559 2195 effectum,
594 2160 631 2188 et
651 2155 847 2189 Andronici
873 2157 995 2189 Ducae
1031 2157 1171 2200 cognati
1197 2157 1274 2189 eius
1300 2161 1337 2189 et
1360 2156 1548 2189 familiaris
1573 2167 1595 2188 a

158 2213 282 2247 puero,
310 2203 339 2235 is
362 2203 471 2246 igitur
496 2202 653 2234 Isaacius
682 2213 761 2234 cum
785 2202 990 2236 Andronico
1014 2202 1140 2235 cedere
1165 2215 1206 2236 ac
1231 2203 1268 2235 in
1296 2203 1448 2247 patriam
1474 2202 1594 2235 redire

157 2249 296 2289 nollet,
319 2259 387 2281 uec
409 2248 519 2281 ullam
545 2248 766 2292 cognationis
795 2254 858 2281 aut
883 2249 1000 2281 suavis
1033 2249 1305 2282 consuetudinis
1330 2250 1505 2282 rationem
1528 2249 1594 2280 ha-

158 2294 262 2328 beret
278 2320 288 2335 ,
313 2294 374 2328 sed
400 2294 575 2338 imperare
599 2305 705 2338 quam
730 2296 881 2339 imperio
907 2306 1027 2328 carere
1055 2296 1198 2336 mallet,
1223 2296 1397 2340 pecuniae
1422 2295 1593 2337 Byzantio

157 2341 286 2374 missae
311 2340 482 2374 subsidiis
510 2340 556 2374 ad
580 2340 783 2385 improbum
808 2341 998 2374 affectandi
1019 2343 1118 2386 regni
1142 2342 1331 2374 consilium
1356 2342 1530 2382 abutitur,
1556 2346 1595 2374 et

157 2386 276 2431 Cypro
303 2398 383 2420 cum
406 2398 533 2431 magna
559 2398 666 2419 manu
694 2393 867 2432 occupata
900 2389 1078 2433 principio
1103 2399 1140 2420 se
1170 2399 1234 2433 pro
1259 2388 1422 2432 legitimo
1448 2392 1594 2432 praeto-

160 2443 216 2472 re,
243 2434 306 2477 qui
332 2433 377 2466 ab
403 2434 617 2478 imperatore
639 2433 766 2466 missus
786 2439 892 2474 esset,
919 2435 1029 2478 gerit,
1056 2435 1187 2467 litteris
1206 2434 1447 2478 imperatoriis
1471 2439 1593 2467 osten-

159 2478 229 2517 siS,
255 2490 343 2523 quas
371 2481 447 2524 ipse
471 2485 736 2524 composuerat,
765 2485 802 2513 et
826 2481 1081 2513 commentitiis
1106 2481 1284 2514 mandatis
1302 2481 1471 2520 recitatis,
1497 2490 1592 2524 quae

159 2523 251 2568 quid
281 2524 350 2568 ipsi
387 2526 563 2569 agendum
600 2531 694 2558 esset
724 2527 862 2558 scilicet
888 2526 1219 2570 praescribebant,
1252 2539 1293 2560 ac
1332 2532 1472 2559 caetem
1498 2526 1591 2568 agit,

159 2579 254 2613 quae
278 2570 323 2602 iis
346 2573 545 2605 necessario
573 2572 738 2605 facienda
761 2578 845 2605 sunt
869 2573 932 2616 qui
957 2573 1085 2606 alienis
1110 2574 1269 2618 imperiis
1283 2573 1445 2606 subsunt.
1468 2581 1592 2604 verum

159 2626 235 2647 non
273 2616 387 2649 multo
424 2623 507 2661 post
529 2629 567 2651 se
601 2623 791 2661 tyrannum
816 2619 1017 2663 professus,
1044 2620 1168 2652 innata
1191 2619 1408 2652 crudelitate
1433 2622 1589 2655 retecta,

160 2660 336 2694 insulares
361 2662 590 2698 inhumanius
614 2670 769 2706 tractat3
789 2677 829 2697 ac
852 2666 1050 2709 pertinacia
1076 2666 1296 2710 saevitiaque
1319 2671 1458 2699 tantum
1483 2672 1589 2706 supe-

162 2712 218 2745 rat
241 2707 502 2751 Andronicum,
544 2716 719 2756 quantum
749 2711 973 2747 Andronicus
1006 2717 1165 2749 caeteros
1194 2723 1315 2746 omnes
1345 2711 1409 2757 qui
1432 2719 1602 2754 unquam-
