1878 3230
668 186 808 226 muas
842 182 1039 226 CAPTA.
1436 243 1442 247 ,
1462 181 1571 236 779

137 286 241 342 πρὸς
276 288 516 339 α’κρίβειαν,
546 287 763 340 μαχαίρας
803 285 843 326 δ’
864 283 1081 338 ἐπιμήκεις
1106 280 1221 335 παρὰ
1253 278 1436 336 πλευρὸν
1470 279 1615 323 πλοῖ-Β

135 368 226 406 γιον
244 355 319 394 τοῦ
343 353 470 393 ἵππου
489 353 752 406 ἐξηρτημένοι
775 349 850 391 καί
867 347 1148 404 παραξιφίὸὶα
1177 353 1269 395 ταῖς
1298 344 1447 397 ζώναις
1473 345 1579 388 ἐνιέ-

135 433 241 470 μενα
269 418 486 474 φέροντες,
517 415 555 458 οἱ
575 418 654 469 μὲν
679 418 764 457 τῶν
790 414 955 456 σκύλων
982 413 1207 468 ἔμφορτοι,
1234 412 1271 453 οἱ
1302 414 1348 454 δὲ
1377 410 1474 460 τούς
1498 428 1579 452 πα-

136 480 303 537 ριόντας
331 482 625 537 αἰχμαλώτους
652 483 682 523 ἐ
676 480 952 534 ξιχνιάζοντες
982 481 1022 521 εἰ
1047 476 1245 533 λαμπράν
1273 479 1431 532 ἐσθῆτα
1460 479 1577 531 περί-

99 549 291 590 5κεινται
324 548 567 604 διερρωγότι
610 548 979 601 περιστελλομένην
1004 546 1153 598 χιτῶνι
1182 540 1210 597 ἢ
1238 546 1340 597 γοῦν
1371 540 1576 597 αργύριον

134 616 208 656 καί
232 616 409 670 χρυσίον
435 617 495 671 τῶ
520 612 658 670 κόλπῳ
685 612 976 664 ἑνθάπτουσιν,
1004 609 1042 652 οἱ
1075 612 1123 652 δὲ
1151 611 1224 651 καί
1252 625 1458 663 γυναικων
1485 614 1578 656 ταῖς

133 678 276 722 κάλλει
323 677 628 735 διαφερούσαις
670 675 875 732 πεπηγόσι
911 679 1124 730 βλέμμασι
1153 677 1261 730 μηδὲ
1291 673 1447 732 ῥαδίως
1474 671 1577 714 (2⁷10-

133 746 367 798 σπωμένοις
393 745 691 793 ἐνατενιζοντες
722 742 781 792 ὥς
817 739 1075 796 ἁρπάσοντες
1105 741 1252 783 αὐτίκα
1278 740 1350 781 καί
1373 736 1577 793 βιασόμε-

132 826 208 854 νοι.
263 809 362 863 περί
384 816 473 858 ταῖς
499 809 666 863 γυναιξί
691 810 828 851 τοίνυν
853 806 973 862 ἡμεῖς
1001 809 1213 855 δείσαντες
1238 805 1312 855 τὰς
1337 807 1417 859 μὲν
1445 805 1502 854 ὥς
1529 807 1577 847 ἐν

76 877 245 933 ιοσηκῷ
270 878 326 931 τῷ
350 876 464 932 μέσῳ
501 872 622 929 ἡμῶν
649 871 976 929 ἅπειλήφειμεν,
997 878 1087 922 ταῖς
1115 874 1161 914 δὲ
1190 872 1372 914 νεάνισιν
1398 870 1575 925 ἐπεσκή-

133 952 276 995 ψαμεν
304 942 588 995 ἐντρίψασθαι
612 942 728 996 πηλῷ
743 938 793 980 τὰ
822 936 1024 992 πρόσωπα
1055 934 1287 992 ἅντίρροπα
1320 939 1401 979 τῶν
1431 934 1577 990 πρώην

132 1006 386 1060 κομμώσεων
423 1005 496 1047 καί
529 1005 601 1047 τὸν
641 1003 801 1059 πυρσὸν
829 1001 941 1046 οὕτω
967 1004 1226 1056 κατασβέσαι
1252 1004 1337 1045 τῶν
1364 1004 1576 1055 παρειῶν,

133 1075 202 1115 ἵνα
226 1071 285 1127 μὴ
328 1072 387 1121 αῖς
418 1073 462 1113 ἑν
500 1070 622 1113 νυκτὶ
663 1068 1038 1127 φρυκτωρούμενον
1081 1070 1164 1123 πῦρ
1194 1071 1450 1124 προκαλῆται
1476 1065 1615 1116 τοῦςῦ

133 1135 310 1188 ὄδευτὰς
336 1139 480 1192 πρῶτα
506 1139 584 1190 μὲν
610 1134 793 1189 θεατάς,
821 1133 965 1178 ἔπειτα
984 1137 1023 1177 δ”
1051 1133 1243 1189 ἐραστάς,
1274 1136 1320 1176 ἐκ
1349 1135 1395 1176 δὲ
1419 1131 1572 1175 τούτου

72 1206 203 1249 ιόκαί
227 1202 429 1257 βιαστάς,
472 1202 704 1244 ἀνεύθυνον
740 1198 925 1255 ὅρων-τας
953 1199 998 1243 τὸ
1030 1199 1137 1243 ἴδιον
1172 1202 1358 1254 θέλημα,
1386 1215 1477 1252 αμα
1500 1201 1576 1240 καί

128 1274 276 1324 χεῖρας
307 1267 489 1317 ἱκέτιδας
515 1265 703 1323 αἴροντες
739 1282 798 1315 εις
825 1265 928 1308 θεὸν
957 1269 1031 1308 καί
1055 1264 1158 1320 μετὰ
1186 1267 1367 1320 συνοχῆς
1398 1263 1575 1319 καρδίας

129 1333 177 1376 τὸ
216 1336 367 1388 orry-903
405 1348 628 1382 τυπτοντες
667 1349 738 1374 και
777 1330 972 1387 δακρυοις
995 1331 1046 1374 τὰ
1080 1348 1252 1385 ομματα
1275 1334 1506 1385 τέγγοντες,
1535 1328 1578 1371 εἴ

128 1416 218 1450 πως
240 1397 427 1447 α’παντες
452 1416 522 1441 και
550 1415 683 1441 πασαι
706 1397 806 1448 τούς
827 1394 1026 1453 ὦμηστας
1055 1398 1235 1446 ἐκείνους
1259 1399 1398 1452 θῆρας
1430 1398 1574 1451 σχοίη-

129 1481 207 1519 μεν
233 1464 518 1521 α’διαλωβητοι
546 1467 787 1521 παρελθεῖν.
852 1463 941 1506 ἔδει
972 1466 1019 1506 δὲ
1048 1463 1118 1506 δια
1149 1467 1220 1519 τῆς
1248 1462 1467 1518 Χρυσείας
1491 1460 1574 1503 ιη’..

67 1537 203 1587 2ολης
240 1532 352 1586 ἡμᾶς
397 1533 593 1581 ἐξελθεῖν.
666 1530 722 1581 ὥς
766 1532 813 1573 δὲ
854 1531 954 1586 περὶ
979 1529 1051 1572 τὸν
1079 1528 1183 1572 νεών
1210 1525 1364 1584 ἥκομεν
1392 1529 1573 1571 Μωκίου

128 1600 205 1640 τοῦ
232 1597 580 1653 καλλιμάρτυρος,
605 1596 809 1652 ὑβριστής
835 1599 907 1637 καί
929 1593 1099 1644 ἀνόσιος
1117 1595 1332 1650 βάρβαρος
1362 1594 1420 1643 ὥς
1438 1592 1575 1647 ἀμνά-

131 1665 185 1707 δα
212 1661 335 1712 λύκος
372 1664 418 1704 ἐκ
446 1664 587 1715 μέσων
615 1662 734 1717 ἡμῶν
775 1661 1019 1718 ἀφαρπάζει
1047 1658 1175 1718 κόρην
1201 1659 1484 1713 εὖπλόκαμον,
1515 1676 1574 1702 τι-

227 1798 255 1820 r.
281 1783 486 1833 μαχαίρας]
514 1785 662 1819 σπαθία
687 1782 728 1817 δὲ
749 1782 984 1830 ζωννύιιενοι
1014 1784 1078 1816 και
1109 1781 1410 1842 παραμᾶχαιρα,
1436 1783 1475 1816 οἱ
1499 1781 1573 1828 μὲν

221 1835 465 1888 φορτωμένοι
499 1828 544 1866 τὰ
576 1835 812 1876 κουρσιμαια
844 1831 882 1862 B.
1024 1842 1074 1864 ιι.
1111 1829 1338 1886 ανῐίρροπα]
1378 1830 1464 1863 ἀντὶ
1497 1834 1573 1863 τῶν

222 1878 493 1935 ἐφτιασιιάτων
525 1881 589 1911 καὶ
616 1880 805 1912 κοκκίνων
847 1880 901 1911 ων
933 1877 1087 1912 ἐτίθουν
1119 1877 1333 1923 πρότερον,
1369 1877 1434 1911 ἵνα
1459 1888 1573 1909 κατα-

224 1928 386 1969 σβέσωσι
411 1937 479 1967 την
500 1929 576 1960 τῶν
600 1924 808 1971 μαγούλων
842 1922 1144 1966 κοκκινόιηταΒ.
1234 1934 1292 1957 22.
1316 1922 1570 1970 εὐπλόκαμον]

225 1971 546 2018 καλλιπρόσωπον
570 1955 798 2016 καλότριχον
822 1971 857 2002 Β.

131 2074 301 2113 armatis,
329 2072 393 2107 sed
418 2072 623 2118 praelongis
649 2072 794 2105 ensibus
821 2070 866 2104 ad
881 2071 995 2104 latera
1021 2082 1193 2116 equorum
1219 2073 1420 2117 suspensis,
1446 2077 1482 2105 et
1505 2084 1575 2116 pu-

131 2122 254 2165 giones
291 2119 442 2165 cingulis
478 2120 631 2152 insertos
667 2118 910 2163 gestantibus;
945 2129 1098 2163 quorum
1138 2119 1203 2152 alii
1237 2119 1418 2152 manubiis
1451 2120 1573 2151 onusti

132 2173 256 2209 erant,
282 2167 345 2200 alii
371 2171 644 2212 praetereuntes
670 2166 829 2210 captivos
866 2165 1117 2207 excutiebant,
1142 2177 1187 2198 an
1211 2166 1278 2199 sub
1305 2167 1423 2199 lacera
1448 2166 1574 2199 tunica

131 2213 359 2259 splendidam
384 2219 519 2247 vestem
554 2213 714 2246 celarent
738 2218 801 2245 aut
831 2218 1015 2256 argentum
1043 2223 1212 2246 aurumve
1240 2214 1279 2246 in
1303 2214 1385 2246 sinu
1413 2214 1574 2246 occulta-‘-

131 2266 223 2296 rent.
247 2261 311 2293 alii
345 2261 514 2295 mulieres
547 2260 661 2293 forma
687 2265 910 2304 praestantes
947 2260 998 2292 ita
1023 2258 1149 2293 defixis
1176 2260 1290 2293 oculis
1316 2260 1572 2300 intuebantur,

132 2308 236 2352 quasi
261 2318 345 2341 mox
372 2319 430 2341 eas
464 2307 510 2340 ad
543 2312 705 2352 stuprum
730 2307 866 2352 rapturi
905 2311 1033 2340 essent.
1059 2318 1125 2340 nos
1154 2307 1265 2351 igitur
1291 2307 1461 2340 mulieres
1477 2332 1487 2347 ,
1514 2317 1574 2338 ea·—

132 2364 211 2387 rum
233 2355 432 2399 pudicitiae
473 2359 675 2388 metuentes
695 2379 704 2394 ‚
741 2354 779 2386 in
804 2353 960 2386 medium
986 2364 1112 2398 agmen
1136 2358 1309 2399 tanquam
1336 2354 1375 2386 in
1399 2354 1493 2386 ovile
1517 2364 1574 2384 re-

132 2401 311 2444 cepimus,
338 2401 626 2435 adolescentulas
653 2412 737 2435 vero
771 2412 882 2434 coeno
905 2401 1034 2434 faciem
1056 2401 1202 2434 illinere
1227 2407 1269 2434 ut
1295 2400 1434 2445 pridem
1459 2400 1549 2432 fucis
1564 2425 1574 2439 ,

132 2452 242 2491 atque
265 2448 317 2480 ita
343 2449 518 2481 ruborem
533 2459 703 2493 genarum
733 2448 940 2492 extinguere
963 2447 1156 2489 iussimus,
1176 2457 1223 2480 ne
1246 2447 1383 2480 formae
1407 2451 1574 2479 venustas

132 2493 333 2538 principio,
358 2501 413 2528 ut
433 2496 587 2529 viatores
623 2500 733 2528 noctu
760 2495 876 2528 elatus
911 2495 1024 2539 ignis,
1054 2499 1297 2539 spectatores,
1323 2493 1456 2526 deinde
1479 2503 1577 2524 ama-

132 2545 248 2579 tores,
289 2546 468 2585 postremo
506 2547 668 2587 raptores
694 2542 876 2582 alliceret,
911 2553 990 2574 cum
1019 2541 1089 2574 sibi
1116 2541 1226 2574 licere
1250 2540 1416 2573 ’siderent
1441 2539 1574 2571 omnia.

132 2586 278 2619 interim
307 2587 485 2631 supplices
524 2589 593 2633 ipsi
618 2600 743 2622 manus
769 2588 816 2622 ad
842 2587 950 2621 deum
976 2587 1214 2621 tendebamus
1232 2612 1241 2627 ,
1285 2586 1424 2619 afflictis
1447 2585 1575 2618 animis

131 2638 279 2688 pectora
314 2633 522 2687 plangentes
557 2641 594 2668 et
616 2637 739 2668 oculos
765 2636 919 2680 rigantes
961 2635 1137 2675 lacrimis,
1165 2635 1194 2667 si
1221 2645 1291 2677 quo
1319 2631 1426 2664 modo
1452 2643 1575 2664 omnes

133 2680 305 2712 immanes
331 2680 417 2714 istas
444 2681 534 2713 seras
559 2682 648 2714 salvi
675 2687 712 2715 et
738 2682 911 2716 inviolata
932 2681 1111 2726 pudicitia
1136 2680 1377 2713 evaderemus.
1402 2686 1482 2711 cum
1511 2690 1576 2711 au-

136 2732 209 2759 tem
237 2726 342 2760 nobis
369 2738 432 2772 per
460 2734 604 2760 auream
628 2734 768 2772 portam
797 2728 1002 2761 exeundum
1026 2733 1143 2767 esset,
1170 2732 1209 2759 ut
1235 2725 1279 2758 ad
1303 2725 1420 2758 incliti
1443 2731 1576 2768 marty-

134 2773 182 2809 ris
230 2773 340 2807 Mocii
378 2773 503 2808 aedem
542 2774 727 2814 venimus,
767 2775 927 2808 insolens
965 2779 1001 2808 et
1039 2774 1196 2808 nefarius
1232 2773 1378 2818 quidam
1401 2771 1574 2806 barbarus
