1838 3210
234 188 261 221 2
274 187 299 220 2
311 187 341 220 2
652 180 879 222 NICETAE
925 177 1236 221 CHONIATAE

231 284 303 326 καὶ
328 279 377 339 ἦν
405 284 469 339 ἐφ’
497 280 638 323 ἱκανόν
660 280 709 322 τά
741 281 822 322 ταῖν
847 278 993 334 γάμων
1019 277 1375 334 λογολεσχούμενα
1401 279 1654 337 προεισόδια.

232 347 541 405 α’μφιτάλαντον
589 346 634 387 δὲ
662 345 740 400 την
767 344 839 388 ἐπὶ
864 345 1025 393 τούτοις
1049 344 1123 386 καί
1145 343 1196 386 τοὶ
1224 346 1370 399 πρῶτα
1398 343 1505 400 ἔχων
1531 346 1553 387 ὃ
1581 350 1657 400 βα-

232 414 373 460 σιλεὺς
413 410 546 465 ῥοπὴν
581 413 654 453 καί
696 406 784 453 οἷον
824 413 1108 463 κυμαίνουσαν
1147 407 1219 451 καὶ
1244 409 1397 459 πολλὰς
1426 410 1660 464 μεταβολάς

233 475 527 530 λαμβάνουσαν
552 475 625 517 καί
647 474 827 531 τροπάς,
867 476 949 528 σ’ψέ
975 490 1073 517 ποτε
1101 467 1352 528 μεθίσταται
1378 478 1456 516 τοῦ
1482 477 1660 529 σκοποῦ,

228 541 449 594 Ῥωμαίοις
473 543 615 595 κρίνας
646 539 873 597 α’σύμφορα
900 538 952 581 τὰ
978 539 1079 592 μετὰ
1115 542 1188 581 τοῦ
1216 538 1339 595 ῥηγὸς
1355 541 1543 589 Σικελίας
1558 551 1698 595 μνη-5

234 605 457 659 στεύματα.
486 601 535 660 ἦν
567 602 641 653 οὖν
668 605 811 661 ἦκόρη
841 603 1106 660 πολυμνήστη
1133 607 1338 660 βασίλεια,
1363 605 1434 647 καί
1459 604 1561 648 κατὰ
1590 605 1663 660 τήν

233 669 575 725 Ἀγάμεμνόνειον
596 668 823 726 Ἠλέκτραν
853 666 1046 725 ἄλεκτρος
1073 671 1145 712 ἐπὶ
1172 669 1275 712 πολύ
1307 676 1392 718 τοῖς
1420 669 1663 726 ἀνακτόροις

195 738 446 789 Βοῖλύουσα,
479 738 551 779 καί
578 739 665 778 κατ’
696 735 909 792 ἀχερωίδα
937 735 1125 790 ’ὑδρηλὴν
1151 734 1294 790 ὑψηλή
1325 735 1399 778 καί
1427 738 1564 790 κοίτης
1592 736 1665 778 οἷνὲ

235 803 375 856 δρώας
403 801 639 858 ἱμείρουσα.
695 803 942 852 συνὲζευκτο
973 803 1011 842 δ’
1042 795 1116 842 οὖν
1145 797 1260 854 ὅμως
1287 800 1393 854 μετὰ
1410 801 1563 856 πολλήν
1589 803 1664 843 τοῦ

233 869 438 920 βασιλέως
463 868 726 920 προμήθειαν
770 864 943 920 ’ὕστερον
976 862 1038 907 ἑνὶ
1063 868 1146 907 τῶν
1175 868 1249 907 τοῦ
1282 868 1510 922 μαρκεσιόυ
1547 867 1662 908 Μόν-
1681 888 1727 914 10

233 948 304 986 της
337 932 544 987 φεράντης
573 932 701 984 υἱῶν,
743 931 935 987 χαρίεντι
960 929 1032 985 τὴν
1054 925 1155 984 ὄψιν
1182 930 1254 973 καί
1280 933 1383 973 ἰδεῖν
1413 933 1567 990 ἡδίστῳ
1594 932 1667 974 καί

233 997 309 1051 τὴν
337 995 465 1051 κόμην
501 997 667 1051 ἦλιαῖντι
704 998 778 1037 καί
815 995 1020 1056 εὐπρεπεῖ
1041 997 1114 1037 καί
1149 996 1274 1051 μήπω
1303 996 1451 1052 φύοντι
1479 999 1663 1051 γένειον,

236 1061 344 1117 αὕτη
366 1061 409 1104 τὸ
430 1060 674 1118 τριακοστὸν
694 1059 996 1118 ὕπεραναβᾶσα
1018 1059 1108 1110 ἔτος
1126 1060 1199 1103 καί
1213 1062 1384 1118 α’νδρικη
1402 1061 1667 1117 τυγχάνουσα

233 1128 305 1183 τὴν
332 1125 469 1182 ἰσχύν.

342 1210 384 1249 9.
441 1193 556 1235 Ἀλλ’
584 1194 767 1235 ἐνταῦθα
794 1195 866 1246 τῆς
899 1191 1084 1247 ἱστορίας
1098 1192 1313 1246 γενόμενος
1332 1196 1404 1235 καί
1429 1196 1560 1236 ταῦτα
1585 1198 1669 1244 τοῖς
1685 1199 1732 1240 15

238 1261 466 1314 εἰρημένοις
497 1255 814 1314 προσεπαγοέγω.
872 1255 958 1299 ἔστι
988 1274 1052 1306 τις
1078 1255 1301 1306 θαλάττιος
1328 1256 1476 1308 κόλπος
1503 1256 1670 1314 ἑσπέρι-

238 1339 304 1376 ος,
331 1323 508 1378 Ἀδρίας
550 1322 785 1377 λεγόμενος,
825 1318 1053 1376 ἀναχωρῶν
1085 1325 1163 1375 μὲν
1190 1326 1265 1364 τοῦ
1301 1326 1516 1365 Σικελικοῦ
1543 1322 1672 1365 πελά-

237 1404 336 1443 γους
363 1388 437 1430 καί
465 1385 533 1431 οἷά
563 1404 604 1430 τι
634 1390 817 1444 ἐξέραμα
847 1390 921 1429 τοῦ
948 1388 1094 1431 Ἰονίου
1127 1388 1227 1444 ῥοῦ,
1256 1392 1353 1431 καθ’
1378 1386 1532 1431 ἑαυτὸν
1561 1388 1673 1430 ἰδιά-

134 1466 229 1512 V.9o
243 1456 324 1505 ζων
350 1453 423 1496 καί
461 1452 566 1508 πρὸς
596 1455 767 1508 Βορρᾶν
809 1449 962 1506 ἄνεμον
991 1455 1063 1495 ἐπὶ
1092 1453 1196 1495 πολὺ
1226 1452 1465 1510 συρόμενος.
1520 1452 1670 1497 τούτου

201 1518 294 1575 (3δὴ
323 1519 372 1562 τὰ
400 1521 643 1572 μυχαίτατα
665 1518 818 1561 Ἔνετοί
842 1519 1054 1571 νέμονται,
1098 1518 1172 1568 οὓς
1200 1521 1270 1561 καί
1296 1520 1536 1570 Βενετίκους
1564 1519 1668 1563 εἴποι
1684 1539 1736 1567 20

241 1601 304 1634 τις
332 1582 384 1627 ἂν
421 1583 526 1626 κατὰ
563 1586 741 1638 γλώττης
773 1582 990 1639 ἰδιότητα,
1025 1579 1173 1640 ἄνδρες
1202 1584 1411 1640 θαλάττης
1441 1583 1671 1641 τρόφιμοι,

239 1649 344 1692 κατὰ
380 1649 577 1698 Φοίνικας
605 1647 809 1704 ἀγύρται,
838 1651 1067 1703 πανοῦργοι
1097 1648 1141 1691 τὸ
1173 1648 1382 1705 φρόνημα.
1439 1651 1529 1692 ἀλλ’
1558 1644 1673 1694 οὗτοι

233 1715 455 1768 Ῥωμαίοις
485 1715 790 1770 εἰσποιηθέντες
816 1712 920 1755 κατὰ
946 1717 1094 1769 χρείαν
1121 1710 1172 1769 ἦν
1203 1711 1272 1756 ὅτε
1297 1714 1577 1771 ναυμαχικὴν,
1598 1732 1673 1758 κα-

331 1841 362 1864 2.
393 1828 446 1878 δὲ]
475 1830 516 1865 δὲ
539 1831 603 1864 καὶ
624 1832 664 1865 A.
778 1842 829 1865 ιι.
851 1831 1034 1878 χαρίεντι]
1062 1823 1130 1873 τὴν
1154 1832 1301 1873 ἡλικίαν
1326 1829 1464 1877 ὄρθιον
1485 1832 1522 1864 Β.
1621 1843 1672 1867 ¹2.

328 1871 398 1919 τὴν
422 1876 556 1925 κόμην]
583 1879 835 1917 ξανθίζουσαν
863 1878 984 1924 κόμην
1010 1879 1047 1911 Β.
1147 1881 1196 1913 ι6.
1222 1877 1521 1925 προσεπαγάγω]
1552 1887 1675 1923 προσ-

333 1924 439 1965 θήσω
464 1925 505 1957 A.
651 1936 700 1969 ¹9·
727 1927 790 1957 καὶ
814 1923 911 1970 πρὸς
938 1923 993 1971 3.]
1022 1922 1083 1958 ὅτε
1109 1923 1148 1958 δὲ
1176 1926 1317 1969 βορρᾶς
1341 1924 1481 1971 ἄνεμος
1503 1926 1673 1970 γίνεται,

330 1969 521 2003 ἁπλοῦται
552 1970 616 2004 ἐπὶ
653 1971 753 2004 πολύ
780 1971 815 2002 Β.
955 1983 1009 2005 21.
1036 1971 1347 2016 θαλασσομάχοι,
1374 1970 1486 2017 ὀρθοὶ
1510 1969 1559 2007 οἷς
1585 1973 1674 2016 φοί-

332 2026 432 2053 νικες
455 2018 496 2050 Α.
654 2020 709 2052 23.
734 2018 1026 2065 εἰσποιηθέντες]
1052 2016 1306 2061 εἰσδεχθέντες
1329 2019 1392 2050 καὶ
1415 2019 1675 2063 πραγματείας

332 2066 534 2100 ποιοῦντες
558 2064 622 2097 καὶ
657 2062 887 2109 ἐγκουσιὶτοι
907 2063 1011 2102 ὄντες
1037 2064 1086 2104 B,
1110 2066 1332 2106 ποιηθέντες
1357 2063 1397 2096 Α.

246 2173 439 2217 agitabant.
463 2184 546 2206 nam
582 2175 776 2219 imperator
813 2187 833 2207 a
868 2175 1046 2220 principio
1072 2175 1278 2218 ambiguus,
1322 2180 1358 2207 et
1382 2175 1499 2207 animo
1524 2174 1673 2208 diversis

245 2220 405 2253 consiliis
430 2219 600 2254 distracto
629 2221 783 2254 subinde
806 2222 1003 2262 fluctuans,
1032 2222 1246 2255 sententiam
1273 2220 1417 2254 tandem
1442 2225 1574 2262 mutat,
1600 2221 1675 2254 affi-

244 2267 395 2299 nitatem
409 2266 554 2299 Siciliae
578 2268 667 2311 regis
686 2279 760 2300 non
785 2279 803 2300 e
828 2280 865 2300 re
889 2268 1036 2312 publica
1060 2269 1136 2301 sore
1165 2267 1381 2300 existimans.
1406 2267 1456 2300 ita
1485 2267 1559 2299 filia
1585 2268 1673 2308 eius,

246 2313 406 2357 quamvis
443 2324 462 2344 a
488 2313 610 2345 multis
635 2315 752 2357 procis
780 2316 960 2359 expetita,
986 2314 1048 2347 diu
1077 2314 1219 2347 coelebs
1253 2319 1289 2346 et
1315 2319 1451 2347 moesta
1475 2313 1513 2345 in
1537 2314 1673 2358 palatio

247 2358 397 2391 desedit.
431 2358 494 2391 sed
524 2365 606 2403 post
632 2360 774 2403 longam
808 2362 918 2405 patris
953 2361 1331 2405 circumspectionem,
1368 2359 1514 2393 tandem
1539 2360 1602 2392 uni
1630 2370 1674 2392 ex

246 2405 330 2437 filiis
354 2405 614 2438 Montisferrati
653 2406 887 2448 marchionis,
922 2407 1142 2441 adolescenti
1165 2406 1420 2439 formosissimo
1444 2406 1674 2439 suavissimo-

247 2461 337 2495 que,
372 2451 525 2484 imberbi
559 2451 676 2485 adhue
704 2453 827 2494 nubit,
863 2454 1022 2498 quamvis
1054 2454 1132 2499 ipsa
1155 2453 1249 2486 XXX
1283 2463 1415 2485 annum
1444 2452 1673 2494 excessisset,

245 2497 340 2531 virili
365 2497 526 2542 praedita
552 2497 690 2530 robore.

333 2556 365 2589 9.
417 2545 492 2577 Hoc
527 2544 605 2576 loco
639 2544 732 2576 illud
770 2545 876 2577 etiam
916 2551 969 2579 est
1000 2544 1238 2579 inserendum.
1295 2545 1537 2579 Occidentalis
1566 2545 1672 2578 maris

243 2590 359 2631 sinus,
384 2590 447 2636 qui
472 2590 581 2624 Adria
606 2590 748 2629 dicitur,
775 2602 795 2622 a
820 2591 940 2623 Siculo
964 2593 1090 2636 pelago
1115 2598 1271 2625 remotus
1299 2597 1335 2625 et
1359 2593 1454 2624 Ionii
1476 2592 1582 2624 maris
1610 2591 1683 2624 ab-'

243 2647 378 2670 scessus
405 2637 551 2682 quidam
579 2642 781 2681 separatus,
806 2638 984 2681 Aquilone
1013 2639 1169 2683 spirante
1205 2639 1278 2672 late
1303 2644 1498 2672 exaestuat.
1523 2638 1600 2670 eius
1625 2638 1674 2671 si-

241 2693 307 2714 nus
335 2684 462 2716 intima
490 2684 643 2723 Heneti,
681 2684 742 2727 qui
779 2688 816 2716 et
841 2684 971 2717 Veneti
1011 2685 1257 2730 appellantur,
1288 2685 1469 2726 incolunt,
1510 2683 1674 2717 homines

241 2730 346 2763 maris
372 2730 532 2772 alumni,
565 2730 646 2775 vagi
671 2730 889 2764 Phoenicum
915 2731 1046 2773 instar,
1092 2731 1233 2766 callidis,
1256 2731 1414 2777 praediti
1439 2731 1602 2776 ingeniis.
1633 2729 1672 2764 hi
