1878 3230
342 114 457 172 866
773 128 999 173 means
1042 125 1320 168 cnomATA

338 229 569 286 ματηλάται
596 223 742 279 ἄνδρες
783 222 1093 281 α’νεστὴλωντο,
1134 226 1211 277 τῆς
1249 224 1515 278 διφρευτικῆς
1549 221 1762 279 προγράμ-

335 313 447 350 ματα
493 293 744 345 δεξιότητος,
781 288 1007 343 μονονουχὶ
1048 288 1306 342 διαπρυσίως
1354 290 1406 344 τῇ
1449 290 1636 330 διαθέσει
1679 289 1760 331 τῶν

333 361 489 415 χειρῶν
516 363 600 405 τοῖς
629 355 905 411 ὃιφρηλάταις
932 351 1268 408 παρεγγυώμενοι
1300 353 1357 402 ὠς
1386 351 1469 407 χρὴ
1500 356 1758 406 προσπελῶν-

330 441 404 474 τας
431 426 484 480 τῇ
509 421 638 477 νύσσῃ
667 420 725 476 μὴ
756 422 916 476 ἐφεῖναι
944 419 997 459 τὰ
1024 416 1174 472 χαλινοὶ
1201 421 1286 458 ἀλλ’
1314 420 1511 471 ἐγκλίνειν
1535 413 1758 473 οἷνασειρα-

329 491 420 546 σμῷ
448 487 543 535 τούς
571 487 726 534 ἵππους
757 484 830 526 καί
859 489 1029 538 συνεχεῖ
1060 483 1133 525 καί
1170 483 1433 539 σφοδροτέρῳ
1469 484 1659 537 χρῆσθαι
1699 487 1793 542 τιῖῐό

323 551 501 607 μύωπι,>
527 549 638 601 ὅπως
672 548 972 604 περικλώμενοι
1008 549 1081 603 τῆς
1127 547 1278 602 νύσσης
1319 547 1499 601 ἐχόμενα
1543 549 1645 590 ἐῶσι
1687 547 1758 591 τὸν

324 620 602 673 συντρέχοντα
627 618 865 669 α’ντίτεχνον
892 613 967 669 την
998 616 1044 656 ἐκ
1078 613 1276 667 περιόδου
1313 614 1415 655 ἐλᾶν
1457 611 1531 669 καί
1578 609 1757 664 ἕστατον

322 684 524 738 ἔρχεσθαι
534 716 545 735 ,
579 679 654 724 κᾶν
680 681 831 730 ἵππους
855 682 1183 734 δρομικωτέρους
1211 679 1355 735 ἡνιοχῇ
1382 680 1455 720 καί
1475 677 1552 733 τὴν
1580 677 1755 734 ἁμιλλη-

319 750 461 805 τήριον
487 752 630 803 τέχνην
657 747 786 804 ὁρῷτο
808 743 1094 794 εὐπαίδευτος.
1140 747 1143 749 ’

436 832 493 856 12.
544 813 592 856 Ὁ
620 815 665 855 δὲ
691 813 810 866 λόγος
837 811 910 853 καί
937 807 1038 853 ἄλλο
1068 825 1109 852 τι
1137 808 1368 865 προσθήσει
1395 815 1481 860 τοῖς
1501 811 1816 864 εἰρημένοις·ἰο

319 883 418 922 ου’δὲ
459 879 540 934 γὰρ
582 878 912 933 συγγράψασθαι
952 875 1004 919 τὰ
1045 878 1181 919 πάντα
1224 870 1444 931 προύθετο.
1498 875 1649 930 χάριεν
1678 874 1753 930 την

316 947 421 987 θέαν
448 945 519 986 καί
544 943 621 998 την
649 946 796 997 τέχνην
822 946 975 996 μικροῦ
1001 947 1083 985 τῶν
1111 941 1275 984 πάντων
1301 941 1652 996 θαυμασιώτερον
1671 938 1753 994 βά-

318 1027 384 1059 σις
411 1007 461 1064 ἦν
494 1008 631 1063 λιθίνη
657 1011 728 1050 καί
757 1011 821 1050 ἐπ’
849 1010 974 1062 αὐτῆς
1006 1008 1265 1062 χαλκήλατον
1296 1009 1426 1063 ζῷον,
1454 1006 1569 1061 παρὰ
1605 1009 1754 1048 τοσοῦ-

316 1093 384 1118 τον
406 1075 482 1116 οὐκ
507 1073 825 1128 ἀναμφήριστον
851 1077 955 1126 βοῦν
985 1075 1180 1125 εἰκονιζον
1209 1080 1307 1128 παρ’
1336 1070 1432 1115 ὅσον
1467 1073 1752 1126 βραχύκερκον

316 1137 368 1194 ἦν
391 1142 500 1194 μηδὲ
531 1143 711 1192 βαθεῖαν
739 1139 939 1188 καθεικὸς
968 1140 1185 1194 φάρυγγα,
1215 1140 1309 1181 οἵαν
1337 1140 1375 1180 οἱ
1404 1139 1628 1192 Αἰγύπτιοι
1657 1134 1752 1190 βόες
1768 1138 1814 1179 15

314 1206 541 1260 τρέφουσι,
570 1202 672 1258 μήτε
698 1203 783 1257 μην
809 1208 958 1258 χηλαῖς
999 1204 1283 1256 ὁπλιζόμενον.
1338 1209 1503 1256 συνεῖχε
1544 1205 1591 1244 δὲ
1629 1205 1751 1244 τοῦτο

315 1277 404 1318 ταῖς
432 1271 573 1323 γένυσι
601 1268 672 1310 καί
697 1271 755 1317 εἷς
784 1277 940 1322 πνῖγμα
968 1271 1186 1322 συνέθλιβε
1219 1271 1321 1325 ζῷον
1353 1272 1494 1322 ἕτερον
1511 1301 1523 1318 ,
1566 1270 1619 1309 δι’
1653 1266 1751 1309 ὅλου

314 1337 387 1377 τοῦ
418 1333 611 1386 σώματος
643 1336 777 1374 λεπίσι
805 1335 1143 1387 θωρακιζόμενον
1182 1332 1290 1374 οὕτω
1330 1331 1548 1387 τραχείαις
1585 1331 1640 1382 ὥς
1681 1333 1755 1374 καί

314 1403 360 1442 ἐν
381 1401 523 1455 χαλκῷ
554 1402 698 1439 λυπεῖν
722 1397 793 1440 τὸν
829 1397 1067 1450 ἁπτόμενον.
1143 1394 1262 1454 ᾔδετο
1305 1400 1350 1440 δὲ
1391 1397 1436 1440 τὸ
1471 1401 1550 1452 μὲν
1586 1400 1751 1450 βασιλί-

315 1480 413 1506 σκον
441 1461 549 1505 εἶναι
589 1461 633 1505 τὸ
679 1465 724 1504 δὲ
764 1460 946 1515 ἀσπίδα,
992 1463 1038 1504 τὸ
1086 1463 1466 1516 συμμαρπτόμενον
1505 1463 1656 1505 τούτου
1695 1465 1751 1520 τῷ
1763 1479 1814 1505 20

315 1529 505 1581 στόματι·
562 1529 638 1569 οὔκ
668 1529 816 1581 ὀλίγοις
844 1531 889 1570 δὲ
920 1528 965 1569 τὸ
996 1531 1073 1580 μὲν
1103 1531 1287 1584 ,Νειλῷος
1317 1529 1419 1581 βοῦς
1447 1527 1490 1570 τὸ
1521 1530 1567 1570 δὲ
1605 1528 1750 1581 κροκό-

317 1597 450 1641 δειλος
481 1590 592 1635 εἶναι
620 1592 818 1644 εἰκάζετο.
876 1594 972 1646 ἐμοὶ
997 1596 1074 1646 μὲν
1102 1588 1176 1635 οὖν
1204 1595 1257 1634 ου’
1289 1597 1416 1646 μέλον
1444 1595 1520 1635 τοῦ
1558 1596 1639 1635 τῶν
1678 1595 1749 1634 ‹50-

316 1660 397 1710 ξῶν
426 1656 623 1711 α’νομοίου
641 1691 651 1711 ,
683 1661 811 1700 εἰπεῖν
839 1661 884 1700 δὲ
910 1658 954 1701 τὸ
984 1659 1126 1715 καινήν
1153 1675 1245 1701 τινα
1281 1658 1356 1714 τήν
1391 1658 1525 1714 πάλην
1565 1657 1748 1714 α’μφότε-

314 1786 399 1813 tuae
425 1779 653 1824 erigebantur
681 1780 782 1824 quasi
809 1772 1067 1825 prograrnmata
1093 1782 1278 1815 rhedariae
1304 1782 1549 1815 dexteritatis:
1578 1782 1648 1816 situ
1675 1793 1749 1814 ma·-

314 1838 426 1859 nuum
451 1831 589 1859 tantum
613 1828 698 1858 non*
714 1827 807 1858 clare
833 1827 1007 1859 rhedariis
1031 1835 1220 1873 praecepta
1247 1829 1394 1869 dantes,
1423 1829 1521 1873 quod
1548 1829 1593 1861 ad
1618 1835 1748 1861 metam

315 1872 527 1905 accedentes
564 1883 639 1905 non
673 1878 857 1916 oporteret
887 1873 1044 1907 habenas
1083 1875 1222 1914 laxare,
1261 1876 1325 1908 sed
1362 1876 1576 1908 retrahendo
1609 1876 1747 1907 frenum

318 1930 428 1963 equos
466 1918 633 1958 flectere,
668 1930 708 1951 ac
745 1919 965 1963 frequentius
1004 1920 1324 1966 vehementiusque
1358 1923 1473 1955 calcar
1509 1922 1665 1962 addere,
1706 1926 1748 1954 ut

316 1965 480 2009 proxime
519 1971 651 1997 metam
686 1967 845 1998 conversi
883 1967 1078 1999 instantem
1110 1968 1350 2000 adversarium
1381 1975 1548 2012 cogerent
1583 1969 1746 2000 latiorem

318 2011 506 2044 circuitum
544 2010 731 2043 decurrere
759 2023 799 2044 ac
834 2018 1051 2056 postremum
1078 2013 1291 2055 adventare,
1331 2015 1471 2048 etiamsi
1506 2013 1746 2049 velocioribus

320 2057 422 2101 equis
446 2056 638 2090 veheretur
660 2062 769 2102 atque
793 2065 904 2091 artem
931 2060 1115 2103 aurigandi
1139 2060 1251 2105 probe
1276 2062 1433 2094 calleret.

416 2113 464 2134 12.
499 2104 683 2136 Enimvero
712 2103 800 2136 haec
823 2116 967 2149 quoque
987 2106 1118 2139 addere
1142 2108 1255 2140 visum
1281 2114 1346 2149 est,
1369 2118 1583 2153 quamquam
1599 2107 1637 2139 in
1663 2116 1746 2149 pro-

317 2149 436 2194 posito
460 2160 535 2181 non
558 2155 612 2182 est
636 2150 755 2182 omnia
782 2151 1011 2194 perscribere.
1036 2154 1228 2197 gratiosum
1252 2156 1491 2199 spectaculum
1522 2159 1559 2186 et
1593 2152 1744 2185 artificio

319 2195 478 2227 omnium
500 2205 592 2239 pene
617 2195 921 2230 mirabilissimum
948 2198 1043 2231 basis
1067 2205 1143 2232 erat
1166 2200 1327 2244 lapidea,
1352 2202 1409 2234 cui
1436 2200 1643 2245 impositum
1668 2199 1747 2230 ani-

319 2241 417 2281 mal,
442 2241 540 2285 quod
564 2246 710 2273 eatenus
744 2244 888 2275 nonnisi
920 2244 1128 2278 dubitanter
1155 2246 1282 2279 bovem
1308 2252 1572 2292 repraesentare
1607 2244 1746 2277 iudica-

322 2289 454 2327 visses‚
479 2291 655 2331 quatenus
688 2286 893 2320 brevissima
921 2290 1034 2323 cauda
1060 2303 1180 2337 neque
1206 2298 1277 2327 tam
1301 2298 1427 2341 amplis
1451 2298 1654 2343 palearibus
1690 2301 1746 2332 in—

323 2339 496 2367 structum
524 2338 615 2372 erat,
641 2333 839 2366 cuiusmodi
871 2341 955 2368 sunt
979 2338 1143 2382 Aegyptii
1176 2339 1308 2383 boves;
1347 2354 1465 2388 neque
1501 2345 1577 2377 eius
1612 2347 1745 2390 ungula

325 2386 402 2413 erat
424 2378 571 2412 bisulca.
597 2379 711 2422 ipsum
736 2391 817 2411 vero
835 2382 990 2414 maxillis
1015 2383 1196 2418 admotum
1219 2381 1367 2421 tenebat
1389 2391 1488 2423 aliud
1511 2392 1642 2424 animal
1659 2403 1745 2425 con-

325 2427 450 2459 strictu
474 2425 699 2469 praefocans,
728 2425 825 2469 quod
852 2432 928 2459 toto
957 2439 1105 2473 corpore
1128 2432 1257 2475 sqamis
1281 2436 1532 2478 muniebatur,
1567 2439 1617 2471 ita
1641 2449 1746 2483 aspe-

326 2473 373 2505 ris
402 2477 443 2504 ut
465 2471 542 2503 sine
570 2471 728 2503 laesione
760 2472 818 2503 vix
853 2474 1011 2517 contingi
1050 2482 1181 2518 posset.
1210 2480 1403 2522 putabatur
1439 2489 1557 2517 autem
1591 2485 1743 2529 alterurn

327 2529 403 2551 esse
428 2517 637 2558 basiliscus3
665 2517 815 2550 alterum
837 2529 939 2559 vero,
977 2520 1074 2564 quod
1099 2522 1145 2554 ad
1178 2534 1216 2556 os
1244 2525 1341 2559 illius
1364 2529 1546 2563 admotum
1587 2536 1623 2564 et
1659 2541 1745 2563 con-

326 2565 488 2597 strictum
511 2563 722 2602 tenebatur,
750 2574 812 2607 pro
837 2565 959 2608 aspide
983 2566 1193 2601 habebatur.
1217 2582 1282 2604 nec
1307 2573 1456 2609 deerant
1477 2578 1540 2621 qui
1565 2577 1745 2611 coniecta..

328 2616 408 2643 rent
436 2610 584 2642 alterum
610 2609 784 2642 Niliacum
813 2610 959 2652 bovem,
997 2612 1146 2646 alterum
1180 2627 1264 2650 vero
1304 2621 1520 2655 crocodilum
1554 2614 1641 2656 ess‘eo
1679 2633 1742 2666 ego

327 2667 411 2692 vero
438 2655 530 2689 nihil
558 2667 640 2689 curo
666 2657 920 2690 sententiarum
944 2659 1162 2694 varietatem.
1187 2662 1302 2699 dicam
1326 2668 1440 2701 solum
1466 2680 1595 2704 novum
1629 2669 1742 2714 quod-
