1878 3230
575 152 646 194 ΒΕ
685 151 904 196 1sAAc1o
950 152 1167 196 ANGELO
1206 156 1305 197 Lm.
1347 158 1399 198 n.
1562 137 1665 207 541

233 252 275 294 Γ
273 249 480 306 ιγκλάριον
508 252 650 302 αὐτοῖς
677 253 905 307 συμβαλών
932 254 977 295 τό
998 252 1147 309 κράτος
1174 250 1318 311 ἤρατο,
1347 251 1416 297 ὅτε
1436 255 1509 298 καί
1534 254 1574 298 οἱ
1597 258 1676 310 μὲν

238 319 418 371 Τοῦρκοι
451 315 528 367 τὰς
554 320 638 360 τῶν
666 318 863 374 παρόδων
887 319 1266 376 προκατειληφότες
1287 320 1434 371 στενὰς
1469 324 1674 376 προσέμε-

231 397 302 424 νον
326 380 400 437 τήν
431 384 513 425 τῶν
534 383 783 436 Ἀλαμανῶν
811 385 943 425 ἐκεῖθι
970 380 1128 440 ἄφιξιν,
1158 385 1180 427 ὅ
1210 387 1257 427 δὲ
1285 386 1364 442 ῥὴξ
1387 385 1434 429 τὸ
1462 389 1545 429 τῶν
1570 386 1673 429 ὕπε-

231 446 406 490 ναντίων
432 447 597 501 σκέμμα
625 448 764 497 συνεὶς
790 450 863 491 ἑπὶ
882 447 1008 490 τόπου
1030 453 1460 506 κατεστρατοπέδευσε
1487 453 1670 505 πεδινοῦ,

194 512 375 563 5νυκτός
403 513 451 554 δὲ
482 513 542 561 εἷς
571 512 647 554 δύο
675 515 827 568 μοίρας
854 512 899 555 τό
931 515 1081 556 οἰκεῖον
1109 517 1387 570 στρατόπεδον
1430 515 1579 559 διελών
1619 519 1667 560 τό

228 579 308 633 μὲν
335 585 427 628 ταῖς
463 583 633 633 σκηναῖς
671 581 918 633 προσμένειν
957 579 1158 633 α’πέταξε,
1197 580 1242 622 τὸ
1288 583 1335 624 δὲ
1367 581 1511 624 λοιπὸν
1552 581 1711 626 ἅπανθ’

228 644 565 701 ὑποφαινομένης
602 643 764 699 ἡμέρας
802 647 862 692 εἰς
898 643 1139 699 ἀπόδρασιν·
1172 645 1340 697 ἐπέταξε
1381 651 1572 698 πλαστῶς
1604 651 1672 692 ἓν*

227 709 510 762 σκευάζεσθαι
541 705 668 763 ἄλλης
705 709 933 763 ἁπτόμενον
967 709 1078 752 ὁδοῦ.
1137 710 1175 754 οἱ
1219 718 1359 755 τοίνυν
1385 716 1556 766 Πέρσαι
1597 714 1670 757 τὸν

226 774 347 818 δόλον
377 774 497 831 ἔργον
529 775 684 830 α’ληθὲς
723 771 831 818 εἶναι
872 773 1204 831 ὗποτοπῆσαντες
1245 778 1547 822 α’πανίστανται
1587 782 1668 834 μὲν

167 856 214 883 ιο
227 843 308 884 τῶν
337 841 590 895 δυσχωριῶν
617 844 872 896 περιχαρῶς,
903 841 1005 884 κατὰ
1034 843 1080 884 δὲ
1105 842 1152 884 τό
1185 845 1329 886 πεδίον
1358 843 1568 898 γενόμενοι
1594 845 1668 888 τόν

221 907 390 962 χάρακα
423 906 644 949 εἰσέδυσαν
669 906 744 948 τόν
764 907 1040 961 ’Λλαμαναῖν,
1071 904 1445 964 ἀφροντιστοῦντες
1477 908 1568 964 ἅμα
1594 914 1668 953 καί

221 972 440 1028 χαίροντες
471 969 574 1014 ὧσεί
599 973 673 1014 καί
701 972 912 1031 προχείρῳ
942 969 1102 1031 ἑρμαίῳ
1134 980 1220 1023 τοῖς
1250 976 1295 1016 ἐν
1323 975 1439 1033 αὐτῷ
1476 976 1662 1028 ἐντευξό-

220 1054 339 1091 μενοι
369 1041 534 1086 πολλοῖς
562 1033 658 1081 οὖσι
689 1040 762 1080 καί
788 1039 986 1093 α’γαθοῖς,
1020 1040 1114 1081 ἐπεὶ
1135 1042 1219 1096 ,καὶ
1260 1039 1512 1095 φιλοκερδὴς
1550 1038 1663 1091 ἅπας

220 1103 445 1159 βάρβαρος,
471 1106 545 1146 καί
561 1102 613 1146 τοὶ
641 1104 769 1146 πλείω
796 1101 826 1159 ἦ
852 1103 925 1146 καί
951 1102 1084 1146 πάντα
1104 1105 1301 1158 πράττων
1327 1107 1420 1148 ἐστὶ
1442 1108 1514 1147 καί
1530 1110 1663 1162 φθεγ-

162 1172 209 1212 15
219 1167 389 1225 γόμενος
419 1168 524 1223 πρός
555 1168 767 1225 α’ργύριον.
823 1167 882 1219 ὥς
913 1170 960 1211 δὲ
986 1171 1031 1211 οἳ
1066 1184 1112 1212 τε
1141 1170 1364 1226 φεύγοντες
1401 1172 1662 1215 ἐπανὲλυσαν

219 1237 292 1277 καί
316 1233 356 1277 οἱ
382 1237 428 1277 ἐν
451 1239 545 1283 ταῖς
572 1239 742 1289 σκηναῖς
767 1236 990 1290 εὐθαρσῶς
1017 1234 1295 1291 ὑπηντίαζον,
1324 1237 1656 1292 περιειλούμενοι

217 1299 259 1342 οἱ
285 1302 457 1357 Πέρσαι
485 1298 560 1355 τήν
585 1298 692 1356 πρὸς
725 1298 908 1343 θάνατον
942 1298 1102 1356 ἤγοντο.
1299 1329 1303 1332 -
1667 1314 1696 1347 D

328 1385 368 1423 7.
425 1367 492 1409 Ου’
520 1365 643 1420 μόνον
671 1362 745 1408 οὖν
786 1369 832 1409 ἐκ
859 1367 943 1408 τῶν
971 1369 1088 1408 δυοῖν
1117 1367 1273 1410 τούτων
1298 1369 1488 1422 πολέμων
1527 1371 1654 1424 φοβε-

216 1432 292 1487 ρὸς
319 1429 340 1473 ὅ
379 1431 458 1488 ῥὴξ
484 1431 659 1486 ἐγεγόνει
697 1430 770 1474 καί
799 1431 914 1487 παρὰ
944 1438 1030 1481 τοῖς
1074 1429 1193 1491 ἑῴοις
1227 1433 1369 1476 ἔθνεσι
1411 1432 1653 1489 διαβόητος,

152 1515 204 1542 20
217 1499 305 1540 ἄλλ’
335 1494 400 1539 ὅτι
428 1500 501 1538 καί
526 1499 617 1538 κατ’
644 1495 747 1539 αὐτὸ
790 1495 835 1539 τὸ
870 1496 1047 1540 Ἰκόνιον
1082 1503 1166 1548 τοῖς
1206 1499 1348 1548 αὐτοῖς
1385 1499 1482 1549 τούς
1521 1498 1653 1554 Τούρ-

215 1580 311 1613 κους
343 1564 562 1616 περιέβαλε
602 1562 964 1617 δυσπραγήμασιν.
1022 1564 1147 1614 αὐτὸς
1182 1567 1261 1618 μὲν
1295 1565 1378 1619 γὰρ
1417 1563 1438 1605 ὅ
1474 1564 1654 1607 σουλτάν

215 1629 275 1678 εἰς
305 1627 354 1671 τὰ
391 1627 560 1683 Τάξαρα
592 1626 880 1682 δραπετεύσας
905 1629 1142 1683 ἀπελογεῖτο
1167 1631 1298 1684 μηδὲν
1326 1631 1482 1672 εἰδέναι
1517 1624 1576 1672 ὧν
1613 1628 1652 1671 οἱ

313 1776 340 1798 ι.
369 1761 601 1808 κιγγλιίριον
623 1762 670 1801 Α,
693 1762 918 1807 γιγγλᾰριον
942 1762 978 1794 B.
1087 1774 1117 1796 2.
1146 1762 1399 1810 προσέμενον]
1429 1763 1587 1808 ἐτήρουν
1611 1766 1651 1797 Δ.

307 1811 340 1844 5.
368 1810 577 1855 στράτευμα
606 1807 741 1842 διελών
766 1806 788 1842 ὃ
811 1806 883 1853 μέν
906 1810 944 1841 Α.
1063 1811 1097 1843 6.
1126 1810 1159 1844 λ.
1182 1808 1261 1855 ἅμα
1288 1809 1581 1856 ὑποφαινομένη
1608 1815 1653 1852 τιῑ

304 1855 354 1889 ἕω
375 1858 415 1889 A.
515 1866 564 1887 12.
590 1854 693 1902 ὦσεὶ]
721 1854 770 1892 αἷς
793 1857 1030 1901 προκειμένω
1053 1858 1092 1888 Α.
1171 1856 1221 1899 14.
1248 1853 1270 1898 ἧ
1294 1856 1335 1890 td
1365 1868 1403 1889 π.
1420 1858 1460 1890 Α.
1519 1860 1571 1892 16.
1586 1867 1651 1891 πε-

306 1900 572 1950 ριειλούμενοι]
591 1903 878 1948 περισχεθέντες
901 1903 942 1939 Α.
1042 1903 1095 1941 ι8.
1115 1898 1199 1950 οὖν]
1226 1905 1323 1948 γοῦν
1347 1904 1387 1936 Α.

212 2020 462 2055 Philomelium
488 2022 617 2054 evertit
653 2025 762 2066 atque
799 2021 971 2054 incendit.
1005 2021 1150 2054 eosdem
1182 2021 1289 2054 etiam
1327 2021 1373 2054 ad
1405 2022 1649 2067 CIngularium

211 2068 310 2102 vicit.
335 2079 414 2100 cum
440 2068 535 2100 enim
559 2067 732 2112 angustiis
757 2069 940 2113 occupatis
958 2068 1235 2101 Alemannorum
1259 2069 1450 2102 transitum
1479 2069 1650 2103 observa-

212 2120 311 2155 rent,
337 2114 400 2147 ille
428 2114 580 2147 consilio
604 2114 763 2147 hostium
788 2115 973 2148 intellecto
999 2120 1113 2148 castra
1137 2116 1175 2147 iu
1200 2126 1324 2160 campo
1348 2116 1494 2160 posuit3
1519 2122 1557 2149 et
1587 2129 1648 2149 co-

210 2161 281 2205 piis
307 2161 380 2194 suis
411 2166 520 2194 noctu
547 2160 714 2193 bifariam
746 2161 894 2202 divisis,
936 2173 1043 2194 unam
1069 2167 1206 2206 partem
1242 2162 1280 2194 in
1310 2163 1475 2195 tentoriis
1501 2174 1647 2196 manere

209 2208 339 2249 iussit,
364 2208 513 2240 alteram
543 2207 704 2240 diluculo
729 2208 812 2252 fuga
838 2208 1004 2241 simulata
1035 2208 1129 2241 viam
1164 2205 1271 2241 aliam
1306 2208 1485 2242 insistere.
1520 2210 1647 2243 Persae

209 2259 330 2287 autem
358 2253 481 2287 dolum
506 2265 587 2287 eum
611 2265 683 2287 rem
710 2266 829 2287 veram
855 2265 931 2288 esse
955 2256 1046 2295 rati,
1075 2255 1165 2288 laeti
1203 2266 1246 2287 ex
1271 2256 1443 2298 angustiis
1471 2257 1510 2290 in
1543 2268 1647 2302 aper-

209 2306 284 2334 tum
315 2312 477 2345 campum
506 2301 607 2334 effusi
643 2301 776 2334 vallum
807 2302 1085 2335 Alemannorum
1123 2302 1347 2346 irrumpunt,
1382 2302 1490 2335 simul
1523 2308 1560 2336 et
1589 2314 1647 2335 se-

210 2348 286 2379 curi
312 2353 347 2380 et
374 2348 486 2387 laeti,
517 2353 559 2380 ut
587 2354 746 2392 paratam
777 2348 969 2393 praedam,
1007 2359 1149 2392 magnas
1185 2359 1270 2392 opes
1303 2348 1490 2393 direpturi.
1530 2350 1646 2381 omnis

210 2393 306 2426 enim
332 2393 505 2426 barbarus
538 2406 663 2427 avarus
700 2400 774 2435 est,
815 2401 852 2428 et
878 2395 1052 2440 pecuniae
1085 2406 1190 2428 causa
1215 2396 1410 2439 pleraque,
1446 2407 1492 2428 ne
1528 2395 1644 2428 dicam

210 2440 354 2481 omnia,
382 2446 418 2472 et
445 2440 535 2473 dicit
561 2446 596 2473 et
621 2441 717 2474 facit.
744 2447 785 2474 ut
806 2452 889 2474 vero
915 2447 951 2474 et
976 2442 1039 2486 qui
1064 2442 1230 2486 fugerant
1256 2452 1293 2474 se
1318 2447 1581 2482 converterunt,
1607 2447 1645 2474 et

210 2485 274 2529 qui
298 2486 336 2518 in
361 2487 484 2520 castris
513 2492 614 2520 erant
638 2488 860 2522 confidenter
884 2494 1135 2528 occurrerunt,
1163 2489 1289 2521 Persae
1317 2488 1549 2521 circumventi
1581 2498 1644 2520 oc-

210 2530 431 2564 cidebantur.

303 2589 334 2622 7.
383 2578 509 2622 Neque
537 2591 619 2612 vero
649 2591 691 2612 ex
716 2579 772 2613 his
799 2579 939 2613 duobus
969 2579 1145 2613 duntaxat
1168 2581 1314 2624 praeliis
1340 2591 1401 2612 rex
1430 2578 1643 2612 formidabi-

209 2623 255 2655 lis
279 2624 391 2656 euasit
416 2629 453 2656 et
480 2626 574 2669 apud
598 2626 801 2659 Orientales
827 2632 962 2670 gentes.
978 2626 1152 2667 celebris,
1178 2626 1242 2659 sed
1270 2638 1313 2659 ex
1339 2637 1380 2659 eo
1408 2626 1514 2658 etiarn
1544 2625 1642 2669 quod

210 2670 346 2702 'Furcos
371 2669 415 2701 ad
440 2671 555 2714 ipsum
584 2673 746 2705 Iconium
771 2674 898 2706 iisdem
927 2673 1090 2705 cladibus
1119 2673 1246 2705 alsecit.
1280 2683 1362 2705 nam
1391 2672 1467 2715 ipse
1493 2671 1640 2715 quidem

210 2715 377 2749 Sultanus
405 2715 449 2748 ad
475 2717 613 2751 Taxara
645 2719 814 2764 profugus
854 2720 1116 2763 ignorationem
1153 2719 1345 2752 excusabat
1386 2728 1507 2751 eorum
1546 2729 1639 2763 quae
