1878 3230
694 177 830 219 Unsss
868 177 1057 219 CAPTA.
1463 161 1574 218 833

154 288 320 328 ρονται·
381 268 506 328 ᾤοντο
536 271 616 326 γὰρ
646 271 702 321 ὥς
727 275 1124 328 συμπαραμενοῧσιν
1151 276 1283 317 ἐκεῖθι
1306 275 1380 319 καί
1405 277 1478 320 τὸν
1506 295 1577 320 κα·
1590 289 1705 326 v.333

153 339 207 382 τοὶ
228 339 404 381 Σκυθῶν
431 338 571 391 ἀγῶνα
598 338 943 398 ἕπαποδύσονται.
998 340 1090 380 ἀλλ’
1119 337 1158 381 οἱ
1185 343 1264 393 μὲν
1291 341 1389 396 περὶ
1412 341 1579 398 πρώτην

153 403 346 459 φυλακὴν
371 406 444 457 τῆς
475 400 618 451 νυκτὸς
657 403 816 444 ἐκεῖθεν
853 404 1150 456 μεθίστανται,
1175 409 1321 447 λαθεῖν
1346 406 1444 456 τούς
1471 407 1579 449 Σκύ-

150 472 235 518 θας
260 470 334 510 καί
359 471 582 522 παρελθεῖν
607 466 792 522 σπουδὴν
818 471 1052 520 τιθέμενοι,
1083 465 1159 510 κᾶν
1180 471 1370 520 ἐξέπεσον
1398 474 1480 513 τῶν
1506 490 1580 514 κα-

115 532 204 581 5τά
231 531 408 586 σκοπόν,
437 533 612 573 Σκυθῶν
639 529 797 586 ἑτέραις
822 534 992 586 μοίραις
1018 534 1324 588 προελασάσαις
1351 536 1579 591 ἐγκύρσαν-

151 614 217 647 τες
244 604 332 640 κατ’
365 597 466 640 αὕτὸ
495 595 540 638 τὸ
566 595 758 652 “Ρη’γιον,
797 596 871 638 καί
895 596 1044 647 πάντες
1074 597 1130 647 ὥς
1157 598 1228 640 διὰ
1255 603 1434 654 βραχέος
1459 603 1502 651 ἐς
1529 601 1575 643 τό

154 663 228 716 ζῆν
263 661 612 710 κινδυνεύσαντες.
680 659 718 702 οἱ
748 662 793 702 δὲ
822 661 988 703 Σκύθαι
1015 661 1118 715 μετὰ
1150 663 1224 718 τὴν
1250 668 1449 707 Λατίνων
1476 669 1710 711 α’πο-Ρ.406

150 727 340 782 νόστησιν
365 724 448 768 ὑπὸ
476 727 560 768 τῶν
585 724 638 768 τὰ
665 726 864 780 χρήματα
898 728 1178 781 συλλεγόντων
1203 728 1409 783 ὁμογενῶν
1439 731 1578 790 λάθρᾳ

150 793 248 845 περί
277 792 409 844 μέσας
449 791 598 845 νύκτας
636 789 707 831 διὰ
734 793 813 832 τοῦ
856 793 1021 844 τείχους
1062 794 1351 847 α’νιμηθέντες,
1395 795 1467 836 καί
1495 799 1580 837 τῶν

89 870 136 897 ιο
150 857 290 896 πυλῶν
317 857 526 911 ἐγκρατεῖς
552 853 788 909 γενόμενοι,
825 854 876 898 τὰ
905 850 1004 911 ξίζοη
1031 855 1291 910 σπασάμενοι
1319 858 1398 900 συν
1425 859 1580 900 ἀλαλα-

145 923 200 977 γῇ
219 922 430 978 ,φρικαλέα
455 925 540 969 τοῖς
557 922 760 969 πλείστοις
780 919 844 962 ἔτι
862 920 1262 976 καταδαρθάνουσιν
1286 924 1578 966 ἐπεισπίπτου-

145 1002 237 1038 σιν,
271 984 338 1028 ὅτε
378 984 436 1040 μὴ
480 987 703 1039 διαδρᾶναι
743 985 889 1042 ῥᾴδιον
915 981 991 1040 ἦν.-
1045 988 1204 1040 γίνεται
1231 982 1308 1030 οὖν
1330 990 1403 1043 τῆς
1433 989 1581 1039 νυκτὸς

146 1051 300 1106 ἐκείνης
328 1049 449 1106 ἔργον
491 1052 644 1105 χρῇζον
675 1051 869 1104 δακρύων
910 1049 1012 1092 κατὰ
1047 1051 1255 1104 ποταμοὺς
1277 1050 1457 1108 ῥεόντων
1485 1055 1578 1096 α’ἐν-

144 1131 247 1158 ναα·
304 1116 355 1157 οὗ
381 1115 461 1170 γὰρ
492 1114 621 1169 μόνον
641 1111 813 1171 ἅρρενές
847 1132 893 1158 τε
921 1117 994 1158 καί
1017 1117 1185 1172 θήλειαι
1212 1120 1335 1160 τοῦτο
1363 1121 1441 1171 μὲν
1478 1121 1578 1177 ἀνῃ-

85 1183 132 1225 15
146 1183 330 1237 ρέθησαν
369 1183 489 1223 τοῦτο
533 1182 578 1223 δὲ
616 1183 871 1236 ἀπήχθησαν
916 1182 1196 1236 δορυάλωτοι,
1239 1183 1329 1225 ἀλλ’
1383 1185 1480 1226 ου’δὲ
1524 1183 1578 1225 τὰ

144 1244 430 1299 ’ὖπομαστίδια
470 1247 550 1287 τῶν
590 1247 752 1288 παίδων
789 1248 863 1287 τοῦ
892 1249 1023 1287 κακοῦ
1062 1247 1192 1303 ἐφάνη
1230 1248 1444 1303 οἷνώτερα,
1485 1251 1578 1290 ἀλλ’

144 1311 405 1366 ἄπεθερίσθη
445 1311 519 1353 καί
553 1314 686 1353 ταῦτα
728 1310 831 1352 κατιὶ
880 1309 1011 1366 χλόην
1050 1312 1122 1353 καί
1147 1308 1274 1363 ἄνθος
1311 1310 1577 1369 εὖμάραντον

142 1374 224 1417 ὖπὸ
253 1378 338 1418 ταῖν
365 1375 468 1434 ἐλέῳ
499 1376 724 1419 α’ναλιότων
754 1377 918 1418 ἐκείνων
954 1378 1136 1430 α’νδρῶν,
1175 1378 1246 1419 καί
1271 1380 1484 1432 μηδαμῶς
1514 1381 1572 1420 εἰ·
1590 1387 1613 1419 Β

143 1438 273 1483 δότων
312 1441 370 1490 αἷς
394 1442 536 1482 ἀδικεῖ
557 1441 634 1495 τὴν
663 1441 790 1496 φύσιν
814 1443 886 1482 καί
907 1441 1065 1494 θεσμὸν
1107 1444 1258 1484 α’θετεῖ
1290 1441 1363 1484 τὸν
1408 1442 1575 1496 ἀνθρώ.

79 1523 130 1550 20
142 1522 259 1548 πινον
299 1505 322 1547 ὅ
367 1508 599 1562 περαιτέρω
627 1509 698 1561 τῆς
727 1506 840 1561 νίκης
879 1509 952 1547 καί
978 1508 1051 1547 τοῦ
1079 1514 1243 1559 κρατεῖν
1270 1510 1352 1549 τῶν
1381 1508 1578 1549 ἐναντίων

140 1574 266 1628 θυμῷ
286 1571 514 1626 χριόμενος.
567 1569 614 1612 τὸ
646 1573 692 1613 δὲ
722 1569 771 1624 δὴ
805 1572 990 1622 μείζονος
1027 1573 1204 1620 πένθους
1243 1567 1386 1625 ἄξιον,
1423 1587 1577 1626 προκα-

140 1637 381 1691 τειληφότες
423 1635 461 1678 οἱ
489 1632 690 1678 ἄσπονδοι
717 1635 793 1685 τὰς
821 1633 946 1691 ᾐόνας
976 1635 1075 1684 τούς
1112 1638 1174 1677 ἐπ’
1225 1633 1361 1685 αὕτιὶς
1396 1640 1575 1691 συνδρα-

138 1702 293 1755 μόντας
337 1700 410 1750 οὕς
447 1704 526 1754 μὲν
555 1702 776 1755 διήλαυνον
816 1702 1004 1757 ξίφεσιν,
1051 1700 1125 1750 οὕς
1152 1704 1199 1743 δὲ
1226 1703 1386 1756 α’πῆγου
1417 1702 1572 1756 ὀπίσω,

140 1765 214 1816 οὒς
243 1769 292 1808 δὲ
317 1767 422 1808 κατὰ
450 1766 586 1821 βυθὸν
615 1764 842 1822 ἠνάγκαζον
871 1769 1078 1822 φέρεσθαι
1106 1770 1178 1809 καί
1203 1774 1287 1815 τοῖς
1304 1765 1453 1809 ὕδασιν
1480 1770 1573 1809 ἐνα-

76 1831 128 1873 25
144 1830 394 1875 πόλλυσθαι.
469 1836 644 1890 βραχεῖς
672 1834 718 1874 δὲ
746 1834 817 1874 καί
846 1833 1021 1887 σκαφῶν
1041 1831 1263 1887 λαβόμενοι
1289 1832 1568 1888 διεσώθησαν.

232 1940 289 1984 24.
312 1937 456 1983 ssvsofi?

138 2027 279 2072 vesperi
312 2027 438 2060 urbem
473 2026 648 2070 ingressos
671 2025 842 2069 Athyrani
883 2025 1040 2059 libenter
1064 2030 1101 2060 et
1126 2025 1272 2059 minime
1295 2028 1464 2071 gravatim
1487 2038 1567 2062 sus-

139 2078 334 2118 ceperunt:
365 2072 542 2117 putabant
577 2073 671 2104 enim
709 2083 770 2104 eos
795 2073 872 2104 illic
896 2084 1078 2105 mansuros
1108 2079 1144 2107 et
1167 2085 1246 2106 cum
1270 2073 1408 2117 Scythis
1431 2086 1568 2119 pugna-

138 2125 250 2154 turos.
278 2119 341 2152 sed
368 2119 424 2151 illi
449 2119 514 2151 sub
539 2119 689 2164 primam
717 2120 833 2152 noctis
857 2119 1015 2162 vigiliam
1038 2119 1123 2152 inde
1138 2119 1345 2161 discedunt,
1371 2131 1478 2165 opera
1504 2121 1568 2154 da-

137 2172 175 2199 ta
199 2172 240 2199 ut
264 2165 411 2209 Scythas
435 2166 524 2198 clam
547 2166 809 2210 praeterirent3
842 2166 910 2197 etsi
933 2176 996 2210 spe
1036 2177 1099 2198 sua
1123 2167 1302 2207 frustrati,
1329 2167 1427 2200 iuxta
1449 2168 1567 2212 ipsum

139 2212 312 2256 Rhegium
343 2213 382 2245 in
406 2212 617 2255 Scytharum
654 2211 815 2244 cohortes
851 2217 1070 2256 antegressas
1111 2213 1248 2257 delapsi
1290 2224 1410 2246 omnes
1440 2215 1565 2258 exiguo

139 2265 319 2292 momento
342 2259 538 2303 perierunt.
564 2257 716 2301 Scythae
740 2269 823 2291 vero
854 2264 938 2302 post
961 2259 1167 2292 Latinorum
1196 2259 1389 2292 discessum
1407 2271 1427 2292 a
1450 2271 1568 2305 popu-

138 2305 274 2338 laribus
301 2306 373 2338 suis
396 2305 571 2350 pecuniae
596 2304 819 2337 exactoribus
844 2306 934 2337 clam
959 2306 1051 2338 circa
1075 2305 1229 2352 mediam
1255 2311 1395 2338 noctem
1419 2307 1566 2339 funibus

137 2362 203 2396 per
216 2363 333 2386 muros
355 2352 508 2392 attracti,
524 2356 560 2384 et
582 2351 694 2395 portis
717 2351 835 2395 potiti,
860 2362 939 2383 cum
954 2351 1121 2384 horribili
1140 2353 1291 2385 clamore
1316 2353 1446 2385 strictis
1472 2354 1567 2385 ensi-

138 2397 206 2429 bus
231 2399 269 2430 in
290 2398 482 2443 plerosque
521 2397 637 2430 adhuc
659 2397 900 2438 dormientes,
934 2409 1013 2431 cum
1041 2398 1123 2442 fuga
1147 2400 1293 2431 minime
1318 2399 1486 2443 expedita
1511 2409 1567 2430 es-

139 2448 195 2475 set
211 2467 220 2483 ,
245 2444 395 2477 irruunt.
422 2455 464 2476 ea
487 2445 595 2488 igitur
618 2450 723 2476 nocte
751 2444 889 2476 facinus
932 2444 1074 2486 editur,
1098 2445 1198 2490 quod
1220 2444 1380 2477 lacrimas
1405 2444 1568 2489 postulat

138 2490 253 2522 instar
284 2491 495 2534 perennium
532 2491 688 2523 amnium
717 2496 980 2534 promanantes.
1011 2502 1079 2524 nec
1110 2493 1203 2524 enim
1241 2491 1308 2523 viri
1340 2496 1375 2523 et
1410 2491 1566 2522 feminae

141 2535 317 2568 duntaxat
350 2537 477 2580 partim
511 2537 618 2570 occisi
643 2537 774 2581 partim
807 2537 846 2569 in
875 2538 1080 2570 servitutem
1109 2538 1257 2570 abducti
1282 2541 1381 2575 sunt,
1409 2536 1473 2567 sed
1498 2546 1566 2568 nec

140 2582 315 2614 lactentes
338 2582 508 2615 infantuli
534 2583 608 2615 eius
630 2583 717 2615 mali
742 2588 903 2627 expertes
929 2584 1094 2616 fuerunt:
1122 2584 1184 2616 sed
1210 2583 1247 2614 hi
1265 2592 1412 2626 quoque
1436 2587 1474 2614 ut
1498 2582 1565 2613 im-

139 2628 271 2660 maturi
299 2632 336 2660 et
358 2628 486 2660 tenelli
503 2628 640 2661 flosculi
667 2630 711 2662 ab
736 2630 1077 2662 immisericordibus
1102 2630 1175 2662 illis
1201 2629 1296 2667 viris,
1318 2627 1564 2671 ignorantibus

139 2679 288 2707 naturae
328 2673 496 2707 iniuriam
533 2675 611 2707 fieri
644 2680 680 2708 et
703 2675 934 2708 humanitatis
962 2677 1018 2708 ius
1044 2676 1088 2708 ab
1111 2686 1153 2707 eo
1177 2673 1304 2706 violari
1333 2674 1395 2718 qui
1423 2674 1564 2705 iracun-

141 2720 223 2753 diae
247 2720 341 2753 ultra
372 2720 557 2753 victoriam
591 2721 795 2765 indulgeat,
828 2722 1032 2754 obtruncati
1069 2727 1159 2754 sunt.
1186 2726 1221 2752 et
1245 2718 1341 2763 quod
1367 2722 1476 2764 magis
1500 2719 1562 2753 de-

207 2790 353 2824 Nicecas
375 2788 580 2824 Choniates.
1272 2789 1314 2822 53
