1878 3230
302 199 411 273 724
724 213 953 256 NICETAE
991 213 1301 257 cnoum'ma

295 330 381 372 τρῳ
422 315 583 355 παίδων
622 313 882 365 μαλαχθείς,
908 311 969 367 μή
1013 311 1208 367 γυναικὸς
1235 310 1360 367 ἔρωτι
1392 315 1642 369 δαμασθείς,
1669 314 1728 370 μὴ

285 379 516 435 ’τηλικαύτῃ
556 377 675 419 πόλει
706 380 1006 430 μαλακισθείς,
1048 379 1156 433 μηδέ
1183 394 1222 420 τι
1270 380 1353 421 τῶν
1385 375 1521 422 ἄλλων
1547 382 1605 431 εἷς
1633 383 1732 424 νοῦν

294 441 544 498 βαλόμενος,
589 444 827 500 φιλοψυχία
866 444 913 485 δὲ
946 445 1019 484 καί
1055 444 1294 501 δειλανδρίᾳ
1339 445 1547 499 σωτηρίαν
1573 443 1731 504 ἑαυτῷ,

299 510 372 551 καί
398 506 551 562 ταύτην
582 506 831 563 ἀμφίβολον,
876 509 1027 562 χωρῶν
1055 507 1127 549 καί
1148 506 1307 550 πόλεων
1334 510 1542 551 τοσούτων
1569 511 1642 551 καί
1661 513 1732 565 γε’.

293 585 390 622 νους
419 571 571 623 παντὸς
600 569 897 625 ἀλλαξάμενος.
940 571 1159 626 ἐβασίλευε
1186 575 1264 626 μὲν
1295 568 1369 619 οὖν
1391 574 1607 624 ἐνιαυτοὺς
1626 574 1768 624 baneas

300 641 372 680 καί
397 640 530 693 μῆνας
557 644 670 692 τρεῖς
697 637 771 679 καί
807 637 967 693 ἡμέρας
995 638 1121 691 δέκα,
1148 634 1200 693 ἦν
1227 641 1275 680 δὲ
1303 636 1354 681 τά
1383 641 1461 692 μὲν
1488 641 1531 689 ἐς
1554 640 1756 693 πόλεμον·

255 704 434 752 (Ξὸποῖος
474 702 637 759 εἴρηται
655 735 667 756 ‚
715 705 815 744 ου’δὲ
841 701 894 745 τὰ
925 700 1030 758 πρὸς
1069 703 1208 759 κοινὴν
1235 703 1437 759 διοίκησιν
1465 704 1737 759 α’πεξεσμένος

293 769 583 822 παντάπασιν,
626 768 694 810 ἵνα
721 767 779 824 μὴ
826 770 985 823 λέγοιμι
1019 767 1075 817 ὥς
1098 770 1299 818 ἐξέκλινεν
1324 771 1384 819 εἷς
1411 769 1459 811 τὸ
1486 769 1618 828 πάντῃ
1647 770 1737 813 ὄλί-

293 849 443 889 γωρον.
509 833 560 876 τὰ
589 836 625 875 δ’
662 828 769 875 ἄλλα
812 834 888 876 οὐκ
923 829 975 889 ἦν
1003 849 1067 883 τις
1106 833 1366 889 α’πόβλητος,
1405 836 1573 890 χαρίεις
1612 837 1659 878 δὲ
1686 831 1732 877 τό

291 895 418 954 ἦθος,
447 895 589 954 εὖῆλιξ
620 900 693 941 καί
721 893 879 953 ὄρθιος.
931 903 1055 942 πλέον
1079 899 1125 941 δὲ
1156 899 1319 941 πάντων
1346 902 1405 957 τῷ
1430 899 1625 958 μειλιχίῳ
1654 902 1734 942 τοῦ
1754 915 1800 941 ιο

290 961 424 1019 ἤθους
451 966 671 1017 ἐκέκαστο,
698 962 757 1018 μή
784 962 1069 1018 δυσπρόσοδος
1099 960 1182 1016 ὤν,
1212 960 1307 1006 οὔτε
1336 964 1422 1020 μην
1449 963 1738 1019 ὖποσκυζομέ.

293 1046 350 1087 νῳ
379 1029 588 1087 προσώπῳ
616 1029 688 1071 καί
716 1027 1084 1085 ὖπεροφρυιὶζοντι
1124 1031 1331 1083 βλέμματι
1360 1029 1568 1084 ἐκκρούων
1593 1033 1665 1073 καί
1688 1030 1734 1073 τό

287 1094 361 1135 ὑπ’
392 1094 541 1136 ὀδόντα
559 1094 718 1149 γρῦξαί
729 1110 843 1148 τινα,
872 1097 961 1136 ἀλλ’
979 1090 1030 1150 ἧν
1059 1097 1137 1136 τοῦ
1163 1097 1416 1148 βουλομένου
1435 1094 1587 1146 παντός
1604 1112 1738 1151 προσ-

287 1163 425 1201 ελθεῖν
456 1163 598 1217 ἐκείνῳ
631 1162 705 1202 καί
744 1161 974 1214 δεηθῆναι,
1013 1161 1184 1214 ἐνιαχοῦ
1226 1161 1272 1202 δὲ
1304 1163 1375 1202 καί
1418 1158 1520 1216 πρὸς
1558 1158 1737 1217 ἀντιφά-

289 1240 376 1274 σεις
401 1231 556 1279 χωρεῖν
585 1226 666 1278 οὐχ
699 1224 1033 1282 ὖποστελλομένῃ
1064 1228 1197 1282 φωνῇ.
1254 1227 1328 1267 καί
1349 1223 1450 1275 τούς
1475 1223 1800 1281 έπαλλὴλουςιό

291 1288 516 1343 διαβόλους
555 1289 628 1331 καί
658 1288 756 1338 τούς
802 1289 981 1339 κόλακας
1008 1292 1210 1345 λαμπραῖς
1238 1292 1494 1346 περιίστατο.
1548 1290 1657 1344 ἔχων
1685 1293 1733 1334 δὲ

289 1354 366 1410 τὴν
395 1354 633 1410 συνείδησιν
661 1352 900 1409 βάλλουσαν
925 1357 995 1412 ἐφ’
1023 1352 1084 1404 οἷς
1113 1354 1322 1410 η’νόμησεν
1350 1358 1410 1405 εἰς
1426 1354 1499 1398 τὸν
1529 1352 1729 1412 ἀδελφόν,

247 1421 334 1467 1)τὸ
366 1419 505 1475 χρεών
546 1422 699 1462 ἐδεδίει
738 1420 811 1462 καί
848 1419 924 1475 τὴν
952 1421 1090 1463 πάντα
1130 1424 1462 1475 περισκοποῦσαν
1486 1420 1537 1464 τὰ
1567 1422 1737 1476 θνητῶν

291 1486 518 1540 πράγματα
558 1487 676 1541 δίκην
721 1487 917 1542 διηνεκῶς
939 1486 1215 1539 ὑπεβλέπετο,
1245 1484 1346 1528 ὅθεν
1377 1485 1601 1535 κατανύξει
1630 1503 1733 1542 καρ-

288 1553 383 1600 δίας
417 1553 658 1606 συνείχετο,
703 1551 775 1593 καί
814 1550 979 1600 δεικνὺς
1019 1552 1204 1606 ἄκηδιῶν
1243 1553 1408 1604 πνεῦμα
1454 1546 1557 1607 ἦλυέ
1585 1567 1629 1593 τε
1658 1550 1734 1594 καὶ
1747 1569 1798 1595 20

289 1615 519 1672 ἐδυσφόρει
556 1619 630 1659 καί
651 1612 821 1672 ἤχθετο.
892 1618 931 1658 εἰ
956 1618 1003 1658 δὲ
1036 1618 1143 1670 μέγα
1172 1616 1246 1658 καί
1274 1619 1517 1669 βασιλεῦσιν
1548 1618 1728 1670 ἐργῶδες

151 1689 276 1736 V.9.90
290 1682 335 1733 τι)
370 1681 428 1735 per)
463 1683 546 1723 τῶν
584 1680 806 1736 α’σταχύων
845 1683 1055 1735 ἐκτέμνειν
1085 1680 1183 1730 τούς
1211 1679 1491 1737 ὑπερέχοντας
1514 1684 1623 1737 μηδὲ
1651 1685 1732 1737 θη-

289 1749 453 1800 ριωδῶς
480 1749 674 1802 ἑμπηδᾶν
719 1754 804 1797 τοῖς
839 1749 1191 1803 παραλυπῆσασι,
1236 1747 1308 1789 καὶ
1328 1751 1456 1790 τοῦτο
1489 1752 1731 1804 προσπλου-

289 1815 441 1854 tofina
487 1812 555 1869 ἴδῃ
582 1829 644 1861 τις
692 1810 744 1854 ἂν
784 1812 856 1855 τὸν
895 1813 1103 1864 Ἀλέξων·
1168 1813 1268 1854 ου’δὲ
1308 1812 1390 1868 γὰρ
1418 1813 1520 1868 πρὸς
1551 1817 1727 1870 φυτείαν

287 1875 462 1927 σκότους
493 1877 745 1934 ὀφθαλμούς
766 1877 1078 1932 έπαττάλευσεν,
1109 1873 1208 1921 οῦδὲ
1239 1880 1401 1921 κλαδαῖν
1428 1874 1479 1934 ἦν
1508 1878 1566 1928 ὥς
1594 1879 1728 1933 ἆμπέ-
1741 1883 1795 1925 25

382 1996 417 2030 9.
441 1985 588 2030 χαρίεις
613 2003 660 2011 —-
685 1982 816 2032 ὄρθιος
845 1995 903 2018 om
930 1985 970 2018 Aa

291 2084 498 2125 emollitus,
523 2096 596 2119 non
622 2097 742 2120 amore
770 2086 931 2131 coniugis
957 2085 1137 2128 subactus,
1163 2098 1237 2120 non
1263 2091 1382 2121 tantae
1408 2085 1507 2120 urbis
1531 2084 1732 2119 miseratio-

289 2142 336 2164 ne
364 2131 508 2172 fractus,
538 2131 583 2165 de
607 2134 728 2177 generi
751 2134 846 2167 vitae
874 2133 1071 2178 cupiditate
1087 2159 1096 2174 ,
1122 2133 1272 2167 salutem
1301 2145 1417 2174 suam,
1443 2143 1590 2178 eamque
1615 2132 1732 2164 ambi-

291 2189 416 2221 guam,
455 2183 511 2211 tot
543 2178 721 2221 urbibus,
756 2185 814 2213 tot
831 2180 1025 2224 provinciis
1051 2185 1201 2225 totaque
1238 2192 1299 2213 sua
1331 2180 1466 2212 familia
1489 2178 1731 2212 commutavit.

290 2224 481 2268 imperavit
497 2235 608 2258 annos
622 2226 718 2267 VIII,
733 2227 785 2259 111
808 2237 959 2267 meuses,
990 2232 1026 2259 et
1050 2227 1126 2260 dies
1142 2226 1183 2259 X.
1213 2227 1251 2260 in
1278 2237 1315 2259 re
1345 2226 1474 2258 bellica
1501 2225 1584 2258 talis
1609 2225 1676 2257 suit
1692 2230 1732 2258 ut

291 2269 427 2302 dictum
452 2275 526 2310 est,
556 2283 622 2304 nee
648 2272 694 2305 ad
722 2272 842 2306 civilia
875 2273 995 2306 munia
1017 2273 1100 2306 satis
1125 2279 1251 2318 aptus,
1277 2284 1322 2305 ne
1349 2273 1461 2304 dicam
1485 2271 1593 2316 plane
1618 2271 1731 2303 fuisse

289 2317 551 2360 negligentem3
584 2324 724 2351 caetera
737 2330 811 2352 non
828 2317 1086 2364 aspernandus,
1111 2319 1300 2352 clementia
1329 2324 1364 2350 et
1390 2318 1540 2351 lenitate
1566 2316 1732 2350 omnibus

292 2363 473 2407 superior,
498 2363 598 2396 aditu
619 2364 736 2398 facilis
751 2389 761 2406 ‚
783 2377 856 2399 non
895 2366 1085 2398 severitate
1110 2366 1250 2406 vultus,
1276 2376 1347 2397 non
1377 2370 1512 2397 arrecto
1537 2363 1731 2408 supercilio

293 2419 499 2454 quenquam
523 2421 542 2441 a
567 2421 631 2443 suo
656 2411 817 2456 alloquio
844 2411 1059 2445 deterrebat.
1083 2411 1194 2444 cuivis
1221 2422 1300 2444 eum
1323 2409 1423 2443 adire
1454 2416 1490 2443 et
1514 2421 1615 2443 orare
1642 2410 1733 2442 lice-

292 2456 374 2497 bat3
398 2455 593 2499 aliquando
620 2457 727 2489 etiam
750 2469 823 2490 non
860 2458 1032 2491 submissa
1059 2469 1144 2491 voce
1169 2457 1225 2490 illi
1252 2457 1433 2501 refragari.
1459 2456 1732 2490 calumniatores

295 2508 332 2535 et
356 2501 560 2535 adulatores
584 2502 794 2548 frequentes
820 2505 952 2536 circum
978 2515 1014 2536 se
1043 2503 1213 2537 habebat.
1237 2502 1301 2536 sed
1326 2515 1403 2536 cum
1431 2503 1575 2537 sceleris
1599 2503 1637 2535 in
1661 2503 1732 2535 sra-

294 2555 385 2582 trem
409 2547 555 2582 admissi
592 2549 812 2582 conscientia
845 2550 1110 2594 flagellaretur,
1144 2549 1255 2582 satum
1280 2550 1433 2583 timebat
1464 2556 1500 2583 et
1538 2549 1732 2582 vindictam

295 2606 419 2628 omnes
449 2605 502 2627 res
531 2595 702 2628 humanas
720 2596 995 2641 pei-lustrantem
1011 2602 1185 2640 perpetuo
1214 2596 1480 2631 reformidabat.
1506 2596 1630 2640 itaque
1653 2595 1733 2627 ani-

296 2654 353 2675 mo
379 2641 592 2685 angebatur,
629 2647 726 2675 metu
751 2642 997 2676 sollicitudine
1035 2642 1260 2687 poenitentia
1283 2649 1460 2676 aestuans.
1487 2642 1617 2687 quodsi
1639 2641 1732 2685 regi-

297 2688 364 2721 bus
391 2699 555 2732 magnum
579 2693 633 2722 est
657 2700 697 2721 ac
722 2688 863 2721 difficile
901 2689 1016 2733 spicas
1043 2689 1239 2722 eminentes
1264 2701 1336 2722 non
1362 2689 1552 2729 decutere,
1574 2699 1640 2721 uec
1663 2687 1730 2720 iru-

297 2735 449 2768 maniter
487 2746 547 2768 eos
584 2741 809 2779 prosternere
846 2747 866 2768 a
900 2735 1031 2780 quibus
1065 2735 1189 2768 offensi
1225 2736 1381 2776 fuerint,
1418 2737 1524 2769 etiam
1552 2746 1593 2768 ea
1622 2733 1730 2766 laude

299 2780 494 2815 abundavit
528 2780 685 2815 Alexius.
725 2792 846 2827 neque
887 2783 981 2815 enim
1006 2782 1063 2817 vel
1097 2782 1220 2815 oculos
1252 2781 1448 2816 effodiebat
1481 2781 1539 2814 vel
1572 2780 1732 2821 membra
