1878 3230
489 181 711 224 ALExms
750 181 1019 223 mmmm
1059 180 1296 224 coMNENx
1339 180 1384 221 r.
1529 162 1640 218 335

211 299 285 327 σαι
296 315 310 336 ‚
338 280 365 338 ἢ
392 284 500 338 φυῆς
534 281 726 334 σώματος
763 280 1053 335 γενναιοτάτης
1089 278 1117 336 ἢ
1157 276 1271 335 ὥρας
1294 278 1546 336 ἶκανωτάτης
1569 296 1644 333 με·

212 352 436 402 ταλαχεΐν,
474 341 500 402 ἦ
531 362 571 388 τι
599 349 740 402 ἕτερον
777 348 922 401 φέρειν
960 345 1177 388 ἐπαινετόν
1187 378 1200 398 ,
1228 346 1447 397 ὖποκνίζον
1465 345 1646 400 Ἀνδρό-

210 430 323 459 νικον
364 410 457 455 οὔδ’
484 410 648 466 α’γαθὰς
683 411 823 468 ἐκείνῳ
852 409 930 459 τὰς
958 412 1128 460 ἐλπίδας
1166 409 1424 464 ὖποβάλλον,
1451 408 1533 453 εἴτε
1561 410 1646 466 μὴν

212 481 396 528 παλαιᾶς
438 478 710 533 μικρολυπιάς
758 475 975 531 ὖποτῦφον
1016 473 1267 530 ἐμπύρευμα
1306 477 1380 516 καί
1413 479 1646 531 φρυκτεῦον

175 544 318 588 5κατά
347 542 486 599 βραχὺ
516 540 562 582 τὸ
591 539 734 596 πρώην
759 538 935 594 λεληθὸς
961 539 1033 581 καί
1064 540 1364 593 σποδιούμενον
1383 541 1459 582 τοῦ
1483 542 1645 594 θυμοῦ.

210 605 262 665 ἦν
288 609 428 652 τοίνυν
473 606 722 653 ἀνύποιστος
749 604 775 659 ἦ
808 607 889 645 τοῦ
929 603 1022 647 τότε
1051 607 1201 658 καιροῦ
1226 605 1363 660 φορά,
1392 607 1465 647 καί
1487 605 1515 661 ἦ
1542 605 1648 661 πρὸς

212 674 417 731 ἀλλήλους
458 674 529 714 καί
563 672 645 713 ταῖν
690 669 798 711 πάνυ
834 669 1129 724 γνησιωτιὶτων
1176 671 1259 710 ου’κ·
1296 672 1489 729 ειῖπιστία
1523 670 1692 715 κακὸνΡ.
1711 683 1771 729 167

212 739 422 796 ἀφόρητον
445 733 507 792 ἧν.
537 735 588 776 οὐ
613 733 693 790 γάρ
720 732 844 787 μόνον
871 732 1056 790 α’δελφὸς
1079 732 1279 791 παρεῶρα
1308 737 1548 791 κασίγνητον
1575 739 1650 779 καὶ

210 803 349 860 πατὴρ
377 801 474 846 υἱέα
501 802 776 856 παρέτρεχεν,
808 796 859 842 ἂν
892 797 1021 849 οὕτως
1050 794 1223 854 ἤρεσκεν
1252 799 1540 859 Ἀνδρονίκῳ·
1571 804 1648 844 α’λ-

151 869 264 913 ιολοὶ
292 868 366 912 καί
399 874 482 917 τοῖς
519 867 873 921 καταπροδιδοῢσι
900 866 1072 913 τούτους
1109 868 1391 920 συνέπραττον
1416 865 1471 908 τὰ
1498 867 1647 922 α’νήκε-

211 952 317 990 στα,
345 937 419 977 nat*
452 931 527 989 τήν
554 934 629 975 τοῦ
663 934 810 985 γένους
835 932 1130 973 συνδιετίθουν
1155 929 1380 974 α’πιόλειαν.
1437 932 1522 975 εἰσί
1543 934 1579 975 δ’
1605 935 1651 976 οἳ

210 1003 285 1047 καὶ
310 999 563 1055 κατεμήνυον
602 995 822 1039 αὕτότατοι
856 996 953 1045 τούς
983 998 1159 1045 οἰκείους
1194 996 1251 1046 ὥς
1281 991 1308 1052 ἢ
1335 996 1387 1039 τά
1420 1000 1518 1053 παρ’
1543 998 1645 1041 Ἀν-

179 1068 182 1072 ’
211 1070 402 1126 δρονίκου
433 1060 717 1119 χλευάζοντας
758 1060 951 1116 δρώμενα
979 1056 1008 1116 ἢ
1035 1062 1138 1115 γοῦν
1162 1064 1218 1117 τῷ
1243 1060 1316 1116 τήν
1343 1063 1540 1120 πατρῴαν
1567 1059 1645 1119 ἄρ-

209 1150 328 1190 χοντι
365 1128 501 1187 ἀρχὴν
522 1124 711 1185 Ἀλεξίῳ
745 1129 1093 1182 προσκειμένους,
1132 1127 1401 1182 Ἀνδρονύιου
1430 1130 1476 1170 δὲ
1507 1129 1645 1170 ἀπαυ-

150 1201 442 1255 ι5χενίζοντας
483 1192 670 1242 ἑαυτούς.
732 1190 878 1233 πολλοὶ
913 1192 960 1233 δὲ
992 1191 1069 1233 κοῖν
1097 1193 1154 1248 τῷ
1181 1187 1277 1247 ἄρτι
1303 1198 1547 1248 κατηγορεῖν
1569 1210 1645 1235 κα-

206 1264 451 1325 τηγόρηντο,
477 1261 550 1302 καί
576 1260 853 1313 διελέγχοντες
890 1254 1060 1311 ἑτέρους
1090 1259 1152 1299 ἐπ’
1179 1258 1431 1314 Ἀνδρονύιῳ
1459 1260 1646 1308 τέκτονας

206 1333 343 1374 κακῶν
371 1326 444 1370 ὑπ’
484 1326 622 1368 αὐτῶν
650 1325 816 1367 ἐκείνων
850 1323 933 1365 τῶν
961 1324 1328 1378 κατηγορουμένων
1356 1319 1385 1377 ἢ
1410 1322 1483 1364 καὶ
1507 1319 1644 1366 ἄλλων

206 1392 479 1452 παρεστώτων
504 1392 876 1446 προσηγγέλλοντο,
903 1390 976 1430 καί
1001 1384 1089 1442 εἶχε
1109 1385 1283 1437 τούτους
1303 1387 1516 1438 κιίκείνους
1541 1406 1642 1432 συν-

207 1462 494 1515 απαγομένους
527 1459 606 1511 μία
634 1453 818 1511 φρουρά.
889 1455 963 1495 καί
1003 1454 1223 1496 πιστοῦταί
1255 1469 1327 1507 μοι
1370 1452 1441 1495 τὸν
1472 1453 1590 1509 λόγον
1620 1454 1680 1498 (513

142 1546 196 1573 20
212 1522 557 1579 Καντακουζηνὸς
600 1518 794 1575 Ἰωάννης
840 1521 1222 1571 παλαμναιοτάταις
1279 1525 1466 1575 πυγμαῖς
1507 1522 1644 1562 παίων

206 1591 403 1645 ἐκτομίαν
439 1588 533 1631 τινὰ
564 1589 715 1638 Τζίταν
755 1584 1009 1636 καλούμενον
1048 1586 1121 1626 καί
1145 1584 1243 1634 τούς
1269 1585 1444 1634 ὀδόντας
1472 1587 1646 1639 ε’κριζῶν
1657 1592 1698 1626 V.
1719 1594 1777 1638 ¹37

207 1659 280 1699 καί
308 1656 358 1698 τὰ
394 1655 515 1708 χείλη
553 1653 836 1707 ἄφαιματῶν,
882 1647 945 1691 ὅτι
983 1649 1231 1706 πεφώραται
1259 1647 1366 1699 ὅλως
1392 1649 1560 1706 Ἀλεξίῳ
1587 1653 1645 1706 τῷ

208 1724 382 1775 βασιλεῖ
410 1720 509 1773 περὶ
540 1719 622 1759 τῶν
657 1717 804 1757 κοινῶν
830 1716 1072 1767 διαλεχθείς
1101 1717 1354 1770 συμφορῶν,
1382 1717 1643 1770 παραχρῆμα

298 1839 332 1872 6.
356 1832 608 1880 α’νύποιστος]
639 1828 776 1879 α’νιαρᾶ
801 1832 885 1866 λίαν
909 1829 932 1873 η’
956 1831 1031 1865 τῶν
1052 1829 1135 1864 τότε
1158 1829 1284 1865 κακῶν
1307 1827 1587 1875 ἕπεισκιιῖμασις
1604 1831 1642 1864 Α.

303 1895 338 1929 7.
361 1881 492 1928 κακὸν]
521 1878 650 1916 δεινὸν
678 1880 717 1912 Α.

207 2005 461 2046 condemnati,
499 2003 597 2050 quod
624 2013 668 2036 ex
693 2001 887 2035 nobilitate
918 2005 1038 2034 essent
1066 2005 1103 2034 et
1126 2000 1163 2033 in
1186 1999 1285 2034 bello
1311 2010 1417 2046 saepe
1444 1998 1585 2034 fortiter
1605 2011 1644 2033 se

206 2054 420 2099 gessissent,
448 2056 509 2085 aut
530 2049 744 2095 proceritate
766 2049 923 2093 corporis
953 2053 990 2081 et
1014 2047 1192 2091 elegantia
1212 2047 1362 2088 formae,
1383 2052 1447 2080 aut
1467 2047 1537 2079 alia
1552 2058 1644 2092 qua-

205 2102 304 2146 piam
329 2111 366 2132 re
400 2108 492 2144 quae
521 2096 702 2130 morderet
725 2095 968 2128 Andronicum
995 2099 1032 2127 et
1055 2105 1117 2138 spe
1142 2093 1240 2126 haud
1262 2094 1358 2126 bona
1384 2094 1519 2134 aleret,
1540 2099 1645 2126 ante-

207 2148 406 2188 cellerent3
432 2150 494 2177 aut
517 2143 563 2176 ob
589 2142 747 2176 residuas
774 2147 934 2174 veterum
951 2142 1164 2173 offensarum
1191 2140 1377 2180 scintillas,
1403 2151 1495 2185 quae
1518 2139 1644 2173 hacte-

206 2205 274 2227 nus
296 2194 396 2227 velut
420 2191 511 2235 ignis
537 2189 602 2223 sub
629 2189 749 2221 cinere
774 2188 972 2227 latuerant,
1001 2187 1251 2226 resuscitatas,
1276 2186 1537 2219 multabantur.
1572 2187 1643 2219 ita-

207 2250 279 2285 que
304 2237 496 2284 peracerba
526 2237 596 2269 fuit
620 2236 763 2267 illorum
782 2240 984 2278 temporum
1006 2233 1180 2273 conditio,
1206 2238 1243 2265 et
1268 2233 1642 2265 coniunctissimorum

207 2287 303 2319 inter
344 2296 380 2318 se
409 2282 561 2329 perfidia
585 2282 718 2315 malum
751 2281 993 2313 intolerabile.
1018 2290 1085 2312 nec
1109 2281 1203 2312 enim
1234 2279 1344 2312 frater
1371 2278 1546 2312 duntaxat
1570 2280 1642 2312 fra-

207 2338 322 2372 trem,
352 2336 455 2376 pater
488 2329 603 2362 filium
637 2327 863 2372 negligebat,
901 2327 932 2359 si
965 2326 1168 2359 Andronico
1204 2326 1254 2358 ita
1280 2326 1394 2358 visum
1428 2331 1543 2358 esset:
1578 2326 1641 2358 sed

206 2378 408 2423 proditores
436 2387 559 2409 eorum
585 2375 835 2407 infestissimos
859 2372 905 2405 ad
931 2373 1213 2406 internecionem
1239 2372 1398 2404 familiae
1414 2371 1640 2405 adiutabant.

212 2430 314 2458 erant
340 2424 448 2457 etiarn
472 2423 535 2467 qui
560 2421 630 2466 ipsi
654 2431 736 2454 suos
772 2419 973 2459 deferrent,
1009 2424 1051 2452 ut
1074 2424 1137 2451 aut
1160 2418 1355 2451 Andronici
1383 2418 1462 2451 actii
1486 2418 1641 2450 irriden-

209 2475 284 2510 tes,
306 2475 368 2503 aut
397 2474 517 2514 spreto
540 2467 743 2500 Andronico
777 2472 966 2511 paternum
998 2465 1187 2509 imperium
1225 2465 1362 2508 gerenti
1384 2465 1511 2497 Alexio
1537 2464 1641 2496 addi-

209 2522 296 2548 ctos.
319 2516 424 2549 multi
447 2525 591 2560 quoque
611 2515 706 2546 inter
730 2512 967 2545 accusandum
988 2517 1072 2544 sunt
1099 2512 1274 2552 accusati5
1297 2515 1334 2544 et
1360 2510 1446 2543 dum
1477 2511 1568 2542 alios
1593 2521 1633 2542 ar

210 2567 323 2606 guunt
348 2567 390 2594 ut
427 2560 619 2594 Andronici
651 2559 902 2598 insidiatores,
937 2558 981 2590 ab
1015 2558 1102 2602 ipsis
1137 2558 1206 2590 reis
1237 2562 1301 2590 aut
1325 2556 1640 2590 circumstantibus

210 2613 296 2641 sunt
334 2607 468 2647 delati,
501 2612 538 2639 et
575 2608 614 2639 in
651 2605 802 2639 eandem
829 2605 1027 2637 custodiam
1065 2604 1210 2648 utrique
1243 2603 1402 2636 abducti.
1438 2603 1640 2635 orationem

208 2664 324 2687 meam
359 2653 543 2685 confirmat
576 2652 753 2685 Iohannes
786 2652 1076 2691 Cantacuzenus‚
1111 2651 1175 2695 qui
1212 2650 1340 2694 pugnis
1371 2650 1408 2682 in
1442 2648 1640 2693 spadonem

209 2701 320 2733 litam
345 2699 395 2731 ita
420 2699 568 2739 saeviit,
603 2704 644 2731 ut
671 2698 796 2732 dentes
823 2698 855 2730 ei
880 2702 1062 2730 excuteret
1098 2702 1134 2729 et
1155 2696 1252 2728 labia
1276 2695 1512 2735 discinderet,
1539 2693 1638 2738 quod

210 2757 289 2780 cum
321 2745 534 2791 imperatore
568 2745 693 2778 Alexio
739 2744 784 2778 de
819 2743 1066 2777 communibus
1101 2743 1254 2777 miseriis
1292 2746 1385 2775 esset
1416 2741 1635 2782 collocutus3
