1878 3230
281 145 406 203 818
715 160 942 202 NICETAE
981 158 1288 200 cuommuz

383 264 488 305 Ἀλλ’
517 256 584 302 οἶα
613 261 685 300 καί
711 257 762 300 τοὶ
791 257 895 299 κατὰ
926 256 996 300 τὸν
1025 256 1204 311 ἡγεμόνα
1234 258 1354 312 σφῶν
1370 256 1442 299 τόν
1458 260 1697 313 μαρκέσιον;

271 327 411 383 χρεών
436 326 515 380 γὰρ
545 326 652 378 μηδὲ
681 326 812 366 ταῦτα
834 327 1057 377 παρελθεῖν
1074 322 1336 376 ἀνιστόρητοι.
1389 319 1451 364 ἔτι
1477 330 1560 372 τοῖς
1589 324 1694 367 κατὰ

273 392 347 448 τήν
372 393 495 446 νῆσον
526 392 602 431 τοῦ
631 391 824 437 Πέλοπος
844 387 1160 440 διαπονούμενος
1187 386 1402 441 πράγμασι
1419 389 1492 429 καί
1519 387 1590 429 διὰ
1615 389 1697 441 μά-

272 473 351 512 χης
378 457 531 510 χωρῶν
557 457 612 512 τῷ
642 455 837 510 Σγουρῷ,
866 450 1090 507 γράμματά
1120 452 1159 494 οἱ
1187 453 1260 506 τῆς
1297 451 1489 506 γυναικὸς
1518 455 1698 506 χειριζε-

270 539 340 564 ται
369 521 468 571 τούς
498 523 815 570 Θεσσαλονικεῖς
840 521 1078 573 νεωτερίσαι
1112 519 1422 574 διασαφοῦντα,
1459 519 1532 560 καί
1567 518 1733 573 αὕτὴνό

267 591 344 640 μὲν
371 590 626 638 ἐξωσθεῖσαν
664 588 737 641 τῆς
777 586 935 633 πόλεως
970 587 1029 633 εἰς
1066 583 1140 638 την
1178 583 1396 637 ἀκρόπολιν
1439 581 1698 637 ἀναδραμεῖν

267 655 341 695 καί
365 651 524 706 συχνὰς
552 652 711 707 ἡμέρας
741 647 821 706 ἤδη
849 652 1173 704 πολιορκεῖσθαι,
1203 648 1276 704 την
1302 651 1347 690 δὲ
1377 646 1494 691 πόλιν
1515 650 1697 692 εἰσιόντα

266 718 456 772 κατέχειν
473 715 645 772 Βλάχον
677 716 767 758 τινά
785 749 797 769 ,
826 717 1108 768 Ἐτζυῖσμένον
1133 713 1208 769 τὴν
1239 717 1398 769 κλῆσιν,
1428 716 1697 770 φρουροῦντα

264 781 336 824 τὸν
364 783 588 837 Πρόσακον
617 783 689 824 καί
717 779 796 824 ὅσα
826 782 907 823 τῶν
938 783 1069 823 ἐκεῖθι
1106 782 1164 838 τῷ
1187 780 1350 837 Ἰωάννῃ
1381 781 1575 835 κατήκοα.
1639 779 1697 828 ὥς

264 844 338 889 οὖν
366 847 542 889 πύθοιτο
579 849 712 889 ταῦτα
741 850 967 901 μαρκέσιος
985 880 998 899 ,
1028 845 1131 900 ε”γνω
1160 844 1235 900 την
1270 847 1468 900 ταχίστην
1500 844 1695 900 ἀρήγειν,
1714 863 1762 890 ιο

263 911 336 954 καί
359 911 433 967 τήν
460 915 630 968 πορείαν
655 911 836 955 ἐπανιών
864 913 1052 954 ἐπέτεινε.
1106 913 1234 964 μήπω
1264 913 1310 952 δὲ
1337 913 1387 967 τῇ
1417 912 1695 967 Θεσσαλονίκῃ

128 985 163 1018 Ρ.
180 987 250 1032 399
264 979 428 1032 ἐγγίσας
457 975 691 1031 συμβάλλει
722 983 810 1028 τοῖς
839 978 1082 1031 ἀγγέλλουσι
1110 976 1184 1031 την
1215 978 1299 1018 τῶν
1325 976 1532 1028 πολεμίων
1570 970 1698 1031 ἧτταν

261 1046 334 1084 καί
361 1043 615 1098 ἀποσύβησιν
643 1045 716 1085 καί
740 1042 815 1097 τήν
843 1044 1018 1092 ἐσαῦθις
1047 1042 1224 1097 η’ρεμιάν
1251 1043 1322 1097 τῆς
1361 1041 1529 1090 πόλεως.
1593 1040 1698 1094 ἀμέ-

261 1113 319 1149 λει
349 1110 421 1150 καί
449 1114 535 1156 τοῖς
559 1108 755 1157 τοιούτοις
783 1108 1043 1161 ἀκούσμασιν
1070 1109 1260 1161 ἐνησθείς
1294 1105 1367 1148 καί
1405 1107 1697 1162 φιλενὸεικτῶν

259 1172 363 1228 πρὸς
392 1171 492 1222 τούς
521 1172 718 1226 οἰκείους,
746 1176 1037 1227 μεταστρέψας
1074 1171 1125 1214 τὰ
1155 1170 1249 1226 ἧνιίι
1277 1174 1358 1213 ταῖν
1394 1170 1581 1213 Σκοπάον
1617 1169 1691 1213 ἰθύ
1713 1173 1760 1214 15

261 1239 450 1294 φέρεται,
480 1237 549 1280 τὸν
575 1235 766 1292 Ἰωάννην
793 1236 1042 1290 ἀμύνασθαι
1065 1240 1200 1278 θέλων
1226 1239 1309 1278 ταῖν
1337 1238 1397 1286 εἰς
1426 1232 1555 1278 αὐτὸν
1579 1251 1694 1290 γεγο-

259 1303 399 1345 νότων.
458 1299 550 1345 clm?
578 1299 692 1344 οὔπω
721 1301 836 1358 ἔφθη
865 1304 1079 1355 ἐπιβαλεῖν
1108 1299 1169 1351 οἷς
1197 1298 1320 1343 α’)’δινε
1347 1301 1589 1356 πράγμασι,
1623 1304 1696 1344 καί

258 1363 429 1422 ἅγγελος
457 1370 595 1423 ἕτερος
624 1368 849 1424 ἐφίσταται
885 1366 958 1421 τὴν
988 1369 1063 1409 τοῦ
1100 1367 1278 1422 κόμη-τος
1304 1368 1447 1421 Πλέης
1490 1365 1694 1408 ἀναδιδά-

259 1451 369 1475 σκων
399 1432 611 1474 ἀπώλειαν
637 1432 710 1474 καί
746 1432 819 1487 την
849 1436 921 1473 τοῦ
959 1431 1164 1486 βασιλέως
1191 1434 1450 1473 Βαλὸυυίνου
1489 1429 1693 1485 κατάσχε-

261 1515 341 1542 σιν.
397 1497 445 1552 ἣν
472 1494 546 1540 οὖν
572 1494 705 1539 ὥδευε
734 1497 931 1552 πρότερον
960 1496 1083 1538 πάλιν
1114 1496 1350 1549 ἁψάμενος,
1379 1495 1453 1550 την
1481 1498 1691 1538 Θεσσαλο-
1706 1511 1758 1536 20

260 1565 373 1617 νίκην
402 1562 562 1605 εἴσεισι·
622 1562 692 1603 καὶ
720 1561 842 1616 γνούς
869 1563 1011 1617 ἀληθῆ
1038 1559 1117 1603 ὅσα
1144 1562 1213 1603 διὰ
1235 1560 1487 1615 γραμμάτων
1507 1561 1691 1603 πέπυστο

260 1629 480 1683 πρότερον,
509 1630 816 1680 ἐπικαλαμᾶται
839 1626 883 1669 τὸ
911 1628 970 1681 μη
993 1625 1174 1680 ἀκριβῶς
1202 1627 1364 1682 ἀμἠθὲν
1392 1629 1438 1668 ἐκ
1468 1629 1544 1668 τοῦ
1573 1629 1692 1681 ληΐου

221 1695 332 1748 Βτῆς
365 1691 519 1742 πόλεως
548 1694 591 1734 ἐν
621 1695 678 1750 τῷ
717 1692 861 1749 ἀμητῳ
891 1695 965 1734 τοῦ
995 1695 1175 1746 πολέμου
1217 1691 1263 1741 ὃς
1299 1691 1379 1748 πρὸ
1421 1695 1495 1747 τῆς
1533 1693 1691 1734 ἐκείνου

356 1821 384 1843 ι.
416 1806 458 1842 τοὶ
487 1820 543 1841 om
570 1809 609 1842 A.
739 1811 772 1843 6.
798 1809 851 1845 εἰς
873 1801 941 1851 τῆν
965 1807 1116 1856 ἀκροπ]
1151 1809 1204 1846 εἰς
1226 1801 1291 1844 τὸν
1315 1810 1454 1843 κουλᾶν
1481 1809 1519 1845 B.
1658 1811 1690 1844 8.

352 1856 572 1901 ἐτζιγμένον
595 1855 631 1887 Β.

355 1956 426 1990 Sed
445 1957 524 2001 quis
550 1961 662 1989 status
686 1955 784 1988 ducis
809 1967 931 1988 eorum
956 1955 1168 1989 marchionis
1188 1956 1279 1989 fuit?
1304 1967 1385 1989 nam
1408 1967 1475 1989 nec
1499 1956 1565 1990 hoe
1587 1968 1691 2002 prae-

262 2002 475 2037 tereundum
504 2008 568 2041 est,
602 2002 685 2034 dum
720 2001 838 2036 adhuc
864 2002 1108 2046 Peloponneso
1137 2003 1387 2035 constituenda
1425 2009 1620 2048 occupatur
1655 2009 1692 2037 et

263 2061 343 2082 cum
367 2049 476 2081 Scuro
501 2048 667 2088 dimicat,
694 2048 822 2081 litteris
854 2049 972 2081 uxoris
999 2059 1052 2081 res
1078 2060 1184 2081 novas
1211 2050 1330 2082 moliri
1349 2049 1691 2083 Thessalonicenses

263 2097 304 2128 fit
328 2096 479 2128 certior:
505 2095 618 2139 ipsam
645 2094 733 2127 urbe
759 2096 942 2140 expulsam
967 2095 1003 2127 iu
1036 2106 1151 2127 arcem
1192 2096 1392 2139 confugisse
1425 2102 1461 2129 et
1491 2097 1690 2140 complures

263 2141 340 2174 dies
367 2142 436 2174 iam
463 2140 632 2181 obsideri,
660 2140 781 2173 urbem
808 2152 891 2174 vero
919 2150 938 2173 a
954 2141 1082 2174 Blacho
1113 2141 1267 2186 quodam
1293 2141 1430 2175 Prosaci
1454 2147 1491 2175 et
1517 2143 1691 2175 finitimo-

263 2199 342 2221 rum
366 2187 525 2220 locorum
545 2186 747 2219 Iohanneae
773 2187 919 2220 ditionis
934 2188 1129 2232 praefecto,
1153 2189 1297 2221 nomine
1314 2189 1534 2231 Ezyismeno,
1561 2189 1689 2221 teneri.

264 2233 394 2279 quibus
422 2232 553 2264 auditis
568 2232 723 2265 marchio
742 2235 1001 2278 quamprimum
1025 2245 1129 2278 opem
1152 2235 1184 2266 ei
1208 2234 1300 2267 ferre
1326 2235 1452 2267 statuit
1474 2240 1512 2267 et
1534 2233 1689 2267 reditum

263 2279 466 2314 maturavit.
497 2277 560 2311 sed
583 2283 774 2323 antequam
796 2280 1070 2312 Thessalonicae
1099 2281 1412 2325 appropinquaret,
1439 2281 1593 2313 occurrit
1615 2281 1688 2313 suis

264 2324 421 2359 hostium
444 2323 580 2357 cladem
606 2330 642 2357 et
668 2325 949 2369 profligationem
967 2327 1217 2360 nuntiantibus
1232 2332 1268 2359 et
1283 2325 1582 2371 tranquillitatem
1606 2326 1688 2360 urbi

266 2371 478 2406 restitutam.
504 2381 622 2403 earum
650 2382 764 2403 rerum
793 2372 884 2404 fama
911 2371 1118 2412 delectatus,
1146 2378 1183 2405 et
1206 2373 1278 2405 suis
1293 2377 1483 2413 ostentata,
1509 2374 1688 2407 conversis

266 2418 418 2453 habenis
441 2417 568 2461 Scopia
596 2422 690 2449 recta
716 2417 843 2457 tendit,
860 2416 1027 2451 Iohannis
1041 2419 1189 2451 iniurias
1208 2418 1358 2451 ulturus.
1385 2418 1448 2451 setl
1466 2420 1523 2452 vix
1537 2419 1621 2453 dum
1647 2426 1690 2452 et

267 2475 361 2511 quae
390 2463 613 2509 parturiebat
639 2473 818 2506 aggressus
833 2489 842 2503 ‚
867 2465 1032 2496 nuntium
1056 2465 1164 2497 alium
1188 2464 1316 2509 accipit
1342 2463 1387 2497 de
1412 2465 1560 2500 Comitis
1582 2467 1689 2500 Pleas

268 2511 417 2545 interitu
449 2515 486 2543 et
520 2509 743 2554 imperatoris
775 2509 941 2542 Balduini
979 2511 1196 2554 captivitate,
1227 2511 1348 2555 itaque
1386 2512 1538 2555 repetito
1568 2513 1688 2557 priore

268 2558 400 2590 itinere
424 2555 710 2589 Thessalonicam
735 2555 956 2598 ingreditur,
981 2561 1018 2588 et
1039 2557 1190 2589 veritate
1205 2556 1301 2589 illius
1325 2558 1443 2591 nuntii
1462 2569 1526 2603 per
1552 2558 1689 2592 litteras

269 2603 477 2637 confirmata
498 2602 721 2647 spicilegium
742 2602 899 2635 instituit
922 2613 942 2634 e
966 2607 1085 2647 segete
1107 2602 1203 2635 urbis
1228 2602 1386 2636 nondum
1410 2604 1517 2649 plane
1540 2611 1687 2645 resecta,

271 2650 309 2682 in
335 2649 398 2682 illa
423 2648 510 2681 belli
533 2659 644 2681 messe
668 2647 764 2693 quod
792 2654 874 2682 ante
894 2660 996 2682 suum
1021 2647 1173 2683 reditum
1198 2649 1509 2692 conflatum‘erat3
1539 2655 1576 2684 et
1597 2651 1696 2684 alios.

271 2696 365 2730 cives
388 2696 540 2742 pecunia
562 2695 728 2730 multatos
751 2694 889 2742 pistillo
921 2694 1090 2730 nudiores
1122 2694 1210 2729 urbe
1242 2696 1377 2742 exegit,
1408 2697 1498 2731 alios
1535 2697 1686 2738 occidit,
