1838 3210
481 204 552 245 DE
588 204 844 246 MANUELE
882 204 1145 248 commo
1185 205 1281 247 Lm.
1323 206 1396 247 ιν.
1551 180 1654 239 ¹85

227 305 360 345 δοται.
417 302 443 358 ἡ
473 304 519 346 δὲ
547 304 781 358 α’ναγνοῦσα
824 305 971 355 τοῦτο,
1007 302 1080 346 καὶ
1103 305 1258 359 γνοῦσα
1284 302 1334 346 τὰ
1364 306 1456 346 κατ’
1479 303 1656 357 Ἀνδρο-
1696 322 1699 323 ’

223 370 338 410 νίκου
365 367 636 424 τυρευόμενα,
665 369 709 418 ἐξ
735 364 864 423 αὐτῆς
890 367 963 410 τὸν
987 367 1148 424 χάρτην
1167 366 1281 426 ming?
1298 371 1535 425 ἐγχειρίζει.
1558 385 1656 412 συν-

221 436 283 483 εἰς
324 429 400 476 οὖν
437 433 704 489 Ἀνδρόνικος
744 433 801 482 ὥς
844 439 999 487 χωρεῖν
1040 436 1198 477 ἐκεῖθεν
1238 434 1332 478 δέον
1359 435 1434 477 καί
1457 436 1657 490 ἒγκονεῖν,

223 501 323 556 μηδ’
350 502 475 556 ἕδρας
501 497 607 542 εἶναι
633 499 680 541 τὸ
711 497 792 540 οἷπό
833 501 956 540 τοῦδε
984 499 1144 555 α’κμὴν,
1173 503 1301 557 φρίκη
1329 516 1374 543 τε
1401 498 1658 557 ὖφέρπεται,

187 573 211 614 5
223 568 295 608 καί
309 564 410 621 πρὸς
428 563 656 620 α’πόὸρασιν
673 564 977 616 ε’νσκευάζεται.
1007 565 1208 621 σοφιστὴς
1235 568 1282 608 δὲ
1301 563 1360 608 div
1373 568 1446 608 καί
1471 565 1661 608 α’πατεών

223 633 297 674 καί
319 629 452 685 αὐτὴν
478 630 696 687 α’ποπλανᾷ
724 626 960 684 Θεοδώραν,
990 632 1061 672 καί
1085 628 1224 685 ὥσπερ
1248 629 1458 687 Εὐρώπην
1479 629 1610 673 πάλαι
1635 630 1660 673 ὅ

224 694 334 746 Ζευς
357 698 435 738 τοῦ
446 697 580 750 χοροῦ
602 698 682 737 τῶν
698 696 919 751 παρθένων
955 694 1296 751 ἆποβουκολήσας
1322 693 1393 752 ἧκε
1421 700 1562 753 φέρων
1590 697 1663 740 ἐπὶ

222 759 384 815 νώτων,
409 763 471 811 εἰς
499 762 602 814 βοῦν
621 758 773 803 ἑαυτὸν
797 760 1136 817 μεταμορφώσας
1170 765 1435 818 καλλίκερων,
1463 759 1568 804 οὕτω
1590 763 1664 804 καὶ

226 822 348 875 οὗτος
388 822 627 886 ἀποστήσας
663 830 744 869 τῶν
777 825 883 868 οἴκοι
907 826 986 881 τὴν
1013 833 1189 882 γυναῖκα
1218 827 1290 870 καὶ
1313 830 1600 884 συμφοιτῆσαί
1622 827 1663 869 οἱ

168 891 437 947 ιοσαββᾶτου
477 889 575 934 ὅδὸν
613 890 890 946 αἰτησάμενος
926 894 983 941 ὥς
1021 894 1353 947 προπέμψουσαν
1390 895 1550 936 ἐκεῖθεν
1593 892 1760 948 καίΡ,93

224 958 530 1014 συνταξομένην
557 958 698 1015 ἐκείνῳ
725 956 778 1000 τοὶ
805 956 1012 1014 έξιτήρια,
1039 960 1297 1014 συνέκὸ“ημον
1322 961 1395 1000 καί
1417 962 1660 1015 συμπλανῆ-

222 1040 287 1068 τιν
309 1022 487 1066 ἑκοῦσαν
513 1023 774 1065 ἐπεσπάσατο
801 1018 996 1065 ἄκουσαν.
1050 1021 1196 1079 χώραν
1225 1026 1264 1066 δ’
1294 1026 1340 1067 ἐκ
1365 1023 1509 1078 χώρας
1538 1023 1662 1079 ἆμεί-

224 1092 333 1143 βων,
367 1088 440 1130 καί
466 1087 640 1143 ἡγεμόσι
666 1087 740 1130 καὶ
766 1087 987 1138 δυνάσταις
1023 1088 1349 1142 ἐπιξενιζόμενος
1374 1089 1661 1146 πολυπλανής,

225 1157 298 1197 καί
321 1158 421 1209 παρ’
443 1150 506 1204 οἷς
531 1158 727 1207 κατέλυε,
754 1154 914 1209 τιμήεις
935 1151 994 1196 div
1022 1154 1095 1196 καί
1111 1156 1326 1208 αἰδέσιμος
1353 1157 1428 1197 καί
1454 1161 1663 1214 φιλοφρο-

168 1219 356 1275 ιόσύνης
385 1215 452 1261 ὅτι
476 1218 670 1274 πλείστης
693 1218 1016 1272 καταξιούμενος
1051 1221 1124 1262 καὶ
1149 1221 1318 1276 δωρεῶν
1347 1220 1489 1276 ἆδρῶν
1518 1223 1563 1265 ἐν
1586 1239 1664 1276 με·

226 1289 340 1337 θέξει
367 1285 590 1341 γινόμενος,
620 1284 703 1339 ὀψέ
729 1302 826 1327 ποτε
854 1285 927 1328 καί
951 1287 1074 1340 μόλις
1102 1286 1217 1342 παρὰ
1246 1289 1305 1344 τῷ
1337 1288 1560 1346 Σαλτούχῳ
1588 1291 1663 1343 τῆς

226 1352 387 1407 πλάνης
414 1351 592 1394 ἵσταται.
665 1347 719 1406 ἦν
745 1353 785 1393 δ’
812 1347 931 1402 οὗτος
969 1350 1022 1394 τὰ
1047 1354 1099 1409 τῇ
1123 1355 1339 1412 Κολωνείᾳ
1363 1352 1457 1396 τότε
1484 1353 1662 1409 κληρού-

226 1433 349 1472 μενος
379 1413 544 1473 ὅμορα,
586 1418 660 1459 καί
683 1414 764 1460 ὅσα
789 1420 862 1473 τῆς
889 1419 1115 1466 Χαλδαιάς
1140 1417 1344 1473 πρόσοικά
1372 1435 1419 1462 τε
1451 1422 1524 1462 καί
1554 1420 1662 1475 ἔγγι-

227 1499 309 1527 στα
338 1483 660 1538 ’καρπιζόμενος.
737 1484 902 1526 κάκεῖσε
929 1479 981 1537 ἦν
1007 1481 1147 1525 α’λύων
1174 1483 1246 1526 καὶ
1276 1483 1414 1527 συνών
1441 1484 1662 1544 Θεοδώρᾳ,

165 1565 216 1592 20
226 1550 324 1602 μεθ’
366 1543 424 1590 οἷν
452 1545 645 1591 ἀπέτεκεν
673 1544 776 1604 αὕτη
814 1550 947 1608 τούτῳ
974 1551 1137 1591 παίδων
1167 1552 1284 1592 δυοῖν
1306 1547 1494 1602 Ἀλεξίου
1521 1567 1564 1593 τε
1592 1554 1665 1593 καί

229 1613 427 1669 Εἰρήνης,
455 1612 517 1656 ἔτι
543 1616 589 1656 δὲ
615 1615 689 1656 καί
713 1614 901 1657 Ἰωάννου
918 1649 932 1668 ,
980 1612 1026 1657 ὃν
1049 1616 1096 1656 ἐκ
1120 1617 1202 1657 τῶν
1233 1619 1444 1672 προτέρων
1472 1619 1544 1658 καί
1567 1629 1699 1672 stry-B

228 1680 332 1722 σίων
370 1679 408 1722 οἱ
450 1679 700 1736 σπερμάτων
737 1681 992 1736 συνέκδημον
1019 1679 1064 1722 ἐκ
1091 1683 1330 1733 Βυζαντίου
1359 1682 1554 1736 ἐπήγετο,
1586 1683 1665 1731 ἕως

229 1747 304 1798 τῆς
330 1747 375 1794 ἐς
404 1745 535 1788 αιῖτὸν
565 1743 693 1796 αὖθις
710 1746 781 1789 τὸν
813 1746 1100 1801 αὐτοκράτορα
1118 1745 1328 1802 Μανουὴλ
1359 1746 1664 1801 έπαναλύσεως,

231 1809 285 1865 ἢν
315 1811 419 1853 κατὰ
449 1810 521 1853 τὸν
553 1814 703 1854 οἰκεῖον
725 1811 880 1867 χρόνον
907 1811 979 1853 καί
1006 1809 1250 1868 πρόσφορον
1278 1812 1300 1853 ὃ
1329 1811 1448 1867 λόγος
1474 1814 1526 1870 τῇ
1553 1813 1667 1855 ἱστο-

170 1875 222 1917 25
233 1875 304 1934 ρίᾳ
333 1880 575 1932 παρέξεται,
604 1878 660 1927 ὥς
688 1876 754 1934 εἴη
772 1879 1011 1932 συνημμένα
1041 1877 1174 1932 δήπου
1189 1879 1263 1920 καί
1287 1881 1458 1935 συναφῆ
1482 1877 1533 1920 τὰ
1565 1880 1666 1935 ἐφε-

324 1985 358 2028 4.
386 1981 521 2031 α’κμὴν]
550 1984 685 2031 καιρόν
707 1985 746 2018 A.
868 1986 901 2029 5?
926 1982 1124 2030 σοφιστὴς]
1151 1983 1343 2031 φρόνιμος
1365 1985 1406 2017 Α.
1548 1996 1578 2042 ζ.
1601 1983 1668 2019 ἐπὶ

322 2028 392 2066 τὸν
415 2032 535 2065 νῶτον
557 2031 597 2063 Α.
719 2044 752 2076 9.
776 2031 850 2065 τῶν
878 2031 990 2077 οἴκοι]
1015 2034 1079 2073 τῆς
1102 2031 1209 2072 δόξης
1239 2034 1303 2064 καὶ
1325 2033 1389 2071 τῆς
1415 2031 1524 2076 τιμῆς
1551 2043 1591 2070 ης
1614 2030 1666 2065 εἴ-

322 2087 392 2122 χεν
419 2077 460 2111 ἐν
483 2077 524 2123 τῇ
549 2078 699 2121 ἐξουσίᾳ
723 2077 834 2119 αὐτῆς
860 2078 896 2110 Β.
1059 2080 1123 2111 καὶ
1148 2078 1421 2124 συμφοιτῆσαί]
1445 2080 1509 2112 ἵνα
1533 2078 1665 2122 ὀλίγον

324 2123 446 2158 τόπον
470 2125 601 2170 ἐξέλθῃ
626 2122 723 2169 πρὸς
745 2120 957 2169 α’πεκβολὴν
977 2126 1046 2157 τοῦ
1068 2125 1249 2170 ὁμιλῆσαι
1273 2122 1390 2166 αὐτὴν
1418 2127 1483 2157 καὶ
1509 2124 1663 2158 ἀναθεῖ-

323 2173 389 2205 ναί
410 2181 494 2264 grint
507 2171 765 2252 ἑτιῦὶνΑέκιείνου
788 2172 826 2205 Β.
944 2173 996 2206 16.
1019 2167 1212 2216 σαλτούχω
1247 2171 1295 2205 A:
1319 2171 1425 2216 vulgo
1450 2170 1663 2217 Σουλτᾶνῳ.

326 2228 383 2252 21.
453 2230 465 2250 ι
526 2228 574 2251 πι
627 2242 635 2251 .

235 2323 278 2346 ea
301 2311 404 2346 iectis
431 2318 468 2345 et
489 2312 631 2346 insidiis
658 2313 809 2357 cognitis
845 2312 1003 2346 chartam
1029 2313 1233 2346 Andronico
1260 2313 1382 2347 tradit.
1407 2314 1470 2359 qui
1493 2313 1559 2347 ubi
1586 2314 1667 2347 ani-

233 2359 426 2392 madvertit
448 2359 502 2391 ihi
523 2371 597 2392 non
623 2359 844 2393 haerendum
869 2371 946 2393 esse
964 2360 1101 2394 diutius
1126 2360 1190 2393 sed
1216 2371 1366 2405 propere
1395 2360 1665 2402 discedendum,

235 2406 381 2439 territus
403 2406 522 2450 sugam
561 2406 732 2448 adomat3
774 2412 810 2440 et
832 2407 1060 2440 Theodoram
1083 2407 1209 2440 fraude
1229 2408 1438 2452 pellectam,
1464 2413 1504 2440 ut
1529 2419 1566 2440 se
1590 2419 1665 2440 non

234 2451 342 2496 longe
376 2453 631 2494 comitaretur,
670 2465 733 2486 seu
767 2454 948 2487 volentem
987 2466 1050 2487 seu
1075 2454 1224 2487 invitam
1249 2465 1368 2487 secum
1393 2454 1551 2488 abducit.
1580 2454 1665 2486 dum

235 2504 356 2531 autem
378 2500 595 2544 provinciam
631 2501 814 2545 provincia
835 2506 951 2533 mutat
976 2507 1012 2534 et
1035 2502 1074 2534 in
1097 2501 1290 2545 multiplici
1317 2501 1382 2533 illo
1407 2512 1525 2534 errore
1549 2501 1665 2534 varios

237 2543 402 2587 dynastas
426 2552 462 2579 et
489 2547 629 2590 regulos
653 2547 749 2588 adit,
792 2547 838 2579 ab
862 2547 1027 2580 omnibus
1051 2547 1248 2581 honorifice
1271 2548 1448 2592 excipitur
1471 2553 1508 2580 et
1529 2547 1666 2589 magnis

236 2592 447 2626 muneribus
481 2593 642 2626 afficitur.
679 2604 758 2626 sero
782 2593 928 2627 tandem
954 2594 1000 2627 ad
1023 2595 1231 2635 Sultanum‚
1257 2595 1319 2640 qui
1349 2595 1534 2628 Coloniam
1558 2592 1666 2625 Chal-

239 2635 365 2669 (laeam
388 2644 425 2671 et
447 2639 600 2672 finitima
629 2641 708 2673 loca
739 2640 910 2678 tenebat,
953 2640 1121 2683 divertit3
1159 2641 1284 2686 ibique
1312 2652 1391 2674 cum
1415 2640 1606 2673 Theodora
1629 2643 1666 2671 et

240 2682 383 2715 duobus
407 2694 451 2717 ex
478 2695 520 2718 ea
545 2688 717 2731 susceptis
742 2687 866 2720 liberis
889 2687 1014 2720 Alexio
1040 2693 1077 2721 et
1098 2689 1213 2729 Irene,
1236 2699 1277 2720 ae
1301 2688 1460 2720 Iohanne
1486 2697 1592 2730 quem
1622 2695 1666 2718 ex

240 2728 400 2773 legitima
425 2741 532 2764 uxore
568 2738 793 2776 procreatum
818 2734 985 2777 Byzantio
1018 2745 1137 2768 secum
1162 2734 1380 2775 abduxerat,
1405 2736 1664 2771 commoratur,

242 2774 357 2811 donec
380 2775 425 2809 ad
448 2776 650 2813 manuelem
674 2780 923 2825 imperatorem
948 2791 1106 2816 reversus
1141 2787 1212 2824 εει,
1238 2780 1275 2813 id
1301 2779 1399 2825 quod
1422 2789 1485 2813 suo
1507 2778 1588 2812 loco
1610 2788 1665 2811 re-
