1838 3210
267 179 376 235 250
679 198 910 239 NJCETAE
955 184 1269 242 CHONJATAE

262 301 420 352 αι’ρων,
475 300 546 339 καὶ
589 295 779 337 κάτωθεν
820 297 894 351 τῆς
941 294 1093 340 ἑαυτοῦ
1120 300 1304 353 σημαίας
1330 303 1706 356 μεγαλορρημονῶν

262 364 394 413 αυ’τὰς
433 364 692 418 περατῶσαι,
730 361 869 419 οἷνέμῳ
909 364 1251 418 ἀναπεπταμένης
1289 363 1363 406 καί
1400 364 1505 420 πρὸς
1551 368 1596 408 τὸ
1621 371 1706 410 τῶν

262 425 499 470 ἀντιπάλων
528 426 754 482 ἀφορώσης
780 430 970 480 μέτωπον
984 428 1039 477 ὥς
1060 429 1192 484 φόβον
1223 426 1482 472 ἀντιπίπτειν
1513 429 1586 473 καὶ
1609 432 1706 488 τρό-

260 510 339 548 μον
367 494 524 542 αὕτοῖς.
583 494 635 534 ου’
661 491 745 547 μην
775 491 879 534 α’λλά
911 491 957 534 τὸ
998 495 1076 544 μὲν
1101 493 1307 546 Σούβλεον
1334 494 1566 550 ἐπιπαριιὸν
1597 495 1702 540 κατὰ

262 558 307 610 τὸ
336 555 552 615 σουλτάνῳ
585 559 734 600 δοκοῦν
763 557 889 607 αὐτὸς
919 562 1127 613 καθαιρεῖ,
1160 560 1204 601 τὸ
1237 561 1283 602 δέ
1309 577 1355 614 γε
1370 558 1605 616 Δορύλαιον
1634 562 1743 606 ου’-5

260 625 414 675 δαμοῦ.
470 618 570 665 ὅθεν
619 622 785 671 στειλας
818 619 840 663 ὁ
870 620 1092 673 σουλτάνος
1117 623 1343 679 πρεσβείαν
1371 626 1455 667 τῶν
1482 641 1527 667 τε
1550 629 1707 682 συνθη-

259 690 344 729 κῶν
376 687 507 730 αυ’τόν
548 689 848 743 α’νεμιζιινησκε,
889 688 962 731 καί
1000 688 1240 742 θαυμάζειν
1277 688 1414 745 ἔλεγεν
1439 687 1548 742 ὅπως
1575 691 1634 747 μὴ
1663 693 1707 742 ἐς

260 755 387 809 δεῦρο
415 755 652 812 καθῄρηται
677 752 722 796 τὸ
761 752 1011 807 Δορύλαιον.
1078 752 1098 795 ὂ
1130 756 1175 797 δὲ
1205 752 1323 810 ὄλίγα
1352 762 1438 807 τοῖς
1469 762 1554 799 κατ’
1582 755 1709 811 οἷνάγ-

261 835 337 873 κην
365 822 596 874 γενομένοις
637 819 706 862 τὸν
734 821 836 862 νοῦν
879 822 1104 874 προσέχειν
1142 820 1295 875 εἰπών,
1332 823 1612 879 κατεδαφίσαι
1653 821 1705 877 δὴ

261 885 309 926 τὸ
341 885 578 939 Δορύλαιον
616 885 709 927 οὐδ’
743 881 885 940 ἄκροις
936 885 1018 927 aiot*
1053 889 1333 941 παρεδέχετο,
1365 889 1496 930 ἐκεῖνο
1523 888 1708 942 α’τεχνοὶἷς
1725 906 1774 933 ιο

262 952 344 993 τῶν
371 953 423 1006 τῆ
428 967 446 1000 ς
458 951 634 999 Πυθίας
662 948 767 1005 πρὸς
795 949 863 993 τὸν
885 947 1151 1007 Ἐπικυδίδην
1170 954 1283 994 ε’πῶν
1309 952 1609 1006 ἀποτεμόμενος
1636 953 1710 998 καὶ

133 1027 167 1066 1³5
190 1025 248 1059 125
264 1020 433 1067 αἰνέσας
473 1011 634 1070 ,,ἷ)’μνυ,
673 1017 765 1058 ἐπεῖ
789 1013 971 1065 θάνατός
1003 1032 1049 1071 γε
1085 1018 1159 1059 καί
1188 1013 1358 1074 εὔορκον
1382 1021 1499 1071 μένει
1526 1014 1708 1075 ἅνδρα,”

259 1081 309 1126 τά
338 1084 384 1124 δὲ
411 1083 572 1138 ἐφεξῆς,
607 1078 634 1123 ἅ
666 1097 796 1138 φασιν
824 1078 947 1134 οὕτω,
977 1081 1270 1137 παρεπισχαῖν,
1308 1079 1428 1137 »ἀλλ’
1455 1081 1578 1140 ὅρκου
1609 1083 1709 1134 πάϊς

260 1149 374 1192 ἐστὶν
415 1147 656 1200 α’νώνυμος·
715 1145 808 1188 οὐδ’
836 1145 906 1188 ἔπι
928 1153 1070 1202 χεῖρες
1110 1148 1211 1190 ου’δὲ
1238 1149 1391 1203 πόδες,
1432 1147 1632 1205 κραιπνὸς
1661 1151 1708 1192 δὲ

260 1213 532 1269 μετέρχεται,
561 1211 698 1254 εἰσόκε
725 1214 865 1254 πᾶσαν
890 1212 1157 1268 συμμάρψας
1185 1212 1307 1271 ὄλέσῃ
1332 1213 1474 1270 γενεήν
1501 1217 1574 1258 καί
1599 1211 1708 1258 οἶκον
1724 1220 1773 1262 15

261 1276 437 1323 ἅπαντα.
493 1276 646 1334 ἀνδρὸς
686 1279 725 1320 δ’
756 1276 933 1332 εὐόρκου
966 1277 1085 1334 γενεὴ
1124 1277 1377 1331 μετόπισθεν
1406 1279 1627 1334 ἀμείνων.”
1683 1280 1709 1322 ὅ

262 1348 310 1388 δέ
337 1361 382 1400 γε
411 1347 584 1399 Πέρσης
625 1348 776 1399 μοῖραν
814 1341 1037 1386 α’πόλεκτον
1085 1347 1158 1399 τῆς
1183 1341 1294 1400 ’ὅλης
1342 1345 1475 1387 αὐτοῦ
1510 1347 1709 1402 στρατιᾶς

262 1409 515 1463 α’ποδιελαίν,
557 1411 616 1459 εἰς
654 1406 853 1463 χιλιάδας
881 1407 1008 1451 εἴκοσι
1049 1408 1156 1464 πρὸς
1181 1416 1274 1460 ταῖς
1302 1413 1501 1468 τέσσαρσι
1528 1428 1710 1468 μετρου-

261 1479 391 1531 μένην
402 1510 414 1529 ,
443 1476 516 1518 καί
541 1473 769 1530 στρατηγὸν
796 1471 909 1532 αι”τῇ
935 1473 1006 1516 τὸν
1035 1475 1266 1517 Ἀτάπακον
1297 1478 1522 1532 ἐπιστήσας
1554 1480 1708 1530 πέμπει

262 1541 340 1592 τὰς
370 1537 471 1597 ἄχρι
498 1539 708 1596 θαλάττης
735 1538 875 1590 πόλεις
904 1542 975 1582 καί
996 1540 1142 1596 χώρας
1170 1542 1443 1597 πορθησοντα,
1474 1543 1705 1598 φείσασθαι
1720 1562 1774 1588 20

261 1609 438 1664 μηδαμῇ
469 1608 674 1662 μηδεμιᾶς
696 1603 954 1661 ἐπισκήψας,
992 1603 1244 1659 ἀποκομίσαι
1273 1623 1315 1648 τε
1343 1605 1454 1664 αὖτῷ
1482 1605 1599 1662 ὕδωρ
1625 1612 1708 1650 θα-

263 1671 429 1717 λάττιον
455 1675 528 1715 καί
545 1673 683 1728 κώπην
702 1674 775 1714 καί
789 1670 1004 1726 ψάμαθον.
1037 1669 1057 1713 ὃ
1089 1673 1135 1714 δὲ
1164 1670 1213 1714 τοὶ
1246 1674 1543 1728 ἐπιτεταγμένα
1563 1671 1708 1734 ὸιδούς

354 1798 385 1831 9.
410 1783 529 1818 εἰπών
554 1795 611 1817 om
642 1784 682 1817 A.
782 1796 832 1828 ¹9·
858 1782 1034 1817 a‘ra'noexa
1057 1784 1100 1824 A,
1132 1781 1354 1820 α’ττοὲπακαν
1378 1785 1415 1817 Β.
1509 1797 1564 1821 21.
1589 1784 1708 1832 μηδα-

354 1831 421 1879 μῇ]
448 1830 628 1879 μηδαμοῦ
650 1831 689 1864 Α.
787 1841 842 1863 22.
866 1830 1009 1879 κώπην]
1032 1831 1127 1877 βρύα
1154 1831 1190 1863 Β.

265 1934 489 1975 extollebat,
518 1939 556 1967 et
580 1933 769 1967 Sultanuxn
794 1943 918 1978 pacem
946 1932 1140 1977 expetiisse
1168 1931 1338 1974 iactabat,
1364 1943 1470 1966 aurea
1495 1932 1597 1966 bulla
1620 1944 1707 1967 con-

264 1984 441 2027 signatam
471 1982 676 2026 pactionem
716 1985 918 2021 ostentans,
952 1991 971 2011 a
997 1980 1147 2012 Sultano
1187 1980 1444 2024 subscriptam,
1483 1980 1586 2024 quasi
1607 1986 1707 2014 metu

266 2029 305 2061 id
331 2029 485 2061 fecisset.
509 2027 746 2060 nihilominus
772 2032 893 2059 tamen
917 2026 1091 2058 Subleum
1116 2026 1154 2058 in
1179 2027 1331 2059 transitu
1359 2038 1402 2058 ex
1413 2026 1554 2059 Sultaui
1578 2027 1708 2060 volun-

265 2081 342 2108 tate
368 2075 504 2114 diruit,
531 2074 594 2107 sed
619 2074 836 2116 Dorylaeum
863 2084 1103 2118 nequaquam.
1129 2082 1239 2116 quare
1264 2084 1284 2104 a
1308 2073 1458 2106 Sultano
1483 2084 1548 2116 per
1569 2073 1707 2116 legatos

266 2122 445 2167 pactionis
471 2125 526 2152 est
553 2121 770 2161 admonitus,
797 2120 919 2153 mirari
944 2131 981 2152 se
1009 2119 1151 2152 dicente
1180 2119 1278 2163 quod
1307 2119 1521 2162 Dorylaeum
1546 2119 1707 2153 nondum

266 2179 429 2202 eversum
468 2173 572 2200 esset.
600 2168 664 2200 ille
688 2178 792 2208 vero,
831 2178 868 2199 se
891 2178 1014 2211 purum
1044 2177 1084 2198 ea
1105 2176 1228 2199 curare
1254 2176 1346 2209 quae
1374 2165 1587 2198 necessitate
1611 2166 1706 2199 sacta

266 2221 388 2248 essent
407 2214 648 2257 respondens,
685 2213 856 2257 Dorylaei
887 2213 1073 2246 evertendi
1098 2212 1319 2245 mentionem
1353 2212 1501 2244 minime
1540 2212 1703 2253 ferebat,

266 2261 367 2295 illam
392 2262 521 2306 opinor
542 2266 680 2305 partem
705 2260 874 2305 Delphici
900 2260 1056 2301 oraculi,
1093 2256 1192 2304 quod
1215 2258 1404 2303 Epicydidi
1424 2264 1479 2292 est
1501 2258 1702 2300 redditum,

265 2314 431 2342 secutus:

395 2354 486 2386 iura.
511 2364 605 2385 mors
631 2353 725 2397 rapit
750 2352 815 2385 hos
843 2353 962 2393 etiam,
986 2353 1049 2397 qui
1078 2350 1225 2384 foedera
1250 2356 1402 2384 servant.

263 2412 306 2434 ea
330 2410 415 2435 vero
441 2410 534 2444 quae
560 2405 760 2443 sequuntur
797 2400 976 2443 neglexit:

393 2446 630 2480 iurisiurandi
655 2445 718 2478 sed
747 2445 821 2477 filia
843 2446 1000 2478 nominis
1032 2454 1176 2488 expers,

391 2498 519 2527 trunca
546 2492 679 2537 pedum
703 2503 965 2536 manuumque,
999 2491 1184 2523 celerrima
1217 2490 1279 2523 sed
1305 2495 1426 2523 tamen
1460 2491 1596 2532 instat,

391 2541 695 2584 persequiturque
719 2539 854 2579 virum,
882 2538 966 2570 dum
991 2537 1138 2581 stirpem
1175 2537 1338 2570 funditus
1374 2548 1515 2571 omnem

390 2585 563 2619 hauserit.
596 2591 632 2618 at
656 2585 797 2618 soboles
826 2585 1000 2618 servantis
1024 2583 1172 2616 foedera
1207 2583 1312 2616 floret

389 2638 473 2678 post
511 2632 649 2665 obitum
681 2631 813 2675 magis,
846 2631 884 2663 in
911 2642 1007 2664 seros
1032 2629 1189 2663 rediviva
1212 2635 1373 2675 nepotes.
1679 2661 1681 2667 ,

259 2685 443 2712 caeterum
480 2680 583 2714 Persa
614 2679 808 2723 Atapacum
846 2677 972 2710 ducem
998 2688 1078 2709 eum
1113 2676 1253 2710 delecta
1278 2688 1321 2709 ex
1342 2676 1440 2709 omni
1464 2674 1622 2708 exercitu
1650 2674 1699 2709 lv

262 2731 300 2759 et
323 2726 387 2759 XX
422 2726 576 2762 millium
602 2737 709 2758 manu
750 2724 913 2769 ablegat,
938 2729 979 2758 ut
1017 2723 1062 2756 ad
1099 2734 1195 2756 mare
1228 2734 1343 2768 usque
1377 2733 1500 2756 omnes
1528 2722 1635 2755 urbes
1661 2727 1701 2756 et
1738 2732 1745 2745 ⁷

260 2773 462 2816 p'rovincias
488 2775 602 2809 &astet
629 2783 668 2806 ac
691 2770 827 2806 nemini
851 2776 993 2819 parcat,
1022 2770 1166 2816 sibique
1191 2781 1322 2817 aquam
1342 2770 1536 2812 marinam,
1563 2779 1704 2804 remum
