1878 3230
266 185 376 250 554
691 194 920 238 Nice‘mss
967 198 1277 239 cuoNiA'rAE

264 297 528 352 ἀδελφιδοῦς,
554 297 626 349 τῆς
657 296 844 350 φυλακῆς
873 295 1058 350 α’ποδροὶς
1088 298 1159 338 καί
1184 295 1228 338 τὰ
1257 297 1365 349 μέγα
1393 298 1557 348 τέμενος
1587 298 1689 338 εἶσι-

265 363 324 404 ὠν
349 359 557 402 α’νασείειν
585 358 651 402 τὸν
679 354 804 413 ὄχλον
830 356 1034 414 ὥρμησεν,
1071 359 1328 416 συλληφθεὶς
1355 361 1401 401 δὲ
1433 362 1504 400 καί
1531 357 1688 403 α’παιω-

264 425 408 481 ρηθείς
447 425 520 466 καί
556 426 746 479 βαρείαις
787 423 975 467 ἑτοίσεσιν
1002 423 1249 480 ὑποβληθείς
1277 424 1348 467 ἐπὶ
1374 427 1432 482 τῷ
1458 423 1555 473 τοὺς
1576 425 1691 467 συνί-

263 505 412 546 στορας
447 490 623 546 ἐκφῆναι
652 491 724 543 τῆς
760 489 1006 545 τυραννίδος
1032 489 1082 531 τὰ
1110 489 1226 539 ἑντός
1257 490 1467 546 διεφθάρη
1495 489 1568 531 καί
1591 491 1691 530 οἷπε-

226 559 342 610 Ββίω
384 553 458 610 τήν
496 557 585 608 μετ’
624 555 804 609 ἐκείνην·
878 554 950 597 καὶ
976 555 998 596 ὅ
1041 558 1253 604 Ταττίκιος
1280 557 1588 604 Κωνσταντῖνος
1614 553 1730 599 uzi-5

262 637 455 676 στρεμμα
486 619 778 676 τεκτηνάμενος
804 620 873 662 καί
894 621 1184 669 πεντακοσίους
1202 619 1309 674 ἔχων
1339 623 1416 663 τοῦ
1441 619 1563 674 ἔργου
1594 622 1694 662 συλ-

263 689 494 740 λήπτορας,
534 685 607 728 καί
638 687 710 741 ἐφ’
738 684 880 727 ἱκανὸν
915 684 1065 741 χρόνον
1091 687 1143 743 τῇ
1172 688 1290 728 πόλει
1321 684 1597 741 κρυπτόμενος
1616 687 1697 727 -καιῖ

259 752 780 806 λεληθώς,καταμηνυθείς
801 753 940 807 μικρῷ
965 748 1139 806 ὕστερον
1166 748 1276 793 ἑάλω
1305 752 1378 793 καί
1400 749 1500 799 τούς
1527 751 1694 806 ὀφθαλ-

261 816 372 869 μοὺς
396 814 667 872 ἐξορωρυκτο.
722 819 795 859 καί
826 816 1077 872 ῥακενδύτης
1103 819 1151 859 δέ
1181 832 1266 870 τις,
1295 818 1342 859 ἐκ
1372 818 1603 870 Κομνηνῶν
1627 817 1695 857 ἕλ-

261 898 344 923 κων
369 881 416 923 τὸ
444 883 586 935 γένος,
615 881 689 936 τήν
716 880 849 937 αὕτὴν
877 887 960 931 τοῖς
987 882 1215 936 εἰρημένοις
1242 883 1420 935 βαδίσας
1450 881 1522 922 καί
1549 881 1595 921 ἐκ
1621 881 1696 921 τοῦ
1712 890 1759 921 ιο

261 949 522 1002 παραχρῆμα
548 949 772 1000 συσχεθείς
816 942 1091 1001 ἀπεστέρηται
1123 948 1198 989 τοῦ
1226 944 1382 1002 φωτός.
1435 949 1517 986 τῶν
1547 947 1592 986 δὲ
1620 961 1696 989 σν·-

263 1014 374 1064 χναῖν
398 1010 575 1053 τουτωνί
591 1009 911 1053 ἑπαναστάσεων
939 1007 991 1066 ἧν
1021 1014 1100 1065 μὲν
1128 1010 1259 1053 αἴτιον
1287 1010 1359 1053 καί
1385 1009 1430 1052 τὸ
1461 1009 1535 1052 τόν
1562 1008 1696 1052 Ἰσαά-

262 1092 351 1118 κιον
381 1076 458 1130 τήν
491 1079 707 1130 βασιλείαν
750 1079 1030 1130 διακυβερνᾶν
1056 1076 1365 1132 μαλακώτερον,
1415 1075 1597 1131 α’κριβῶς
1618 1090 1699 1116 πιε-1

262 1143 481 1193 πεισμένον
517 1139 574 1190 ὥς
608 1143 653 1182 έκ
696 1143 799 1183 θεοῦ
838 1141 885 1183 τὸ
915 1137 1060 1197 ἄρχειν
1095 1144 1263 1192 ἐδέξατο
1299 1143 1369 1183 καὶ
1410 1143 1510 1195 παρ’
1539 1142 1696 1183 ἐκείνου

261 1204 393 1258 μόνου
420 1209 513 1249 ἐστι’
538 1205 870 1263 φρουρούμενος·
925 1206 1125 1256 πλειόνως
1152 1209 1188 1248 δ’
1215 1209 1389 1261 ἑπτέρου
1421 1205 1517 1256 τούς
1543 1203 1695 1261 φιλᾰρ-
1713 1200 1760 1246 ἱ5

223 1281 363 1325 Οχους
387 1273 446 1323 εἷς
472 1271 708 1327 παρρησίαν
725 1287 769 1312 τε
800 1273 871 1314 καί
897 1273 1127 1314 ἀπόστασιν
1155 1271 1292 1326 τὸτῆς
1319 1272 1533 1324 βασιλείας
1562 1271 1697 1324 ἀπρα-

261 1337 426 1391 γμόνως
467 1337 743 1390 ἐπιλαβέσθαι
784 1335 857 1379 τόν
882 1335 1172 1392 αὐτοκράτορα
1182 1369 1194 1389 ,
1225 1335 1297 1378 καί
1324 1336 1380 1385 ὣς
1408 1338 1446 1377 εἰ
1470 1333 1697 1390 θελήσουσι

261 1399 606 1455 βασιλεύσουσιν,
631 1401 670 1443 οἱ
696 1401 861 1451 πλείους
891 1401 1256 1458 φρεναπατώμενοι
1285 1397 1385 1456 ἄτερ
1435 1397 1572 1441 ὅπλων
1609 1404 1696 1449 τοῖς

265 1469 358 1507 κατ’
390 1464 535 1522 ἔφεσιν
564 1465 800 1516 πλειστάκις
832 1469 1045 1520 ἐπέβαλον,
1076 1468 1234 1520 ἐκείνην
1259 1463 1486 1521 α’τραπιτὸν
1511 1465 1696 1518 στείβον-

263 1545 334 1579 τες
361 1529 411 1585 ἢν
440 1531 615 1589 ἀνέῳξεν
643 1533 686 1579 ἐς
712 1529 925 1587 λεωφόρον
952 1527 1146 1586 ἄντικρυς
1172 1530 1393 1582 Ἰσαὰκιος,
1421 1527 1600 1583 ἑσπέρας
1627 1527 1698 1570 τὸν
1709 1542 1761 1568 20

265 1593 703 1651 Ἀγιοχριστοφορίτην
732 1595 965 1645 ἀπεκτονώς
992 1598 1063 1637 καί
1088 1597 1144 1653 τῷ
1170 1596 1350 1653 μεγίστῳ
1373 1598 1449 1650 νεῷ
1477 1595 1699 1650 προσρυείς

266 1662 339 1701 καί
366 1661 621 1713 βασιλεύσας
650 1663 693 1710 ἐς
718 1660 866 1714 νέωτα,
893 1662 1254 1715 κακῶςζκρινοντες
1281 1660 1354 1702 καί
1377 1658 1446 1702 διὰ
1477 1661 1592 1702 τοῦτο
1619 1675 1697 1701 κα..

130 1731 171 1764 V.
187 1730 251 1764 223
267 1726 348 1775 κῶς
375 1725 606 1780 πάσχοντες
639 1729 710 1770 καί
735 1725 828 1768 ἀντὶ
853 1728 1113 1782 πορφυρίδος
1139 1727 1330 1768 διπλοΐδα
1363 1724 1563 1780 αἰσχύνης
1589 1726 1699 1767 ε’νδι-

360 1865 393 1887 2.
415 1853 684 1911 α’παιωρηθεὶς]
701 1856 898 1899 κρατηθεὶς
918 1854 980 1887 καὶ
996 1847 1088 1900 μετὰ
1108 1854 1255 1888 πολλῶν
1269 1855 1463 1899 μαστίγων
1479 1851 1697 1897 ἐπαξόμενος

359 1901 398 1933 Β.
472 1904 502 1944 4.
528 1895 571 1933 τὰ
597 1900 715 1947 ἐντος]
743 1900 785 1934 πὶ
811 1901 939 1944 ἔντερα
965 1901 1082 1933 αὔτοῠ
1107 1900 1277 1933 ἔσπασαν
1303 1900 1339 1933 Β.
1454 1911 1486 1943 9.
1514 1898 1698 1943 ῥακενδύ-

359 1946 434 1993 της]
461 1946 560 1992 ῥάσα
585 1949 717 1992 φορῶν
739 1948 775 1979 B.
875 1949 922 1981 13.
946 1947 1240 1993 μαλθακώτερον
1263 1946 1301 1978 Α.
1379 1956 1430 1989 19.
1453 1945 1638 1982 πολλάκις
1655 1948 1697 1980 Α.

360 2003 417 2028 22.
443 1995 507 2027 καὶ
530 1993 765 2040 βασιλεύσας]
792 1994 854 2027 καὶ
879 1995 927 2026 τῶ
958 1994 1064 2038 πρωῒ
1081 1992 1255 2037 βασιλεὺς
1279 1991 1448 2037 εὗρεθεὶς
1465 1992 1501 2024 Β.

268 2094 302 2125 ci
328 2102 370 2125 ex
396 2093 503 2125 fratre
537 2105 649 2138 nepos
665 2119 673 2134 ‚
711 2094 874 2127 custodia
899 2094 1039 2138 elapsus
1066 2098 1102 2126 et
1128 2104 1293 2136 magnum
1322 2092 1494 2136 templum
1519 2091 1696 2134 ingressus

267 2139 414 2183 plebem
450 2140 629 2172 concitare
659 2141 830 2174 instituit.
864 2140 927 2174 sed
952 2139 1245 2184 comprehensus,
1278 2144 1315 2171 et
1339 2138 1491 2182 graviter
1515 2137 1696 2169 excrucia-

269 2190 326 2218 tus
350 2189 391 2216 ut
426 2186 586 2218 conscios
611 2187 828 2228 nominaret,
863 2186 1045 2219 intestinis
1070 2186 1243 2230 corruptis
1267 2183 1440 2229 postridie
1466 2182 1616 2215 interiit.
1642 2188 1698 2216 est

270 2235 308 2263 et
331 2230 587 2264 Constantinus
621 2232 817 2273 Tatticius‚
850 2233 957 2266 homo
996 2232 1182 2272 factiosus,
1211 2231 1274 2275 qui
1300 2231 1388 2262 clam
1414 2230 1452 2261 in
1480 2229 1568 2261 urbe
1590 2229 1623 2260 D
1648 2229 1697 2262 si-

270 2276 384 2308 carios
412 2276 473 2308 diu
498 2277 661 2318 aluerat,
702 2278 863 2318 delatus,
889 2285 924 2311 et
959 2279 1065 2322 paulo
1092 2283 1174 2322 post
1202 2282 1325 2320 captus
1350 2275 1471 2308 oculos
1491 2275 1622 2307 amisit.
1649 2274 1696 2307 ob

270 2321 367 2355 idem
392 2322 525 2355 crimen
549 2324 751 2367 Raceudyta
774 2324 918 2369 quidam
948 2324 1135 2357 Comnenii
1156 2322 1294 2367 generis
1318 2322 1438 2354 statim
1463 2320 1698 2365 comprehen-

271 2378 331 2402 sus
358 2367 500 2400 easdem
525 2379 658 2412 poenas
685 2371 763 2403 luit.
802 2371 1044 2415 frequentium
1069 2370 1211 2402 illarum
1235 2368 1454 2401 seditionum
1478 2378 1583 2399 causa
1609 2373 1696 2408 erat,

272 2425 354 2447 cum
378 2413 476 2458 quod
496 2415 650 2448 Isaacius
675 2417 864 2460 imperium
890 2417 1046 2461 segniter
1072 2414 1355 2453 administrabat,
1379 2414 1486 2458 plane
1507 2424 1698 2458 persuasus

273 2471 312 2493 se
341 2459 380 2492 id
404 2465 440 2493 et
474 2461 651 2504 accepisse
689 2462 861 2495 divinitus
889 2468 926 2496 et
949 2474 969 2495 a
997 2462 1074 2494 solo
1104 2461 1172 2501 deo
1198 2460 1387 2499 custodiri,
1409 2465 1485 2493 tum
1510 2459 1608 2504 quod
1631 2460 1698 2492 ho-

271 2506 385 2539 mines
410 2506 591 2539 ambitiosi
617 2507 790 2541 videbant
814 2514 949 2553 quanta
971 2507 1145 2540 facilitate
1172 2517 1288 2539 rerum
1309 2506 1446 2550 potitus
1470 2511 1574 2539 esset.
1600 2505 1698 2538 unde

269 2552 437 2597 plerique
471 2553 595 2586 insano
637 2555 806 2594 consilio,
837 2554 944 2587 modo
972 2554 1125 2594 vellent,
1160 2564 1197 2586 se
1223 2553 1412 2596 imperium
1436 2553 1524 2586 citra
1547 2551 1697 2584 dimica-

271 2599 407 2631 tionem
433 2610 607 2631 armorum
633 2605 866 2643 occupaturos
891 2599 1078 2644 putabant,
1108 2610 1184 2631 eam
1210 2599 1359 2642 ingressi
1382 2599 1475 2631 viam
1500 2609 1606 2643 quam
1631 2609 1699 2631 suo

271 2645 436 2688 exemplo
467 2645 727 2678 demonstrarat
748 2647 901 2678 Isaacius
917 2671 925 2686 ,
966 2645 1027 2689 qui
1051 2657 1129 2677 cum
1154 2645 1270 2688 pridie
1296 2645 1412 2677 occiso
1432 2644 1698 2689 Hagiochristo-

269 2690 415 2735 phorita
436 2692 588 2736 >supplex
612 2692 650 2724 in
673 2693 845 2738 templum
874 2692 1110 2736 confugisset,
1138 2691 1313 2735 postridie
1339 2702 1483 2734 regnare
1508 2691 1696 2735 coepisset,

268 2747 435 2780 perverso
463 2738 589 2784 utique
615 2739 748 2772 iudicio
773 2744 1035 2784 proptereaque
1060 2738 1205 2774 adverso
1232 2743 1371 2772 eventu.
1397 2749 1469 2771 non
1493 2736 1586 2771 enim
1611 2747 1696 2781 pur-
