1838 3210
278 212 295 246 1
309 192 382 259 64
687 206 914 248 NicE'rAss
954 205 1261 247 CHONJATAE

230 311 321 367 Βτῷ
353 310 514 365 στρατῷ
551 308 595 349 ἐν
627 307 683 362 τῷ
715 303 822 347 κατὰ
869 304 1014 348 σκότον
1043 307 1355 358 συμπλέκεσθαι
1382 310 1465 354 τοῖς
1500 306 1693 363 Τούρκοις

266 374 503 430 ἀναφωνεῖν
531 372 771 425 ,,σι’δηρος,“’
802 368 858 419 ὥς
890 369 950 425 εἴη
979 372 1123 419 αὐτοῖς
1154 366 1282 420 οὕτως
1310 371 1692 426 α’ντιπαρέρχεσθαι

265 442 342 492 μὲν
368 437 414 479 τὸ
465 435 679 492 ὁμόφυλον
721 436 777 484 ὥς
826 433 1046 491 ὁμόφωνον
1057 468 1074 489 ,
1106 434 1151 476 τὸ
1178 436 1226 476 δὲ
1253 435 1348 492 σιγῇ
1375 433 1492 476 ἐπιὸν
1521 438 1693 478 καίνοιεν

267 503 324 551 ὥς
352 502 651 554 ἄλλο’γλωσσον.
719 502 792 558 καί
829 502 948 542 τοῦτο
986 501 1039 542 δι’
1081 496 1179 555 ὅλης
1217 502 1291 555 τῆς
1328 499 1416 542 τότε
1457 502 1695 555 συμπλοκῆς

265 564 606 622 ἐπιφωνούμενον
636 567 836 607 διέστελλε
865 564 915 606 τὰ
943 567 1060 620 γένη,
1103 565 1176 607 καί
1200 565 1246 606 τὸ
1280 566 1359 606 τοῦ
1389 565 1550 619 Auem,
1581 564 1604 607 ὅ
1632 566 1731 607 σι’-5

266 634 390 687 δηρος
428 629 504 680 τὰς
543 632 624 673 τῶν
661 633 844 686 Περσῶν
880 629 1026 684 ψυχὰς
1071 628 1277 686 διήρχετο.
1342 629 1450 683 μετὰ
1493 631 1539 672 δὲ
1564 629 1696 673 πολύν

265 693 347 751 ὀψέ
388 711 487 738 ποτε
527 693 655 751 φόνον
697 694 734 737 οἱ
786 696 963 751 Τοῦρκοι
1002 698 1206 745 συνιέντες
1243 693 1268 736 ὃ
1305 692 1501 749 βούλεται
1537 694 1581 738 τὸ
1613 694 1693 738 ἀνὰ

266 761 398 814 στόμα
433 759 657 815 Ῥωμαίοις
693 762 879 813 κείμενον
897 793 907 813 ,
947 759 1106 818 ξυνῳδὰ
1135 758 1257 817 σφίσι
1294 759 1368 802 καί
1393 759 1517 803 αὐτοὶ
1541 762 1695 817 ἐφθέγ-

266 842 410 881 γοντο,
440 828 518 875 ἕως
545 828 619 882 τῆς
659 824 799 875 νυκτὸς
840 827 1128 880 διαγενομένης
1162 821 1232 867 ἄπ’
1259 825 1447 881 ἀλλήλων
1473 827 1696 880 διέστησαν

263 890 312 935 τά
356 889 660 947 στρατεύματα.
725 892 878 932 πολλαί
912 892 989 943 μὲν
1030 886 1104 932 οὖν
1139 891 1342 946 ἐκδρομαὶ
1377 889 1424 932 τὸ
1461 893 1758 949 Ξτηνικαῦταιο

266 959 414 1013 καιροῦ
449 959 507 1014 τῷ
538 960 712 1010 βασιλεῖ’
743 955 874 1014 τούτῳ
912 954 1018 998 κατὰ
1061 957 1142 998 τῶν
1173 955 1367 1012 Τούρκων
1394 957 1598 1010 ἐγένοντο,
1626 958 1699 997 καί

228 1021 382 1079 οπαροὶ
419 1020 572 1065 τούτων
614 1017 742 1072 αὖθις
774 1022 997 1075 Ῥωμαίοις
1033 1022 1383 1076 ἕπιξυνέστησαν·
1454 1024 1620 1078 παρῆκα
1651 1023 1697 1062 δὲ

214 1102 216 1105 ·
266 1088 422 1130 τούτων
449 1084 546 1129 ὅσαι
577 1086 658 1130 σῦν
684 1089 741 1144 τῷ
764 1085 822 1142 μὴ
852 1085 1136 1142 ἆξιαφήγητόν
1156 1102 1198 1127 τι
1226 1088 1452 1141 κεκτῆσθαι
1479 1088 1551 1128 καί
1574 1086 1697 1141 κόρον

265 1159 350 1202 τοῖς
377 1152 592 1209 φιληκόοις
622 1151 862 1206 ἐμποιήσειν
901 1148 1079 1206 ἤμελλον
1088 1184 1099 1204 ,
1143 1148 1213 1194 οἷα
1239 1150 1289 1193 τὰ
1317 1152 1445 1193 πολλὰ
1474 1154 1534 1200 εἰς
1560 1151 1695 1193 ταότιὶ

265 1217 336 1272 τὴν
364 1216 551 1271 ἱστορίαν
579 1219 970 1272 ἐπαναστρέφουσαι
998 1218 1069 1258 καί
1085 1217 1224 1271 μηδέν
1239 1233 1279 1258 τι
1304 1214 1611 1273 παρεξηλλαχός
1639 1217 1695 1265 εἰς
1714 1215 1759 1255 15

268 1282 344 1337 τὴν
376 1283 566 1338 διήγησιν
594 1281 780 1337 ἔχουσαι.
1771 1277 1775 1281 ’

157 1408 258 1442 ves
355 1402 596 1445 ΤΟΜΟΣ
639 1403 1013 1444 ΤΕΤΑΡΤΟΣ
1046 1404 1185 1443 ΤΗΣ
1211 1402 1622 1444 ΒΑΣΙΛΕΙΑΣ

541 1491 828 1540 MANOTA
873 1491 1002 1541 ΤΟΥ
1034 1491 1420 1541 KOMNENOY.

166 1627 200 1660 Ρ.
213 1627 255 1661 83
384 1641 415 1665 ι.
449 1606 690 1676 Ἐηάνειμι
717 1625 756 1665 δ’
793 1617 920 1672 αὖθις
951 1625 1022 1665 ἐπὶ
1045 1623 1095 1665 τὰ
1121 1623 1358 1677 Παιονικά,
1404 1625 1631 1680 σαφηνείας
1659 1624 1699 1664 δ’

361 1714 392 1756 4.
418 1711 677 1756 ἅλλόγλωττον
700 1711 740 1744 A.
840 1725 890 1757 ¹7·
921 1714 1081 1746 ΤΟΜΟΣ
1102 1732 1147 1738 -—
1175 1712 1460 1745 ΒΑΣΙΛΕΙΑΣ
1481 1723 1539 1745 om
1562 1713 1610 1754 A,
1635 1713 1696 1757 qui

361 1759 565 1804 Κομνηνοῠ
590 1758 708 1802 κυροῦ
735 1758 929 1800 Μανουήλ.
1005 1770 1054 1803 ¹9·
1080 1758 1290 1805 Παιονικοέ]
1310 1758 1499 1804 ου’γγρικοέ
1511 1759 1548 1792 Β.
1632 1767 1701 1792 σα-

360 1803 531 1851 φηνείας]
562 1805 768 1849 συναφείας
792 1803 827 1838 δ’
850 1804 892 1839 ἕν
914 1816 963 1838 κα
989 1809 1051 1846 τῆς
1080 1805 1247 1850 ἱστορίας
1270 1806 1310 1838 A.

271 1883 366 1916 enim
402 1882 570 1927 expedita
606 1883 788 1927 copiarum
824 1885 986 1928 partein
1025 1883 1187 1917 cohortes
1222 1883 1399 1927 descripta
1422 1893 1612 1928 secumque
1636 1882 1700 1915 ad·

273 1930 403 1970 ducta,
442 1935 550 1962 noctu
584 1929 804 1963 adversarios
842 1931 972 1963 rectius
1007 1930 1128 1963 invadi
1157 1941 1260 1975 posse
1287 1931 1375 1970 rati,
1408 1930 1499 1962 hanc
1526 1930 1698 1962 exercitui

271 1982 443 2009 tesseram
458 1977 495 2008 in
519 1981 694 2008 nocturno
719 1977 783 2008 illo
807 1976 975 2009 conflictu
991 1977 1178 2017 dederunt,
1203 1982 1243 2009 ut
1257 1977 1494 2010 exclamarent
1507 1977 1699 2018 ‚‚ferrum“‚

271 2028 314 2055 ut
342 2033 424 2054 suos
457 2033 499 2054 ea
525 2033 611 2055 voce
646 2023 766 2066 agnita
802 2023 993 2056 inviolatos
1017 2024 1269 2068 praeterirent,
1304 2034 1363 2055 eos
1387 2034 1471 2055 vero
1510 2023 1572 2066 qui
1598 2022 1700 2054 taciti

274 2068 504 2108 accederent,
543 2068 748 2101 occiderent
781 2074 821 2101 ut
860 2070 1075 2113 peregrinos.
1114 2080 1155 2101 ea
1184 2070 1389 2101 acclamatio
1424 2068 1535 2101 totius
1562 2078 1700 2112 pugnae

274 2119 435 2157 tempore
474 2119 596 2156 gentes
620 2114 808 2154 distinxit,
848 2120 884 2147 et
910 2121 950 2148 ut
976 2115 1092 2148 David
1117 2115 1183 2155 ait,
1210 2115 1293 2146 ferri
1320 2115 1434 2147 instar
1457 2115 1494 2146 in
1518 2115 1700 2147 Persarum

276 2160 413 2192 animos
440 2161 651 2202 penetravit.
684 2159 748 2192 sed
780 2161 889 2192 Turci
917 2166 999 2205 post
1036 2161 1184 2193 multam
1209 2160 1353 2193 tandem
1379 2160 1542 2200 caedem,
1567 2165 1700 2192 tessera

276 2206 342 2238 illa
367 2205 574 2246 intellecta,
604 2205 753 2238 eandem
784 2216 904 2238 vocem
930 2212 966 2239 et
988 2207 1057 2251 ipsi
1082 2212 1320 2250 usurparunt,
1354 2206 1468 2239 donec
1492 2207 1612 2250 elapsa
1635 2217 1702 2239 no-

280 2257 336 2284 cte
369 2251 535 2295 dirempti
578 2255 662 2283 sunt
692 2252 878 2284 exercitus.
915 2258 997 2285 sunt
1021 2258 1057 2285 et
1092 2253 1184 2285 aliae
1217 2253 1351 2286 multae
1375 2252 1552 2285 Manuelis
1579 2258 1701 2285 eontra

278 2299 412 2331 'furcas
447 2302 483 2330 et
509 2297 704 2329 Tur-carum
740 2302 863 2329 contra
888 2299 1061 2331 Romanos
1097 2300 1322 2331 excursiones
1347 2300 1486 2341 factae3
1512 2309 1600 2342 quas
1623 2299 1702 2343 ple-

279 2354 430 2388 rasque,
471 2342 569 2387 quod
605 2342 698 2375 nihil
736 2343 968 2377 memorabile
996 2345 1035 2376 in
1066 2345 1110 2376 iis
1135 2350 1251 2377 actum
1289 2351 1363 2385 est,
1388 2345 1629 2389 praetermisi,
1655 2352 1702 2377 ne

279 2391 401 2423 crebra
427 2389 597 2422 similium
620 2400 736 2423 rerum
760 2390 950 2434 repetitio,
974 2391 1052 2424 sine
1078 2390 1152 2423 ulla
1179 2391 1291 2436 gratia
1307 2392 1494 2432 novitatis,
1518 2390 1701 2425 fastidium

279 2441 422 2482 pareret
446 2435 651 2468 lectoribus.

460 2530 748 2570 NICETAE
793 2531 1179 2572 CHONIATAE
1217 2533 1409 2572 LIBER
1445 2533 1512 2572 IV

349 2622 550 2666 RERUM
583 2620 624 2665 A
656 2622 939 2665 MANUELE
974 2623 1266 2666 COMNENO
1303 2622 1637 2667 GESTARUM.

405 2775 433 2797 ι.
480 2732 715 2808 Priusquam
736 2767 859 2797 autem
886 2762 931 2796 ad
958 2774 1011 2797 res
1036 2764 1254 2799 Pannonicas
1279 2762 1439 2807 redeam,
1466 2761 1700 2811 perspicuita-
