1878 3230
239 175 347 230 302
659 185 889 227 NlcETAE
927 186 1240 230 cnoNiATAE

236 292 498 344 στρέμματος
524 281 611 337 εἶχε
642 285 756 338 βῆμα
785 282 1010 337 βασιλικόν,
1039 284 1111 327 καὶ
1136 288 1285 338 σκέψις
1304 288 1381 329 τοῦ
1407 286 1669 344 ἄτοπήματος

236 352 453 408 προύκειτο
482 348 668 403 σχήμασι
710 349 853 400 μόνοις
882 349 974 391 ἀλλ’
1012 350 1111 404 οὐχὶ
1138 353 1409 407 πράγμασιν·
1467 355 1669 409 ἐφωμάρ-

237 434 299 459 τει
324 416 403 470 γάρ
435 414 460 469 ἦ
490 414 690 467 καταδίκη
719 414 976 471 εὕθύςλκαί
1001 415 1058 465 ὥς
1085 410 1249 471 ἄφωνοι
1275 416 1424 470 ἰχθύες
1449 416 1488 460 οῖ
1520 435 1671 472 συσχε-

236 484 377 529 θὲι.’τες
400 480 616 533 α’πήγοντο,
641 479 739 532 μηδ’
768 475 873 528 ὅλως
893 478 1106 534 δεξάμενοι
1133 480 1180 522 τό
1209 482 1427 535 ἐνδόσιμον
1455 485 1515 532 εἷς
1545 483 1591 524 τὸ
1619 484 1670 525 τὰ

236 543 434 587 δοκοῦντά
462 559 608 599 σφισιν
636 543 978 599 ἀπολογήσασθαι
995 557 1005 570 ·
1041 546 1105 602 (5)
1127 546 1232 601 αὐτή
1264 548 1311 588 δὲ
1338 547 1365 602 ἦ
1393 550 1711 604 πορφυρογέν-ξ)

238 625 353 665 νήτος
390 607 468 651 σῦν
496 611 553 665 τῷ
596 604 720 664 ἄνδρί
753 612 809 666 τῷ
838 609 1028 666 Καίσαρι
1065 612 1122 668 τῷ
1147 613 1326 670 μεγίστῳ
1353 614 1440 670 ναῷ
1466 612 1675 669 προσρύε-

238 691 334 728 ται,
362 676 688 729 βαρυμηνιῶσαν
733 676 822 716 κατ’
858 675 992 729 αὐτῆς
1032 674 1316 730 ἔκδιδρὰσκειν
1345 675 1565 732 φάσκουσα
1590 695 1674 734 μη..

238 737 389 794 τρυιαν
415 737 487 780 καὶ
510 738 582 781 τὸν
608 740 763 794 ταύτης
789 738 1005 793 κάρταμον
1033 740 1223 795 ἐραστήν.
1281 737 1414 784 οἶκτον
1438 737 1510 785 οὖν
1538 743 1590 784 οὔ
1618 747 1677 802 τῷ

198 803 478 861 (Σπατριάρχῃ
507 802 632 856 μόνον
660 802 928 859 ἑμπεποιήκει
954 809 1027 847 καί
1051 812 1139 854 τοῖς
1157 802 1250 848 ὅσοι
1275 808 1349 861 τῆς
1376 805 1493 863 ἱερᾶς
1522 811 1676 863 κιγκλί-

239 872 310 918 δος
338 867 469 922 ἐντός,
509 866 617 910 ἄλλα
648 869 721 911 καὶ
746 871 964 919 πλείστους
995 872 1077 912 τῶν
1107 869 1153 912 ἐκ
1180 872 1257 913 τοῦ
1286 870 1512 925 ξύγκλυδος
1541 872 1676 928 δήμου
1695 888 1741 916 ιο

238 934 311 976 καί
336 932 550 990 σύρφακος
579 929 691 975 οὕτω
719 935 962 988 κατέκαμψε
990 934 1062 977 καί
1087 937 1314 992 μετέφερεν
1342 935 1400 990 ὦς
1427 940 1582 991 μικροῦ
1606 940 1679 981 καί

239 1002 513 1055 δακρυρροεῖν
539 1000 604 1041 ἐπ’
632 1001 753 1056 αὐτῇ.
822 998 942 1043 ἔνθεν
964 1017 1026 1043 τοι
1055 1002 1127 1042 καί
1152 1007 1244 1050 ταῖς
1271 1003 1354 1043 ταῖν
1382 1005 1544 1046 πολλῶν
1575 1004 1678 1046 οἴνα-

239 1068 528 1120 θερμανθεῖσα
571 1066 891 1121 περιπαθείαις,
921 1068 966 1108 ἐν
991 1069 1048 1123 τῷ
1074 1068 1195 1121 με’ρει
1221 1068 1267 1108 δὲ
1299 1066 1372 1110 καί
1398 1066 1501 1123 αὐτή
1535 1069 1680 1110 διαδόο

240 1146 334 1173 σεσι
360 1127 576 1186 στατήρων
604 1132 792 1184 χαλκέων
818 1131 926 1186 πρὸς
960 1132 1223 1173 ἀποστασίαν
1256 1131 1300 1174 τὸ
1331 1134 1548 1187 πτωχεῦον
1576 1135 1681 1188 πλῆ-

239 1199 315 1245 θος
355 1198 699 1250 ἐξαγριαίνουσα,
729 1194 782 1237 τὰ
821 1201 907 1247 τοῖς
942 1196 1179 1252 πρόσφυξιν
1214 1197 1352 1251 ἠδόξει
1389 1195 1678 1252 βραβευόμενα
1695 1199 1743 1242 15

238 1259 390 1314 ἔθιμα,
432 1261 507 1302 καί
535 1263 851 1316 προτεινομὲνής
891 1261 1118 1317 ἀμνηστίας
1148 1255 1206 1304 ὧν
1233 1260 1343 1304 ἑάλω
1375 1264 1517 1317 δρῶσα
1545 1266 1682 1314 κακαῖς

240 1328 332 1367 οὐδ’
355 1327 518 1368 ἐπαΐειν
547 1323 651 1375 ὅλως
675 1326 882 1380 ἠνείχετο,
905 1327 998 1368 ἀλλ’
1019 1326 1168 1383 ἀπῄτει
1183 1328 1446 1370 παλινδικίαν
1471 1330 1552 1370 ταῖν
1579 1327 1681 1371 ταύ-

239 1407 311 1446 της
336 1393 586 1444 συνωμοτῶν
614 1392 685 1433 καί
713 1386 853 1433 ἄνεσιν
880 1393 959 1433 τῶν
988 1393 1254 1446 καθείρξεων.
1311 1390 1380 1434 τόν
1399 1408 1444 1434 τε
1471 1408 1683 1448 πρωτοσε-

244 1455 398 1508 βαστὸν
427 1458 502 1511 τῆς
529 1459 784 1498 τῶνκοινῶν
802 1454 979 1510 ἔχεσθαι
1007 1456 1247 1510 διοικήσεως
1270 1457 1465 1510 οὐδαμῶς
1491 1459 1682 1514 φέρουσα

198 1533 229 1566 Ι)
246 1517 317 1576 ἢν,
356 1522 445 1563 α’λλ’
473 1521 848 1577 ἆποφλαυρίζουσα
889 1524 1055 1564 τουτονί
1083 1523 1191 1563 πόδα
1217 1521 1510 1578 ὑπερβάθμιον
1535 1522 1745 1569 τείνειναο

243 1586 401 1642 ἔφασκε
428 1592 515 1636 τοῖς
547 1587 624 1628 οὐκ
652 1589 835 1642 ε’φικτοΐς
857 1589 928 1629 καί
957 1589 1288 1629 κατολισθαίνειν
1317 1590 1377 1635 εἰς
1404 1587 1574 1641 πράξεις
1599 1605 1682 1643 μη-

244 1654 360 1709 δαμῇ
386 1651 583 1705 θεμιτοές,
614 1654 688 1694 καί
714 1650 761 1693 τὸ
792 1655 906 1707 γένος
944 1650 982 1693 οἱ
1008 1653 1205 1694 ἐντεῦθεν
1233 1654 1469 1695 ἒπιθολοῦν.
1527 1652 1610 1711 ὁδῷ
1635 1656 1683 1696 δὲ

334 1741 367 1774 3.
393 1739 431 1774 οἱ
454 1750 511 1773 om
536 1740 575 1773 A.
685 1753 716 1786 7.
746 1741 822 1774 κατ’
851 1738 975 1786 αὐτῆς]
1002 1738 1132 1782 ἑαυτῆς
1156 1740 1195 1773 A.
1301 1743 1333 1776 8.
1355 1739 1530 1787 ἐραστήν]
1561 1751 1682 1788 προα-

335 1786 499 1828 σπιστήν
522 1786 562 1819 Α.
709 1798 759 1820 ιο.
784 1780 873 1823 τοὺς
898 1788 1038 1820 πλείστ.
1062 1788 1101 1820 Α.
1248 1787 1299 1820 16.
1323 1789 1387 1820 καὶ
1409 1786 1589 1834 προ-[ειν]
1618 1789 1682 1821 καὶ

334 1834 577 1879 συμπαθείας
608 1830 712 1877 παρὰ
744 1837 811 1867 τοῦ
839 1834 1015 1877 βασιλέως
1039 1833 1280 1878 πεμφθείσης
1321 1832 1392 1866 οὐκ
1421 1832 1554 1873 ἤθελεν
1577 1833 1682 1873 δέξα-

334 1882 429 1960 gg?
450 1880 488 1912 Β.
524 1927 552 1960 A
627 1890 682 1913 αι.
708 1878 895 1926 ἐφικτοῖς]
931 1883 1101 1926 θεμιτοῖς
1126 1879 1165 1911 Α.
1286 1879 1339 1917 εἰς
1363 1878 1533 1926 πράξεις]
1557 1881 1610 1918 εἷς
1633 1877 1678 1915 τοὶ

406 1937 499 1972 μιτα
557 1951 564 1958 .

242 2008 332 2037 rent.
374 2003 438 2037 sed
464 2015 544 2037 casu
570 2003 725 2049 quodam
759 2015 800 2037 eo
828 2004 978 2037 consilio
1014 2004 1182 2037 frustrata
1208 2008 1271 2036 est.
1296 2015 1378 2037 nam
1406 2003 1549 2037 insidiis
1570 2004 1679 2049 paulo

241 2055 324 2094 post
350 2049 582 2094 deprehensis
607 2050 739 2084 caeteri
764 2050 809 2083 ad
823 2051 984 2083 tribunal
998 2050 1223 2095 imperatoris
1240 2049 1386 2083 adducti
1414 2055 1508 2091 sunt,
1532 2055 1574 2083 ut
1598 2062 1682 2084 sen-

241 2097 358 2128 tentia
383 2096 428 2128 (le
450 2107 492 2129 eo
535 2096 669 2129 scelere
706 2097 881 2138 ferretur;
920 2096 1031 2141 idque
1056 2097 1175 2142 specie
1206 2095 1402 2136 duntaxat,
1427 2107 1502 2129 non
1526 2106 1563 2129 re
1584 2108 1679 2131 vera.

241 2143 363 2175 statim
392 2143 487 2175 enim
530 2142 782 2175 condemnatio
824 2143 1063 2188 sequebatur3
1102 2148 1138 2175 et
1161 2142 1219 2174 illi
1250 2147 1291 2174 ut
1314 2142 1404 2175 muti
1439 2143 1577 2186 pisces,
1605 2155 1680 2178 nou

242 2189 326 2222 data
364 2188 585 2222 defendendi
623 2189 679 2221 sui
700 2194 903 2233 potestate,
940 2190 979 2222 in
1001 2189 1145 2222 vincula
1179 2188 1462 2221 abducebantur.
1524 2189 1575 2235 (5)
1597 2190 1680 2234 Ipsa

240 2246 324 2267 vero
350 2234 654 2279 Porphyrogenita
679 2245 759 2268 cum
776 2236 926 2269 Caesare
949 2236 1077 2268 marito
1103 2234 1148 2268 ad
1175 2236 1368 2268 maximum
1393 2235 1566 2279 templum
1593 2247 1680 2269 con-

241 2281 355 2325 sugit,
390 2282 518 2315 iratam
556 2292 744 2314 novercam
772 2287 808 2315 et
831 2282 906 2314 eius
933 2282 1143 2315 acerrimum
1166 2280 1393 2315 defensorem
1420 2287 1456 2315 et
1483 2286 1678 2316 amatorem

242 2339 280 2360 se
304 2328 425 2372 fugere
447 2327 659 2362 vociferans.
683 2339 758 2361 non
781 2329 891 2372 igitur
914 2328 1117 2372 patriarcha
1141 2328 1255 2361 solum
1285 2332 1323 2361 et
1347 2327 1538 2373 collegium
1560 2339 1679 2361 sacer-

242 2373 368 2407 dotum
402 2374 479 2407 eius
511 2379 596 2407 sunt
619 2375 772 2408 miserti:
811 2373 876 2407 sed
899 2375 1043 2418 plebem
1067 2385 1213 2419 quoque
1230 2374 1490 2419 promiscuam,
1515 2385 1609 2420 quae
1634 2386 1678 2408 eo

243 2420 482 2461 confluxerat,
509 2421 560 2454 ita
586 2421 778 2454 commovit
804 2426 845 2454 ut
868 2421 928 2453 vix
952 2432 972 2453 a
998 2421 1153 2454 lacrimis
1174 2426 1429 2466 temperarent.
1455 2432 1526 2466 quo
1550 2421 1680 2466 populi

243 2469 372 2500 affectu
397 2467 510 2508 freta,
543 2471 580 2499 et
602 2477 761 2512 paupere
797 2467 905 2500 turba
931 2478 1115 2500 aereorum
1140 2471 1311 2501 staterum
1335 2467 1526 2512 largitione
1549 2467 1595 2500 ad
1622 2478 1679 2501 se—

244 2513 419 2546 ditionem
442 2513 641 2555 concitata,
678 2512 975 2546 consuetudinem
999 2514 1201 2558 supplicum
1230 2515 1466 2558 contempsit3
1492 2519 1529 2547 et
1549 2514 1678 2547 veniae

243 2560 486 2600 mentionem,
512 2570 605 2605 quae
630 2559 664 2592 ei
689 2560 927 2600 offerebatur,
952 2560 1077 2593 audire
1103 2560 1230 2594 nolens
1246 2586 1255 2602 ,
1283 2561 1495 2605 postulabat
1517 2565 1558 2594 ut
1591 2571 1678 2594 con-

243 2606 370 2639 iuratis
395 2616 535 2639 carcere
564 2606 844 2649 eductisdenuo
873 2617 1000 2640 causae
1026 2606 1136 2639 dictio
1162 2606 1327 2649 daretur3
1351 2618 1470 2653 neque
1497 2607 1574 2639 ullo
1598 2617 1678 2643 mo-

245 2652 291 2686 do
317 2652 456 2686 ferebat
487 2658 529 2686 ut
561 2653 823 2686 sebastocrator
861 2664 934 2685 rem
957 2654 1138 2698 publicam
1162 2653 1448 2687 administraret:
1475 2664 1557 2686 eum
1581 2653 1677 2686 enim

243 2699 377 2732 limites
401 2699 580 2733 transilire
606 2704 643 2732 et
667 2699 706 2732 in
729 2700 859 2732 multas
880 2710 934 2732 res
956 2700 1111 2733 nefarias
1131 2700 1325 2745 impingere
1349 2706 1386 2734 et
1410 2700 1577 2734 tenebras
1601 2700 1675 2732 suis

245 2745 441 2780 maioribus
469 2745 653 2780 offundere
678 2746 906 2792 querebatur.
946 2757 1013 2781 nec
1036 2746 1093 2781 his
1117 2747 1305 2789 content-i,
1330 2752 1371 2781 ut
1392 2747 1528 2794 palatio
1555 2746 1674 2791 exige-
