1878 3230
414 187 485 226 DE
523 186 698 226 SIGle
736 181 1409 226 CONSTANTmoPoLlTAms.
1506 165 1608 219 861
1641 216 1648 221 .

189 297 239 337 δὲ
263 295 485 351 βραχέων,
515 295 589 336 καί
611 293 768 336 τούτων
792 295 972 346 χαλκῶν,
999 293 1048 334 τά
1079 291 1237 334 παλαιοὶ
1262 292 1516 346 σεμνώματα
1544 293 1619 334 τοῦ

187 360 333 415 γένους
369 360 589 402 ἀπέδωκαν
624 357 698 400 καὶ
727 362 917 413 καθῆκαν
955 357 1083 407 αὐτὰς
1124 359 1184 408 εἰς
1225 357 1272 399 τὸ
1313 358 1617 413 χωνευτήριον·

187 424 253 468 ἔτι
279 441 326 480 γε
350 425 436 480 μὴν
461 425 535 468 καί
561 422 630 467 τὸν
654 418 787 479 ἄνδρα
810 423 886 481 ,τὸν
913 426 1142 466 παλαίοντα
1170 425 1303 466 λέοντι
1318 457 1331 478 ,
1361 424 1434 466 καὶ
1457 423 1525 466 τὸν
1549 424 1619 466 ἴπ-

188 506 267 533 πον
293 489 364 532 τόν
388 492 574 547 Νειλῷον
589 521 601 543 ,
634 490 678 538 ἐς
707 488 878 543 οὕραῖον
909 489 1199 543 ἦκανθωμένον
1218 488 1355 531 λεπίσι
1374 489 1424 531 τὰ
1446 485 1620 532 ὄπισθεν

151 553 264 599 5τοῦ
290 555 480 608 σώματος
508 553 709 609 λήγοντα,
738 552 812 594 καί
836 552 905 595 τὸν
932 557 1093 595 σείοντα
1130 553 1205 608 τήν
1238 557 1494 608 προνομαίαν
1531 557 1620 598 ἑλέ-

189 637 344 678 φαντα·
402 618 478 670 τὰς
502 622 688 676 Σφίγγας
714 620 784 661 ἐπὶ
809 619 970 668 τούτοις
986 652 996 671 ,
1036 619 1111 668 τάς
1141 619 1315 668 εὐειδεῖς
1341 621 1398 670 ὥς
1424 627 1622 675 γυναῖκας

184 686 236 729 τοὶ
263 685 501 740 ἔιιπροσθεν
527 687 601 726 καί
627 683 803 741 φρικτάς
835 681 892 733 ὥς
914 687 1044 739 θηρία
1074 684 1127 726 τά
1157 680 1327 738 ὄπισθεν
1346 719 1357 735 ,
1383 689 1623 741 καινοτέρας

188 754 237 794 δὲ
262 753 320 801 ὥς
347 753 420 792 καί
448 751 553 807 πεζῇ
578 748 808 804 βαινούσας
834 751 908 792 καί
934 750 1103 806 κούφως
1132 751 1189 808 τῷ
1224 753 1359 807 πτερῷ
1389 753 1622 807 φερομένας

187 817 262 860 καί
300 817 636 869 διαμιλλωμένας
672 821 756 864 τοῖς
799 818 879 857 τῶν
924 816 1106 870 ὀρνίθων
1145 820 1494 873 μεγαλοπτέρυξι·
1552 821 1626 860 καί

130 883 257 926 ιοτὸν
297 881 494 936 ἀχάλινον
535 883 659 923 ἵππον
696 881 950 937 ὀρθιάζοντα
995 880 1043 923 τὸ
1086 877 1160 930 οὖς
1194 885 1267 923 καί
1305 882 1621 938 φριμάσσοντα,

185 948 343 1003 γαῦρόν
369 963 412 989 τε
443 948 516 989 καί
540 946 706 1003 ειῖἡνιον
734 949 1053 1002 προποὸιζοντα·
1107 948 1180 988 καί
1203 947 1250 989 τὸ
1280 945 1459 1003 ἆρχαῖον
1485 948 1620 1002 κακόν,

185 1012 261 1070 τὴν
286 1014 497 1066 Σκύλλαν,
526 1016 655 1068 μέχρι
682 1016 760 1066 μὲν
790 1012 903 1063 ἴξύος
927 1017 1159 1066 γυναικεῖον
1181 1008 1290 1061 εἶδος
1313 1018 1620 1070 προφέρουσαν,

185 1080 260 1123 καί
284 1081 407 1123 τοῦτο
438 1081 631 1133 προτενὲς
663 1078 736 1119 καί
763 1075 1018 1133 ὖπερμαζῶν
1060 1079 1134 1118 καί
1169 1078 1317 1130 μεστὸν
1354 1078 1620 1135 α’γριότητος,

186 1146 240 1188 ui
282 1149 321 1188 δ”
357 1144 490 1188 ἔκτοτε
535 1146 824 1198 διεσχισμένον
868 1145 928 1192 εἷς
967 1145 1106 1198 θῆρας
1150 1144 1422 1198 ἑμπηὸὤντας
1462 1147 1513 1202 τῇ
1547 1148 1622 1188 τοῦ

111 1213 415 1260 “15Ὀὸυσσὲως
443 1211 514 1265 νηῒ
529 1209 601 1251 καί
623 1208 804 1263 συχνοὺς
830 1211 911 1250 τῶν
936 1206 1112 1262 ἑταίρων
1144 1209 1567 1262 καταβροχθίζοντας.

294 1279 355 1319 8.v
386 1272 466 1319 Ἢν
498 1277 533 1318 δ’
560 1277 605 1318 ἐν
633 1277 689 1333 τῷ
716 1273 870 1331 ἱππικῷ
891 1276 964 1315 καί
987 1272 1169 1327 χάλκεος·
1188 1269 1310 1323 αἐτὸς
1340 1274 1617 1330 ἀνακείμενος,

187 1345 264 1386 τοῦ
292 1345 338 1385 ἐκ
370 1339 541 1384 Τυὰνων
564 1337 847 1384 Ἀπολλωνίου
875 1338 1014 1381 καινὸν
1043 1336 1290 1392 μεθόδευμα
1318 1340 1391 1382 καί
1413 1344 1484 1396 τῆς
1511 1344 1618 1383 ὲκεί-

186 1423 264 1453 νου
302 1408 491 1464 γοητείας
530 1407 839 1461 μεγαλοπρεπὲς
881 1402 1171 1459 μαγγὰνευμα.
1240 1405 1494 1460 παραβαλών
1538 1409 1618 1462 γάρ

188 1490 285 1516 ποτε
312 1476 559 1525 Βυζαντίοις
587 1469 827 1526 παρεκλήθη
873 1469 925 1511 τὰ
963 1473 1048 1512 τῶν
1090 1466 1228 1526 ὄφεων
1263 1471 1513 1513 κατευνάσαι
1550 1473 1622 1527 δή·

122 1553 176 1580 20
189 1555 351 1593 γματα,
384 1539 460 1594 ὑφ’
487 1533 544 1579 ὧν
575 1535 758 1588 ἔπασχον
784 1538 928 1576 ἐκεῖνοι
968 1537 1130 1583 κακῶς·
1191 1537 1334 1588 α’μέλει
1359 1539 1432 1577 καί
1458 1540 1622 1589 συνερί-

189 1608 282 1654 θοις
304 1610 396 1653 ταῖς
424 1602 749 1657 ἆρρητουργίαις
778 1600 1041 1654 χρησάμενος
1080 1595 1140 1642 ὧν
1184 1598 1395 1656 ὖφηγηταί
1433 1603 1623 1653 δαίμονες

186 1669 262 1713 καί
288 1666 380 1713 ὅσοι
406 1668 459 1711 τὰ
488 1666 645 1710 τούτων
672 1664 978 1722 πρεσβεύουσιν
1009 1660 1130 1722 ὄργια
1145 1698 1156 1719 ,
1187 1665 1256 1708 ἐπὶ
1281 1669 1430 1721 στήλης
1457 1663 1618 1723 ἀνίστη-

288 1829 301 1852 ¹
309 1841 318 1849 .
344 1813 560 1862 σεμνώτατα
586 1813 628 1847 O.

191 1953 293 1996 tiqua
316 1949 380 1982 illa
405 1947 541 1992 generis
568 1947 621 1979 sui
647 1945 950 1978 venerabilissima
976 1951 1203 1978 monumenta
1236 1945 1274 1977 in
1304 1945 1479 1977 officinam
1520 1955 1617 1979 aera-

193 1999 281 2031 riam
305 1995 522 2028 detulerunt.
548 1993 763 2037 insuperque
789 1992 903 2023 virum
929 2003 1008 2024 cnm
1041 1992 1146 2024 leone
1172 1997 1406 2036 pugnantem,
1443 1997 1479 2024 et
1505 1992 1619 2024 Nilia-

193 2055 275 2077 cum
303 2053 455 2086 equum,
491 2039 552 2085 qui
576 2050 596 2070 a
619 2038 875 2083 posterioribus
898 2038 1057 2082 partibus
1089 2039 1125 2070 in
1150 2038 1298 2070 caudam
1327 2039 1479 2082 squamis
1515 2049 1620 2082 oper-

195 2096 270 2124 tam
309 2086 498 2121 desinebat
515 2111 525 2126 ‚
571 2084 822 2129 elephantem,
867 2085 929 2128 qui
970 2084 1218 2128 proboscidem
1261 2084 1441 2124 vibrabat,
1489 2084 1620 2129 Sphin-

195 2146 349 2181 gesque,
376 2144 468 2179 quae
498 2131 541 2165 ab
576 2131 746 2164 anteriori
771 2135 873 2174 parte
907 2131 1089 2174 speciosae
1116 2137 1158 2163 ut
1180 2131 1345 2163 mulieres
1369 2135 1480 2170 erant,
1507 2143 1527 2162 a
1555 2142 1620 2175 po-

193 2183 346 2217 steriore
377 2180 479 2225 quasi
514 2179 609 2211 ferae
642 2176 850 2218 horribiles3
885 2177 1074 2220 singularis
1107 2188 1190 2209 vero
1226 2178 1358 2210 formae
1383 2182 1502 2217 erant,
1535 2178 1620 2221 quia

196 2230 299 2274 quasi
323 2227 476 2272 pedibus
499 2224 706 2258 incedentes
732 2223 804 2256 levi
828 2223 959 2255 alarum
982 2229 1080 2256 motu
1105 2223 1313 2257 ferebantur
1337 2229 1372 2256 et
1399 2235 1478 2256 cum
1502 2223 1619 2255 avium

195 2275 356 2308 maximis
386 2272 649 2306 concertabant.
681 2271 837 2314 itemque
861 2270 1077 2302 infrenatum
1111 2281 1241 2315 equum
1278 2281 1379 2303 aures
1409 2271 1619 2314 arrigentem

197 2333 239 2355 ac
264 2322 471 2354 frementem
495 2319 695 2361 lasciveque
725 2321 831 2361 atque
854 2315 1015 2349 hilariter
1041 2316 1311 2349 subsultantem.
1339 2316 1384 2349 ad
1412 2316 1499 2348 haee
1526 2316 1619 2347 anti-

198 2379 308 2412 quum
332 2366 423 2399 illud
447 2365 598 2405 malum,
627 2363 800 2406 Scyllam,
823 2373 915 2407 quae
939 2374 960 2395 a
986 2363 1115 2395 lumbis
1143 2363 1287 2407 quidem
1320 2363 1508 2396 femineam
1546 2362 1619 2393 for-

198 2425 291 2446 mam
314 2412 558 2458 praeferebat,
582 2411 752 2454 illamque
776 2420 958 2453 proceram
982 2415 1018 2443 et
1048 2415 1207 2453 vegetam
1225 2435 1234 2450 ‚
1271 2409 1334 2442 sed
1366 2409 1508 2441 feritate
1541 2408 1620 2450 ple-

199 2471 303 2493 nam:
332 2459 460 2492 exinde
488 2469 572 2491 vero
601 2456 714 2490 divisa
744 2461 820 2488 erat
843 2456 881 2488 in
909 2457 1002 2489 feras
1028 2456 1161 2499 Ulyssis
1201 2467 1325 2490 navem
1358 2455 1557 2487 insilientes
1586 2459 1622 2486 et

201 2506 390 2539 amicorum
419 2506 493 2538 eius
518 2504 648 2537 multos
677 2503 895 2535 devorantes.

293 2553 324 2586 8.
374 2551 456 2583 Erat
479 2562 583 2595 porro
607 2551 646 2582 in
668 2548 913 2593 Hippodromo
939 2548 1068 2593 Aquila
1095 2559 1206 2580 aenea
1233 2547 1388 2590 reposita
1406 2570 1415 2584 ‚
1442 2544 1625 2588 Apollonii

201 2598 338 2640 Tyanei
360 2607 490 2636 novum
513 2597 695 2629 inventum
713 2596 860 2639 eiusque
888 2596 1158 2639 praestigiarum
1182 2592 1307 2625 nobile
1337 2592 1622 2623 instrumentum.

195 2652 282 2677 'nam
305 2654 382 2675 cum
408 2642 600 2686 aliquande
624 2643 828 2684 Byzantium
857 2642 1034 2677 venisset,
1071 2645 1212 2681 rogatus
1249 2643 1301 2669 est
1334 2643 1374 2670 ut
1407 2637 1622 2680 serpentium

201 2701 338 2724 morsus
362 2689 514 2733 sopiret,
548 2700 566 2720 a
591 2688 719 2733 quibus
747 2689 904 2731 Byzantii
931 2687 1160 2718 vexabantur.
1184 2690 1259 2716 tum
1285 2683 1346 2714 ille
1372 2684 1517 2715 nefariis
1543 2695 1622 2715 usus

200 2735 422 2775 ministeriis,
451 2745 600 2780 quorum
623 2735 779 2777 magistri
802 2733 991 2765 daemones
1018 2738 1052 2765 et
1077 2735 1254 2776 quotquot
1279 2740 1398 2762 eorum
1425 2730 1524 2773 orgia·
1542 2741 1623 2774 per-
