<?xml version="1.0" encoding="UTF-8"?>
<!DOCTYPE html PUBLIC "-//W3C//DTD XHTML 1.0 Transitional//EN"
    "http://www.w3.org/TR/xhtml1/DTD/xhtml1-transitional.dtd">
<html xmlns="http://www.w3.org/1999/xhtml" xml:lang="en" lang="en">
 <head>
  <title>
</title>
<meta http-equiv="Content-Type" content="text/html;charset=utf-8" />
  <meta name='ocr-system' content='tesseract 3.04.00' />
  <meta name='ocr-capabilities' content='ocr_page ocr_carea ocr_par ocr_line ocrx_word'/>
</head>
<body>
  <div class='ocr_page' id='page_1' title='image "./corpusscriptorum41niebuoft/corpusscriptorum41niebuoft_0690.png"; bbox 0 0 1878 3230; ppageno 0'>
   <div class='ocr_carea' id='block_1_1' title="bbox 285 173 1290 237">
    <p class='ocr_par' dir='ltr' id='par_1_1' title="bbox 285 173 1290 237">
     <span class='ocr_line' id='line_1_1' title="bbox 285 173 1290 237; baseline 0.001 -3"><span class='ocrx_word' id='word_1_1' title='bbox 285 180 398 234; x_wconf 77' lang='lat'><em>660</em></span> <span class='ocrx_word' id='word_1_2' title='bbox 709 193 936 237; x_wconf 66' lang='lat' dir='ltr'>menne</span> <span class='ocrx_word' id='word_1_3' title='bbox 980 173 1290 236; x_wconf 71' lang='lat' dir='ltr'>enomATAE</span> 
     </span>
    </p>
   </div>
   <div class='ocr_carea' id='block_1_2' title="bbox 158 288 1769 1780">
    <p class='ocr_par' dir='ltr' id='par_1_2' title="bbox 158 288 1769 1002">
     <span class='ocr_line' id='line_1_2' title="bbox 158 288 1705 347; baseline -0.004 -5"><span class='ocrx_word' id='word_1_4' title='bbox 158 305 269 342; x_wconf 55' lang='lat'><em>2322</em></span> <span class='ocrx_word' id='word_1_5' title='bbox 282 299 355 339; x_wconf 79' lang='grc' dir='ltr'><em>τοῦ</em></span> <span class='ocrx_word' id='word_1_6' title='bbox 385 299 547 338; x_wconf 77' lang='grc' dir='ltr'><em>εὐνέτου</em></span> <span class='ocrx_word' id='word_1_7' title='bbox 565 326 576 347; x_wconf 86' lang='grc'><strong><em>,</em></strong></span> <span class='ocrx_word' id='word_1_8' title='bbox 605 294 819 336; x_wconf 77' lang='grc' dir='ltr'><em>ἐσκέπτετο</em></span> <span class='ocrx_word' id='word_1_9' title='bbox 848 295 893 334; x_wconf 75' lang='grc' dir='ltr'><em>δὲ</em></span> <span class='ocrx_word' id='word_1_10' title='bbox 924 295 1045 334; x_wconf 86' lang='grc' dir='ltr'><em>πλέον</em></span> <span class='ocrx_word' id='word_1_11' title='bbox 1071 292 1174 345; x_wconf 74' lang='grc' dir='ltr'><em>μετὰ</em></span> <span class='ocrx_word' id='word_1_12' title='bbox 1203 296 1282 334; x_wconf 74' lang='grc' dir='ltr'><em>τῶν</em></span> <span class='ocrx_word' id='word_1_13' title='bbox 1309 292 1514 347; x_wconf 72' lang='grc' dir='ltr'><em>συνήθων,</em></span> <span class='ocrx_word' id='word_1_14' title='bbox 1542 293 1614 337; x_wconf 75' lang='grc' dir='ltr'><em>καὶ</em></span> <span class='ocrx_word' id='word_1_15' title='bbox 1644 288 1705 342; x_wconf 82' lang='grc' dir='ltr'><em>οἷς</em></span> 
     </span>
     <span class='ocr_line' id='line_1_3' title="bbox 280 356 1704 415; baseline -0.002 -13"><span class='ocrx_word' id='word_1_16' title='bbox 280 360 331 403; x_wconf 76' lang='grc' dir='ltr'><em>τὰ</em></span> <span class='ocrx_word' id='word_1_17' title='bbox 363 359 581 415; x_wconf 73' lang='grc' dir='ltr'><em>κρυφιιόὸη</em></span> <span class='ocrx_word' id='word_1_18' title='bbox 617 360 699 400; x_wconf 74' lang='grc' dir='ltr'><em>τῶν</em></span> <span class='ocrx_word' id='word_1_19' title='bbox 736 358 1032 411; x_wconf 80' lang='grc' dir='ltr'><em>βουλευμάτων</em></span> <span class='ocrx_word' id='word_1_20' title='bbox 1077 356 1364 410; x_wconf 72' lang='grc' dir='ltr'><em>προσανετίθει</em></span> <span class='ocrx_word' id='word_1_21' title='bbox 1406 359 1477 398; x_wconf 78' lang='grc' dir='ltr'><em>καί</em></span> <span class='ocrx_word' id='word_1_22' title='bbox 1511 359 1584 399; x_wconf 76' lang='grc' dir='ltr'><em>τοῦ</em></span> <span class='ocrx_word' id='word_1_23' title='bbox 1609 357 1704 413; x_wconf 76' lang='grc' dir='ltr'><em>στή-</em></span> 
     </span>
     <span class='ocr_line' id='line_1_4' title="bbox 280 421 1706 478; baseline -0.001 -13"><span class='ocrx_word' id='word_1_24' title='bbox 280 428 382 473; x_wconf 73' lang='grc' dir='ltr'><em>θους</em></span> <span class='ocrx_word' id='word_1_25' title='bbox 411 421 618 478; x_wconf 79' lang='grc' dir='ltr'><em>α’νεμήρυε</em></span> <span class='ocrx_word' id='word_1_26' title='bbox 645 422 695 464; x_wconf 80' lang='grc' dir='ltr'><em>τὰ</em></span> <span class='ocrx_word' id='word_1_27' title='bbox 735 421 971 477; x_wconf 68' lang='grc' dir='ltr'><em>ἀπόρρητα,</em></span> <span class='ocrx_word' id='word_1_28' title='bbox 1011 424 1084 463; x_wconf 81' lang='grc' dir='ltr'>καί</span> <span class='ocrx_word' id='word_1_29' title='bbox 1110 421 1206 476; x_wconf 70' lang='grc' dir='ltr'><em>περὶ</em></span> <span class='ocrx_word' id='word_1_30' title='bbox 1238 424 1315 463; x_wconf 84' lang='grc' dir='ltr'><em>τοῦ</em></span> <span class='ocrx_word' id='word_1_31' title='bbox 1355 424 1706 475; x_wconf 78' lang='grc' dir='ltr'><strong><em>παραληψομένου</em></strong></span> 
     </span>
     <span class='ocr_line' id='line_1_5' title="bbox 278 485 1707 543; baseline -0.003 -12"><span class='ocrx_word' id='word_1_32' title='bbox 278 488 352 543; x_wconf 78' lang='grc' dir='ltr'><em>τὴν</em></span> <span class='ocrx_word' id='word_1_33' title='bbox 380 490 605 542; x_wconf 81' lang='grc' dir='ltr'><em>βασιλείαν,</em></span> <span class='ocrx_word' id='word_1_34' title='bbox 634 485 691 537; x_wconf 82' lang='grc' dir='ltr'><em>ὦς</em></span> <span class='ocrx_word' id='word_1_35' title='bbox 720 486 836 530; x_wconf 83' lang='grc' dir='ltr'><em>ἔσται</em></span> <span class='ocrx_word' id='word_1_36' title='bbox 866 503 928 536; x_wconf 88' lang='grc' dir='ltr'><em>τις</em></span> <span class='ocrx_word' id='word_1_37' title='bbox 949 488 1054 543; x_wconf 72' lang='grc' dir='ltr'><em>αὐτῇ</em></span> <span class='ocrx_word' id='word_1_38' title='bbox 1081 485 1138 541; x_wconf 78' lang='grc' dir='ltr'><em>μὴ</em></span> <span class='ocrx_word' id='word_1_39' title='bbox 1168 486 1364 541; x_wconf 77' lang='grc' dir='ltr'><em>ἀνάρσιος</em></span> <span class='ocrx_word' id='word_1_40' title='bbox 1394 488 1493 541; x_wconf 75' lang='grc' dir='ltr'><em>μηδ”</em></span> <span class='ocrx_word' id='word_1_41' title='bbox 1519 485 1707 540; x_wconf 75' lang='grc' dir='ltr'><em>α’πεχθὴς</em></span> 
     </span>
     <span class='ocr_line' id='line_1_6' title="bbox 278 547 1744 607; baseline -0.002 -12"><span class='ocrx_word' id='word_1_42' title='bbox 278 556 367 595; x_wconf 70' lang='grc' dir='ltr'><em>ἀλλ’</em></span> <span class='ocrx_word' id='word_1_43' title='bbox 415 554 630 602; x_wconf 85' lang='grc' dir='ltr'><em>α’σπασιος.</em></span> <span class='ocrx_word' id='word_1_44' title='bbox 697 556 867 606; x_wconf 86' lang='grc' dir='ltr'><em>βασιλεῖ’</em></span> <span class='ocrx_word' id='word_1_45' title='bbox 891 555 968 604; x_wconf 83' lang='grc' dir='ltr'><em>μὲν</em></span> <span class='ocrx_word' id='word_1_46' title='bbox 1009 550 1088 607; x_wconf 77' lang='grc' dir='ltr'><em>γὰρ</em></span> <span class='ocrx_word' id='word_1_47' title='bbox 1114 551 1188 593; x_wconf 73' lang='grc' dir='ltr'><em>οὐκ</em></span> <span class='ocrx_word' id='word_1_48' title='bbox 1215 547 1266 606; x_wconf 80' lang='grc' dir='ltr'><em>ἦν</em></span> <span class='ocrx_word' id='word_1_49' title='bbox 1295 550 1490 605; x_wconf 76' lang='grc' dir='ltr'><em>διάδοχος</em></span> <span class='ocrx_word' id='word_1_50' title='bbox 1518 550 1608 600; x_wconf 79' lang='grc' dir='ltr'><em>υἱὸς</em></span> <span class='ocrx_word' id='word_1_51' title='bbox 1635 553 1744 605; x_wconf 85' lang='grc' dir='ltr'><em>τῆς5</em></span> 
     </span>
     <span class='ocr_line' id='line_1_7' title="bbox 277 611 1708 672; baseline -0.001 -12"><span class='ocrx_word' id='word_1_52' title='bbox 277 615 437 672; x_wconf 71' lang='grc' dir='ltr'><em>ἀρχῆς,</em></span> <span class='ocrx_word' id='word_1_53' title='bbox 480 617 711 670; x_wconf 75' lang='grc' dir='ltr'><em>δυάζουσαι</em></span> <span class='ocrx_word' id='word_1_54' title='bbox 751 621 797 660; x_wconf 74' lang='grc' dir='ltr'><em>δὲ</em></span> <span class='ocrx_word' id='word_1_55' title='bbox 824 619 1078 672; x_wconf 75' lang='grc' dir='ltr'><em>θυγατέρες,</em></span> <span class='ocrx_word' id='word_1_56' title='bbox 1117 616 1189 659; x_wconf 81' lang='grc' dir='ltr'><strong><em>καί</em></strong></span> <span class='ocrx_word' id='word_1_57' title='bbox 1217 611 1345 658; x_wconf 71' lang='grc' dir='ltr'><em>αὗται</em></span> <span class='ocrx_word' id='word_1_58' title='bbox 1380 618 1460 659; x_wconf 75' lang='grc' dir='ltr'><em>τῶν</em></span> <span class='ocrx_word' id='word_1_59' title='bbox 1498 614 1708 659; x_wconf 74' lang='grc' dir='ltr'><em>συνεύνων</em></span> 
     </span>
     <span class='ocr_line' id='line_1_8' title="bbox 275 682 1709 738; baseline -0.001 -13"><span class='ocrx_word' id='word_1_60' title='bbox 275 685 431 738; x_wconf 80' lang='grc' dir='ltr'><em>μικροῦ</em></span> <span class='ocrx_word' id='word_1_61' title='bbox 460 684 781 736; x_wconf 85' lang='grc' dir='ltr'><em>σπανιζόμεναι·</em></span> <span class='ocrx_word' id='word_1_62' title='bbox 847 683 874 737; x_wconf 82' lang='grc' dir='ltr'><em>ἢ</em></span> <span class='ocrx_word' id='word_1_63' title='bbox 908 685 984 736; x_wconf 81' lang='grc' dir='ltr'><em>μὲν</em></span> <span class='ocrx_word' id='word_1_64' title='bbox 1008 682 1088 737; x_wconf 77' lang='grc' dir='ltr'><em>γὰρ</em></span> <span class='ocrx_word' id='word_1_65' title='bbox 1113 684 1422 738; x_wconf 82' lang='grc' dir='ltr'><em>προφερεστέρα</em></span> <span class='ocrx_word' id='word_1_66' title='bbox 1455 685 1547 724; x_wconf 69' lang='grc' dir='ltr'><em>καθ’</em></span> <span class='ocrx_word' id='word_1_67' title='bbox 1575 682 1709 736; x_wconf 53' lang='grc' dir='ltr'><em>ῆλικίε</em></span> 
     </span>
     <span class='ocr_line' id='line_1_9' title="bbox 277 745 1707 806; baseline -0.003 -15"><span class='ocrx_word' id='word_1_68' title='bbox 277 766 329 791; x_wconf 84' lang='grc' dir='ltr'><em>αν</em></span> <span class='ocrx_word' id='word_1_69' title='bbox 358 747 517 804; x_wconf 82' lang='grc' dir='ltr'><strong><em>Εἰρήνη</em></strong></span> <span class='ocrx_word' id='word_1_70' title='bbox 543 748 714 805; x_wconf 76' lang='grc' dir='ltr'><em>θανάτῳ</em></span> <span class='ocrx_word' id='word_1_71' title='bbox 741 749 915 806; x_wconf 72' lang='grc' dir='ltr'><em>μαλακῷ</em></span> <span class='ocrx_word' id='word_1_72' title='bbox 952 750 1133 800; x_wconf 79' lang='grc' dir='ltr'><em>δαμέντα</em></span> <span class='ocrx_word' id='word_1_73' title='bbox 1162 746 1235 789; x_wconf 80' lang='grc' dir='ltr'><em>τὸν</em></span> <span class='ocrx_word' id='word_1_74' title='bbox 1263 745 1511 802; x_wconf 78' lang='grc' dir='ltr'><em>σύλλεκτρον</em></span> <span class='ocrx_word' id='word_1_75' title='bbox 1539 745 1707 801; x_wconf 76' lang='grc' dir='ltr'><em>Ἀνδρό-</em></span> 
     </span>
     <span class='ocr_line' id='line_1_10' title="bbox 275 808 1706 870; baseline -0.002 -15"><span class='ocrx_word' id='word_1_76' title='bbox 275 829 387 855; x_wconf 88' lang='grc' dir='ltr'><em>νικον</em></span> <span class='ocrx_word' id='word_1_77' title='bbox 415 812 488 856; x_wconf 79' lang='grc' dir='ltr'><em>τόν</em></span> <span class='ocrx_word' id='word_1_78' title='bbox 516 814 856 870; x_wconf 85' lang='grc' dir='ltr'><em>Κοντοστέφανον</em></span> <span class='ocrx_word' id='word_1_79' title='bbox 884 812 1112 865; x_wconf 78' lang='grc' dir='ltr'><em>ἅπεβοίλετο</em></span> <span class='ocrx_word' id='word_1_80' title='bbox 1130 845 1143 866; x_wconf 85' lang='grc'>,</span> <span class='ocrx_word' id='word_1_81' title='bbox 1173 808 1304 855; x_wconf 78' lang='grc' dir='ltr'><em>’Ἁννα</em></span> <span class='ocrx_word' id='word_1_82' title='bbox 1333 814 1380 854; x_wconf 80' lang='grc' dir='ltr'><em>δὲ</em></span> <span class='ocrx_word' id='word_1_83' title='bbox 1407 812 1432 867; x_wconf 81' lang='grc' dir='ltr'><em>ἢ</em></span> <span class='ocrx_word' id='word_1_84' title='bbox 1462 809 1568 854; x_wconf 81' lang='grc' dir='ltr'><em>κατὰ</em></span> <span class='ocrx_word' id='word_1_85' title='bbox 1594 813 1706 865; x_wconf 85' lang='grc' dir='ltr'><em>γένε-</em></span> 
     </span>
     <span class='ocr_line' id='line_1_11' title="bbox 276 875 1769 936; baseline 0.001 -16"><span class='ocrx_word' id='word_1_86' title='bbox 276 895 344 920; x_wconf 91' lang='grc' dir='ltr'><em>σιν</em></span> <span class='ocrx_word' id='word_1_87' title='bbox 371 881 629 934; x_wconf 80' lang='grc' dir='ltr'><em>ἐφεπομένη,</em></span> <span class='ocrx_word' id='word_1_88' title='bbox 664 880 720 936; x_wconf 73' lang='grc' dir='ltr'><em>τῷ</em></span> <span class='ocrx_word' id='word_1_89' title='bbox 757 880 804 920; x_wconf 81' lang='grc' dir='ltr'><em>δὲ</em></span> <span class='ocrx_word' id='word_1_90' title='bbox 829 877 969 919; x_wconf 83' lang='grc' dir='ltr'><em>κάλλει</em></span> <span class='ocrx_word' id='word_1_91' title='bbox 996 875 1330 932; x_wconf 78' lang='grc' dir='ltr'><em>προτερεύουσα,</em></span> <span class='ocrx_word' id='word_1_92' title='bbox 1353 877 1544 933; x_wconf 78' lang='grc' dir='ltr'><em>Ἰσαακίῳ</em></span> <span class='ocrx_word' id='word_1_93' title='bbox 1571 876 1704 933; x_wconf 74' lang='grc' dir='ltr'><em>συνῴ-</em></span> <span class='ocrx_word' id='word_1_94' title='bbox 1722 895 1769 922; x_wconf 82' lang='grc' dir='ltr'><em>ιο</em></span> 
     </span>
     <span class='ocr_line' id='line_1_12' title="bbox 276 942 1704 1002; baseline -0.001 -18"><span class='ocrx_word' id='word_1_95' title='bbox 276 959 337 984; x_wconf 83' lang='grc' dir='ltr'><em>κει</em></span> <span class='ocrx_word' id='word_1_96' title='bbox 363 947 420 1000; x_wconf 71' lang='grc' dir='ltr'><em>τῷ</em></span> <span class='ocrx_word' id='word_1_97' title='bbox 447 946 650 1002; x_wconf 72' lang='grc' dir='ltr'><em>Κομνηνῷ</em></span> <span class='ocrx_word' id='word_1_98' title='bbox 666 977 678 996; x_wconf 90' lang='grc'>,</span> <span class='ocrx_word' id='word_1_99' title='bbox 724 942 769 992; x_wconf 72' lang='grc' dir='ltr'><em>ὃς</em></span> <span class='ocrx_word' id='word_1_100' title='bbox 799 942 902 985; x_wconf 79' lang='grc' dir='ltr'><em>κατὰ</em></span> <span class='ocrx_word' id='word_1_101' title='bbox 933 944 1111 985; x_wconf 84' lang='grc' dir='ltr'><em>Μυσίαν</em></span> <span class='ocrx_word' id='word_1_102' title='bbox 1139 944 1368 985; x_wconf 76' lang='grc' dir='ltr'><em>ἑναπέθανε</em></span> <span class='ocrx_word' id='word_1_103' title='bbox 1394 946 1480 990; x_wconf 82' lang='grc' dir='ltr'><em>τοῖς</em></span> <span class='ocrx_word' id='word_1_104' title='bbox 1507 943 1676 993; x_wconf 78' lang='grc' dir='ltr'><em>δεσμοῖς</em></span> <span class='ocrx_word' id='word_1_105' title='bbox 1692 973 1704 994; x_wconf 87' lang='grc'><em>,</em></span> 
     </span>
    </p>

    <p class='ocr_par' dir='ltr' id='par_1_3' title="bbox 238 1006 1767 1714">
     <span class='ocr_line' id='line_1_13' title="bbox 238 1006 1708 1064; baseline 0 -16"><span class='ocrx_word' id='word_1_106' title='bbox 238 1007 332 1058; x_wconf 75' lang='grc' dir='ltr'><em>Βιὸς</em></span> <span class='ocrx_word' id='word_1_107' title='bbox 359 1011 404 1052; x_wconf 78' lang='grc' dir='ltr'><em>ἐν</em></span> <span class='ocrx_word' id='word_1_108' title='bbox 429 1015 515 1058; x_wconf 86' lang='grc' dir='ltr'><em>τοῖς</em></span> <span class='ocrx_word' id='word_1_109' title='bbox 543 1007 779 1064; x_wconf 71' lang='grc' dir='ltr'><em>ἔμπροσθεν</em></span> <span class='ocrx_word' id='word_1_110' title='bbox 807 1009 942 1062; x_wconf 76' lang='grc' dir='ltr'><em>λόγοις</em></span> <span class='ocrx_word' id='word_1_111' title='bbox 978 1006 1226 1062; x_wconf 80' lang='grc' dir='ltr'><em>εἰρήκειμεν.</em></span> <span class='ocrx_word' id='word_1_112' title='bbox 1256 1009 1444 1061; x_wconf 77' lang='grc' dir='ltr'><em>ἐπιλογαί</em></span> <span class='ocrx_word' id='word_1_113' title='bbox 1469 1008 1609 1048; x_wconf 77' lang='grc' dir='ltr'><em>τοίνυν</em></span> <span class='ocrx_word' id='word_1_114' title='bbox 1634 1009 1708 1048; x_wconf 78' lang='grc' dir='ltr'><em>καὶ</em></span> 
     </span>
     <span class='ocr_line' id='line_1_14' title="bbox 273 1068 1708 1130; baseline -0.002 -15"><span class='ocrx_word' id='word_1_115' title='bbox 273 1076 549 1130; x_wconf 76' lang='grc' dir='ltr'><em>ψηφηφοριάι</em></span> <span class='ocrx_word' id='word_1_116' title='bbox 573 1076 654 1116; x_wconf 79' lang='grc' dir='ltr'><em>τῶν</em></span> <span class='ocrx_word' id='word_1_117' title='bbox 686 1074 891 1127; x_wconf 78' lang='grc' dir='ltr'><em>ἀρξόντων</em></span> <span class='ocrx_word' id='word_1_118' title='bbox 923 1070 1046 1115; x_wconf 65' lang='grc' dir='ltr'><em>ἄλλαι</em></span> <span class='ocrx_word' id='word_1_119' title='bbox 1073 1088 1115 1115; x_wconf 90' lang='grc' dir='ltr'><em>τε</em></span> <span class='ocrx_word' id='word_1_120' title='bbox 1144 1068 1246 1127; x_wconf 77' lang='grc' dir='ltr'><em>παρ’</em></span> <span class='ocrx_word' id='word_1_121' title='bbox 1272 1070 1408 1114; x_wconf 76' lang='grc' dir='ltr'><em>ἄλλων</em></span> <span class='ocrx_word' id='word_1_122' title='bbox 1431 1073 1606 1126; x_wconf 79' lang='grc' dir='ltr'><em>ἐγίνοντο</em></span> <span class='ocrx_word' id='word_1_123' title='bbox 1634 1071 1708 1112; x_wconf 83' lang='grc' dir='ltr'><strong><em>καί</em></strong></span> 
     </span>
     <span class='ocr_line' id='line_1_15' title="bbox 273 1136 1706 1193; baseline -0.002 -13"><span class='ocrx_word' id='word_1_124' title='bbox 273 1141 407 1180; x_wconf 80' lang='grc' dir='ltr'><em>πᾶσαι</em></span> <span class='ocrx_word' id='word_1_125' title='bbox 451 1139 554 1193; x_wconf 84' lang='grc' dir='ltr'><em>πρὸς</em></span> <span class='ocrx_word' id='word_1_126' title='bbox 589 1138 634 1181; x_wconf 85' lang='grc' dir='ltr'><em>τὸ</em></span> <span class='ocrx_word' id='word_1_127' title='bbox 674 1141 758 1181; x_wconf 79' lang='grc' dir='ltr'><em>τῶν</em></span> <span class='ocrx_word' id='word_1_128' title='bbox 787 1138 1081 1193; x_wconf 84' lang='grc' dir='ltr'><em>προβαλόντων</em></span> <span class='ocrx_word' id='word_1_129' title='bbox 1111 1140 1321 1180; x_wconf 77' lang='grc' dir='ltr'><em>ἐτελοῦντο</em></span> <span class='ocrx_word' id='word_1_130' title='bbox 1347 1136 1571 1192; x_wconf 85' lang='grc' dir='ltr'><em>χρήσιμον.</em></span> <span class='ocrx_word' id='word_1_131' title='bbox 1629 1140 1706 1177; x_wconf 81' lang='grc' dir='ltr'><em>τοῦ</em></span> 
     </span>
     <span class='ocr_line' id='line_1_16' title="bbox 275 1198 1767 1257; baseline 0 -12"><span class='ocrx_word' id='word_1_132' title='bbox 275 1206 317 1245; x_wconf 78' lang='grc' dir='ltr'><em>δ’</em></span> <span class='ocrx_word' id='word_1_133' title='bbox 346 1206 471 1255; x_wconf 73' lang='grc' dir='ltr'><em>α’ξίως</em></span> <span class='ocrx_word' id='word_1_134' title='bbox 515 1202 834 1257; x_wconf 80' lang='grc' dir='ltr'><em>βασιλεύσοντος</em></span> <span class='ocrx_word' id='word_1_135' title='bbox 868 1205 1085 1257; x_wconf 75' lang='grc' dir='ltr'><em>Ῥωμαίων</em></span> <span class='ocrx_word' id='word_1_136' title='bbox 1125 1203 1197 1245; x_wconf 82' lang='grc' dir='ltr'>καί</span> <span class='ocrx_word' id='word_1_137' title='bbox 1235 1202 1292 1251; x_wconf 78' lang='grc' dir='ltr'><em>ὥς</em></span> <span class='ocrx_word' id='word_1_138' title='bbox 1326 1198 1481 1256; x_wconf 68' lang='grc' dir='ltr'><em>ἄριστα</em></span> <span class='ocrx_word' id='word_1_139' title='bbox 1509 1201 1558 1244; x_wconf 78' lang='grc' dir='ltr'><em>τά</em></span> <span class='ocrx_word' id='word_1_140' title='bbox 1589 1199 1703 1243; x_wconf 82' lang='grc' dir='ltr'><em>κοινοὶ</em></span> <span class='ocrx_word' id='word_1_141' title='bbox 1719 1205 1767 1248; x_wconf 81' lang='lat'><em>15</em></span> 
     </span>
     <span class='ocr_line' id='line_1_17' title="bbox 273 1265 1702 1323; baseline -0.002 -12"><span class='ocrx_word' id='word_1_142' title='bbox 273 1267 668 1323; x_wconf 79' lang='grc' dir='ltr'><em>διακυβερνῆσοντος</em></span> <span class='ocrx_word' id='word_1_143' title='bbox 710 1268 932 1323; x_wconf 78' lang='grc' dir='ltr'><em>πράγματα</em></span> <span class='ocrx_word' id='word_1_144' title='bbox 976 1270 1114 1317; x_wconf 78' lang='grc' dir='ltr'><em>ου’δείς</em></span> <span class='ocrx_word' id='word_1_145' title='bbox 1143 1265 1293 1310; x_wconf 75' lang='grc' dir='ltr'><em>οὖδένα</em></span> <span class='ocrx_word' id='word_1_146' title='bbox 1323 1266 1438 1322; x_wconf 82' lang='grc' dir='ltr'><em>λόγος</em></span> <span class='ocrx_word' id='word_1_147' title='bbox 1466 1267 1702 1322; x_wconf 78' lang='grc' dir='ltr'><em>εἰσήρχετο,</em></span> 
     </span>
     <span class='ocr_line' id='line_1_18' title="bbox 273 1327 1705 1388; baseline -0.001 -13"><span class='ocrx_word' id='word_1_148' title='bbox 273 1331 377 1376; x_wconf 76' lang='grc' dir='ltr'><em>ὥστε</em></span> <span class='ocrx_word' id='word_1_149' title='bbox 403 1331 485 1374; x_wconf 67' lang='grc' dir='ltr'><em>ὑπὸ</em></span> <span class='ocrx_word' id='word_1_150' title='bbox 517 1334 600 1376; x_wconf 77' lang='grc' dir='ltr'><em>τῶν</em></span> <span class='ocrx_word' id='word_1_151' title='bbox 629 1333 860 1388; x_wconf 75' lang='grc' dir='ltr'><em>ἀβελτέρων</em></span> <span class='ocrx_word' id='word_1_152' title='bbox 888 1332 962 1374; x_wconf 80' lang='grc' dir='ltr'><em>καί</em></span> <span class='ocrx_word' id='word_1_153' title='bbox 989 1331 1116 1387; x_wconf 84' lang='grc' dir='ltr'><em>νήπια</em></span> <span class='ocrx_word' id='word_1_154' title='bbox 1145 1332 1207 1374; x_wconf 83' lang='grc' dir='ltr'><em>ἔτι</em></span> <span class='ocrx_word' id='word_1_155' title='bbox 1238 1335 1283 1375; x_wconf 79' lang='grc' dir='ltr'><em>ἐν</em></span> <span class='ocrx_word' id='word_1_156' title='bbox 1310 1331 1478 1386; x_wconf 79' lang='grc' dir='ltr'><em>γάλαξιν</em></span> <span class='ocrx_word' id='word_1_157' title='bbox 1505 1327 1604 1373; x_wconf 76' lang='grc' dir='ltr'><em>ὄντα</em></span> <span class='ocrx_word' id='word_1_158' title='bbox 1631 1335 1705 1374; x_wconf 84' lang='grc' dir='ltr'><strong><em>καί</em></strong></span> 
     </span>
     <span class='ocr_line' id='line_1_19' title="bbox 270 1394 1704 1453; baseline -0.001 -12"><span class='ocrx_word' id='word_1_159' title='bbox 270 1396 525 1453; x_wconf 73' lang='grc' dir='ltr'><em>σπαργάνοις</em></span> <span class='ocrx_word' id='word_1_160' title='bbox 562 1400 805 1453; x_wconf 79' lang='grc' dir='ltr'><em>ἐνειλημένα</em></span> <span class='ocrx_word' id='word_1_161' title='bbox 848 1397 949 1453; x_wconf 82' lang='grc' dir='ltr'><em>πρὸς</em></span> <span class='ocrx_word' id='word_1_162' title='bbox 986 1397 1064 1452; x_wconf 78' lang='grc' dir='ltr'><em>τὴν</em></span> <span class='ocrx_word' id='word_1_163' title='bbox 1101 1396 1238 1453; x_wconf 81' lang='grc' dir='ltr'><em>α’ρχὴν</em></span> <span class='ocrx_word' id='word_1_164' title='bbox 1263 1399 1506 1453; x_wconf 81' lang='grc' dir='ltr'><em>έπεκρίνετο.</em></span> <span class='ocrx_word' id='word_1_165' title='bbox 1564 1394 1704 1439; x_wconf 80' lang='grc' dir='ltr'><em>αὖτιόν</em></span> 
     </span>
     <span class='ocr_line' id='line_1_20' title="bbox 269 1461 1704 1520; baseline -0.001 -16"><span class='ocrx_word' id='word_1_166' title='bbox 269 1466 407 1517; x_wconf 85' lang='grc' dir='ltr'><em>μέντοι</em></span> <span class='ocrx_word' id='word_1_167' title='bbox 431 1465 511 1505; x_wconf 78' lang='grc' dir='ltr'><em>τῶν</em></span> <span class='ocrx_word' id='word_1_168' title='bbox 528 1465 572 1505; x_wconf 79' lang='grc' dir='ltr'><em>ἐν</em></span> <span class='ocrx_word' id='word_1_169' title='bbox 599 1465 706 1517; x_wconf 88' lang='grc' dir='ltr'><em>γένει</em></span> <span class='ocrx_word' id='word_1_170' title='bbox 732 1462 803 1504; x_wconf 82' lang='grc' dir='ltr'><strong><em>καί</em></strong></span> <span class='ocrx_word' id='word_1_171' title='bbox 824 1461 983 1520; x_wconf 78' lang='grc' dir='ltr'><em>πλούτῳ</em></span> <span class='ocrx_word' id='word_1_172' title='bbox 1000 1465 1357 1517; x_wconf 84' lang='grc' dir='ltr'><em>περιβλεπομένων</em></span> <span class='ocrx_word' id='word_1_173' title='bbox 1386 1461 1408 1503; x_wconf 81' lang='grc' dir='ltr'>ὅ</span> <span class='ocrx_word' id='word_1_174' title='bbox 1437 1464 1514 1515; x_wconf 84' lang='grc' dir='ltr'><em>μὲν</em></span> <span class='ocrx_word' id='word_1_175' title='bbox 1540 1478 1704 1518; x_wconf 88' lang='grc' dir='ltr'><em>πρωτο-</em></span> 
     </span>
     <span class='ocr_line' id='line_1_21' title="bbox 270 1525 1765 1583; baseline 0.001 -14"><span class='ocrx_word' id='word_1_176' title='bbox 270 1544 462 1583; x_wconf 87' lang='grc' dir='ltr'><em>στρατωρ</em></span> <span class='ocrx_word' id='word_1_177' title='bbox 495 1527 706 1582; x_wconf 82' lang='grc' dir='ltr'><em>Μανουῆλ</em></span> <span class='ocrx_word' id='word_1_178' title='bbox 753 1525 775 1568; x_wconf 81' lang='grc' dir='ltr'>ὅ</span> <span class='ocrx_word' id='word_1_179' title='bbox 808 1526 1037 1582; x_wconf 76' lang='grc' dir='ltr'><em>Καμύτζης</em></span> <span class='ocrx_word' id='word_1_180' title='bbox 1073 1529 1128 1583; x_wconf 80' lang='grc' dir='ltr'><em>τῷ</em></span> <span class='ocrx_word' id='word_1_181' title='bbox 1156 1527 1260 1581; x_wconf 87' lang='grc' dir='ltr'><em>πρὸς</em></span> <span class='ocrx_word' id='word_1_182' title='bbox 1287 1525 1442 1582; x_wconf 86' lang='grc' dir='ltr'><em>μητρὸς</em></span> <span class='ocrx_word' id='word_1_183' title='bbox 1469 1526 1765 1582; x_wconf 69' lang='grc' dir='ltr'><em>έπεκάθητοαο</em></span> 
     </span>
     <span class='ocr_line' id='line_1_22' title="bbox 271 1588 1702 1651; baseline -0.001 -17"><span class='ocrx_word' id='word_1_184' title='bbox 271 1596 374 1651; x_wconf 75' lang='grc' dir='ltr'><em>θείῳ</em></span> <span class='ocrx_word' id='word_1_185' title='bbox 402 1595 460 1650; x_wconf 75' lang='grc' dir='ltr'><em>τῷ</em></span> <span class='ocrx_word' id='word_1_186' title='bbox 484 1591 834 1648; x_wconf 77' lang='grc' dir='ltr'><em>σεβαστοκράτορι</em></span> <span class='ocrx_word' id='word_1_187' title='bbox 854 1589 1047 1649; x_wconf 76' lang='grc' dir='ltr'><em>Ἰωάννῃ,</em></span> <span class='ocrx_word' id='word_1_188' title='bbox 1074 1588 1195 1641; x_wconf 70' lang='grc' dir='ltr'><em>οὗτος</em></span> <span class='ocrx_word' id='word_1_189' title='bbox 1225 1594 1264 1633; x_wconf 77' lang='lat'><em>‹5’</em></span> <span class='ocrx_word' id='word_1_190' title='bbox 1296 1589 1424 1641; x_wconf 77' lang='grc' dir='ltr'><em>αὖθις</em></span> <span class='ocrx_word' id='word_1_191' title='bbox 1451 1598 1537 1634; x_wconf 84' lang='grc' dir='ltr'><em>κατ’</em></span> <span class='ocrx_word' id='word_1_192' title='bbox 1565 1593 1702 1634; x_wconf 71' lang='grc' dir='ltr'><em>αὐτοῦ</em></span> 
     </span>
     <span class='ocr_line' id='line_1_23' title="bbox 272 1653 1700 1714; baseline -0.001 -14"><span class='ocrx_word' id='word_1_193' title='bbox 272 1657 584 1714; x_wconf 73' lang='grc' dir='ltr'><em>α’ντωφθοίλμει.</em></span> <span class='ocrx_word' id='word_1_194' title='bbox 650 1657 689 1700; x_wconf 80' lang='grc' dir='ltr'><em>οἱ</em></span> <span class='ocrx_word' id='word_1_195' title='bbox 727 1659 774 1700; x_wconf 82' lang='grc' dir='ltr'><em>δὲ</em></span> <span class='ocrx_word' id='word_1_196' title='bbox 821 1659 896 1700; x_wconf 80' lang='grc' dir='ltr'><em>τοῦ</em></span> <span class='ocrx_word' id='word_1_197' title='bbox 939 1658 1142 1711; x_wconf 86' lang='grc' dir='ltr'><em>βασιλέως</em></span> <span class='ocrx_word' id='word_1_198' title='bbox 1187 1659 1423 1712; x_wconf 73' lang='grc' dir='ltr'><em>κασίγνητοι</em></span> <span class='ocrx_word' id='word_1_199' title='bbox 1450 1663 1559 1712; x_wconf 78' lang='grc' dir='ltr'><em>τρεῖς</em></span> <span class='ocrx_word' id='word_1_200' title='bbox 1588 1653 1700 1706; x_wconf 69' lang='grc' dir='ltr'><em>ὄντες</em></span> 
     </span>
    </p>

    <p class='ocr_par' dir='ltr' id='par_1_4' title="bbox 234 1720 1701 1780">
     <span class='ocr_line' id='line_1_24' title="bbox 234 1720 1701 1780; baseline -0.001 -16"><span class='ocrx_word' id='word_1_201' title='bbox 234 1725 347 1765; x_wconf 68' lang='lat' dir='ltr'><em>Cum*</em></span> <span class='ocrx_word' id='word_1_202' title='bbox 388 1726 490 1779; x_wconf 86' lang='grc' dir='ltr'><em>παρ’</em></span> <span class='ocrx_word' id='word_1_203' title='bbox 517 1722 778 1780; x_wconf 77' lang='grc' dir='ltr'><em>Ἀνδρονίκου</em></span> <span class='ocrx_word' id='word_1_204' title='bbox 824 1723 1134 1779; x_wconf 75' lang='grc' dir='ltr'><em>τυφλωθέντες,</em></span> <span class='ocrx_word' id='word_1_205' title='bbox 1176 1720 1281 1764; x_wconf 71' lang='grc' dir='ltr'><em>ἀλλὰ</em></span> <span class='ocrx_word' id='word_1_206' title='bbox 1322 1721 1372 1777; x_wconf 80' lang='grc' dir='ltr'><em>δὴ</em></span> <span class='ocrx_word' id='word_1_207' title='bbox 1403 1724 1473 1765; x_wconf 84' lang='grc' dir='ltr'>καί</span> <span class='ocrx_word' id='word_1_208' title='bbox 1500 1721 1522 1764; x_wconf 77' lang='grc' dir='ltr'>ὅ</span> <span class='ocrx_word' id='word_1_209' title='bbox 1553 1722 1622 1764; x_wconf 68' lang='grc' dir='ltr'><em>ἐπὶ</em></span> <span class='ocrx_word' id='word_1_210' title='bbox 1647 1724 1701 1778; x_wconf 81' lang='grc' dir='ltr'><em>τῇ</em></span> 
     </span>
    </p>
   </div>
   <div class='ocr_carea' id='block_1_3' title="bbox 357 1838 1698 2026">
    <p class='ocr_par' dir='ltr' id='par_1_5' title="bbox 357 1838 1698 2026">
     <span class='ocr_line' id='line_1_25' title="bbox 365 1838 1696 1892; baseline -0.002 -13"><span class='ocrx_word' id='word_1_211' title='bbox 365 1857 392 1879; x_wconf 81' lang='grc' dir='ltr'><em>ι.</em></span> <span class='ocrx_word' id='word_1_212' title='bbox 427 1842 519 1892; x_wconf 74' lang='grc' dir='ltr'><em>μετά</em></span> <span class='ocrx_word' id='word_1_213' title='bbox 554 1844 629 1882; x_wconf 75' lang='grc' dir='ltr'><em>τῶν</em></span> <span class='ocrx_word' id='word_1_214' title='bbox 662 1838 716 1881; x_wconf 72' lang='grc' dir='ltr'><em>οἷν</em></span> <span class='ocrx_word' id='word_1_215' title='bbox 757 1844 834 1890; x_wconf 79' lang='grc' dir='ltr'><em>εἶχε</em></span> <span class='ocrx_word' id='word_1_216' title='bbox 866 1844 1072 1888; x_wconf 75' lang='grc' dir='ltr'><em>συνήθειαν</em></span> <span class='ocrx_word' id='word_1_217' title='bbox 1109 1845 1410 1892; x_wconf 54' lang='lat' dir='ltr'><em>warnestim-am</em></span> <span class='ocrx_word' id='word_1_218' title='bbox 1440 1845 1478 1879; x_wconf 88' lang='grc' dir='ltr'><em>Β.</em></span> <span class='ocrx_word' id='word_1_219' title='bbox 1647 1855 1696 1888; x_wconf 84' lang='lat'><em>¹7·</em></span> 
     </span>
     <span class='ocr_line' id='line_1_26' title="bbox 362 1889 1698 1947; baseline -0.002 -22"><span class='ocrx_word' id='word_1_220' title='bbox 362 1890 469 1947; x_wconf 65' lang='lat' dir='ltr'><em>‹5an</em></span> <span class='ocrx_word' id='word_1_221' title='bbox 513 1893 577 1926; x_wconf 77' lang='grc' dir='ltr'><em>καὶ</em></span> <span class='ocrx_word' id='word_1_222' title='bbox 609 1896 793 1926; x_wconf 78' lang='grc' dir='ltr'><em>τοσοῦτον</em></span> <span class='ocrx_word' id='word_1_223' title='bbox 833 1889 891 1925; x_wconf 79' lang='grc' dir='ltr'><em>ὅτι</em></span> <span class='ocrx_word' id='word_1_224' title='bbox 925 1894 987 1925; x_wconf 79' lang='grc' dir='ltr'><em>καὶ</em></span> <span class='ocrx_word' id='word_1_225' title='bbox 1029 1892 1144 1935; x_wconf 70' lang='grc' dir='ltr'><em>νήπια</em></span> <span class='ocrx_word' id='word_1_226' title='bbox 1186 1892 1391 1936; x_wconf 82' lang='grc' dir='ltr'><em>βυζοίνοντα</em></span> <span class='ocrx_word' id='word_1_227' title='bbox 1433 1890 1608 1937; x_wconf 70' lang='grc' dir='ltr'><em>ἐψόᾳεουν</em></span> <span class='ocrx_word' id='word_1_228' title='bbox 1645 1893 1698 1928; x_wconf 77' lang='grc' dir='ltr'><em>εἰς</em></span> 
     </span>
     <span class='ocr_line' id='line_1_27' title="bbox 357 1937 1697 2018; baseline -0.002 -46"><span class='ocrx_word' id='word_1_229' title='bbox 357 1950 427 1980; x_wconf 75' lang='grc' dir='ltr'><em>την</em></span> <span class='ocrx_word' id='word_1_230' title='bbox 451 1939 521 2018; x_wconf 53' lang='grc' dir='ltr'><em>ἑῆς</em></span> <span class='ocrx_word' id='word_1_231' title='bbox 549 1940 734 1984; x_wconf 77' lang='grc' dir='ltr'><em>βασιλείας</em></span> <span class='ocrx_word' id='word_1_232' title='bbox 770 1937 889 1985; x_wconf 76' lang='grc' dir='ltr'><em>α’ρχήν</em></span> <span class='ocrx_word' id='word_1_233' title='bbox 922 1939 960 1973; x_wconf 91' lang='grc' dir='ltr'><em>Β.</em></span> <span class='ocrx_word' id='word_1_234' title='bbox 1115 1948 1172 1974; x_wconf 85' lang='lat'><em>22.</em></span> <span class='ocrx_word' id='word_1_235' title='bbox 1195 1939 1264 1973; x_wconf 76' lang='grc' dir='ltr'><em>τοῦ</em></span> <span class='ocrx_word' id='word_1_236' title='bbox 1297 1937 1401 1985; x_wconf 84' lang='grc' dir='ltr'><em>βασ.]</em></span> <span class='ocrx_word' id='word_1_237' title='bbox 1438 1937 1498 1981; x_wconf 76' lang='grc' dir='ltr'><em>τῆς</em></span> <span class='ocrx_word' id='word_1_238' title='bbox 1526 1938 1697 1982; x_wconf 72' lang='grc' dir='ltr'><em>βασιλίσ-</em></span> 
     </span>
     <span class='ocr_line' id='line_1_28' title="bbox 360 1994 492 2026; baseline -0.015 -8"><span class='ocrx_word' id='word_1_239' title='bbox 360 1994 424 2026; x_wconf 80' lang='grc' dir='ltr'><em>σης</em></span> <span class='ocrx_word' id='word_1_240' title='bbox 484 2007 492 2016; x_wconf 91' lang='grc'><strong>.</strong></span> 
     </span>
    </p>
   </div>
   <div class='ocr_carea' id='block_1_4' title="bbox 263 2089 1695 2735">
    <p class='ocr_par' dir='ltr' id='par_1_6' title="bbox 263 2089 1695 2735">
     <span class='ocr_line' id='line_1_29' title="bbox 269 2089 1695 2138; baseline 0 -15"><span class='ocrx_word' id='word_1_241' title='bbox 269 2090 443 2132; x_wconf 84' lang='lat' dir='ltr'>sollicita,</span> <span class='ocrx_word' id='word_1_242' title='bbox 466 2096 588 2125; x_wconf 83' lang='lat' dir='ltr'>tamen</span> <span class='ocrx_word' id='word_1_243' title='bbox 611 2104 689 2126; x_wconf 90' lang='lat' dir='ltr'><em>cum</em></span> <span class='ocrx_word' id='word_1_244' title='bbox 714 2091 758 2126; x_wconf 87' lang='lat' dir='ltr'><em>iis</em></span> <span class='ocrx_word' id='word_1_245' title='bbox 779 2092 910 2138; x_wconf 90' lang='lat' dir='ltr'>quibus</span> <span class='ocrx_word' id='word_1_246' title='bbox 934 2103 1061 2126; x_wconf 82' lang='lat' dir='ltr'>arcana</span> <span class='ocrx_word' id='word_1_247' title='bbox 1086 2103 1149 2125; x_wconf 81' lang='lat' dir='ltr'><em>sua</em></span> <span class='ocrx_word' id='word_1_248' title='bbox 1173 2090 1419 2123; x_wconf 81' lang='lat' dir='ltr'>committebat</span> <span class='ocrx_word' id='word_1_249' title='bbox 1446 2089 1490 2122; x_wconf 87' lang='lat' dir='ltr'><em>de</em></span> <span class='ocrx_word' id='word_1_250' title='bbox 1515 2100 1695 2123; x_wconf 82' lang='lat' dir='ltr'>successo-</span> 
     </span>
     <span class='ocr_line' id='line_1_30' title="bbox 271 2136 1692 2183; baseline -0.001 -14"><span class='ocrx_word' id='word_1_251' title='bbox 271 2148 308 2169; x_wconf 88' lang='lat' dir='ltr'><em>re</em></span> <span class='ocrx_word' id='word_1_252' title='bbox 333 2138 473 2182; x_wconf 85' lang='lat' dir='ltr'>imperii</span> <span class='ocrx_word' id='word_1_253' title='bbox 508 2139 617 2183; x_wconf 83' lang='lat' dir='ltr'>magis</span> <span class='ocrx_word' id='word_1_254' title='bbox 649 2139 896 2180; x_wconf 83' lang='lat' dir='ltr'>deliberabat,</span> <span class='ocrx_word' id='word_1_255' title='bbox 919 2151 964 2172; x_wconf 88' lang='lat' dir='ltr'><em>ne</em></span> <span class='ocrx_word' id='word_1_256' title='bbox 998 2140 1027 2172; x_wconf 91' lang='lat' dir='ltr'>is</span> <span class='ocrx_word' id='word_1_257' title='bbox 1056 2138 1126 2171; x_wconf 85' lang='lat' dir='ltr'>sibi</span> <span class='ocrx_word' id='word_1_258' title='bbox 1152 2137 1316 2170; x_wconf 82' lang='lat' dir='ltr'>inimicus</span> <span class='ocrx_word' id='word_1_259' title='bbox 1334 2142 1370 2170; x_wconf 86' lang='lat' dir='ltr'>et</span> <span class='ocrx_word' id='word_1_260' title='bbox 1392 2136 1552 2169; x_wconf 82' lang='lat' dir='ltr'>infensus</span> <span class='ocrx_word' id='word_1_261' title='bbox 1579 2141 1692 2177; x_wconf 78' lang='lat' dir='ltr'>esset,</span> 
     </span>
     <span class='ocr_line' id='line_1_31' title="bbox 270 2181 1693 2232; baseline -0.002 -16"><span class='ocrx_word' id='word_1_262' title='bbox 270 2182 334 2216; x_wconf 83' lang='lat' dir='ltr'><em>sed</em></span> <span class='ocrx_word' id='word_1_263' title='bbox 358 2185 477 2227; x_wconf 80' lang='lat' dir='ltr'>potius</span> <span class='ocrx_word' id='word_1_264' title='bbox 497 2186 640 2218; x_wconf 88' lang='lat' dir='ltr'>amicus.</span> <span class='ocrx_word' id='word_1_265' title='bbox 663 2197 745 2218; x_wconf 87' lang='lat' dir='ltr'><em>nam</em></span> <span class='ocrx_word' id='word_1_266' title='bbox 770 2187 961 2232; x_wconf 80' lang='lat' dir='ltr'>imperator</span> <span class='ocrx_word' id='word_1_267' title='bbox 983 2185 1095 2218; x_wconf 85' lang='lat' dir='ltr'>filium</span> <span class='ocrx_word' id='word_1_268' title='bbox 1124 2195 1196 2217; x_wconf 88' lang='lat' dir='ltr'><em>non</em></span> <span class='ocrx_word' id='word_1_269' title='bbox 1209 2183 1376 2222; x_wconf 84' lang='lat' dir='ltr'>habebat,</span> <span class='ocrx_word' id='word_1_270' title='bbox 1403 2182 1466 2215; x_wconf 82' lang='lat' dir='ltr'><em>sed</em></span> <span class='ocrx_word' id='word_1_271' title='bbox 1489 2182 1576 2214; x_wconf 78' lang='lat' dir='ltr'>duas</span> <span class='ocrx_word' id='word_1_272' title='bbox 1601 2181 1693 2214; x_wconf 91' lang='lat' dir='ltr'>dun-</span> 
     </span>
     <span class='ocr_line' id='line_1_32' title="bbox 269 2227 1695 2275; baseline -0.001 -14"><span class='ocrx_word' id='word_1_273' title='bbox 269 2234 370 2262; x_wconf 79' lang='lat' dir='ltr'>taxat</span> <span class='ocrx_word' id='word_1_274' title='bbox 394 2230 504 2271; x_wconf 83' lang='lat' dir='ltr'>filias,</span> <span class='ocrx_word' id='word_1_275' title='bbox 545 2242 675 2275; x_wconf 84' lang='lat' dir='ltr'>easque</span> <span class='ocrx_word' id='word_1_276' title='bbox 702 2231 847 2265; x_wconf 87' lang='lat' dir='ltr'>viduas:</span> <span class='ocrx_word' id='word_1_277' title='bbox 882 2244 965 2265; x_wconf 83' lang='lat' dir='ltr'><em>nam</em></span> <span class='ocrx_word' id='word_1_278' title='bbox 991 2233 1111 2264; x_wconf 88' lang='lat' dir='ltr'>Irenes</span> <span class='ocrx_word' id='word_1_279' title='bbox 1138 2230 1284 2263; x_wconf 81' lang='lat' dir='ltr'>maritus</span> <span class='ocrx_word' id='word_1_280' title='bbox 1314 2228 1534 2261; x_wconf 82' lang='lat' dir='ltr'>Andronicus</span> <span class='ocrx_word' id='word_1_281' title='bbox 1560 2227 1695 2260; x_wconf 88' lang='lat' dir='ltr'>Conto-</span> 
     </span>
     <span class='ocr_line' id='line_1_33' title="bbox 269 2274 1691 2320; baseline -0.001 -13"><span class='ocrx_word' id='word_1_282' title='bbox 269 2274 464 2320; x_wconf 82' lang='lat' dir='ltr'>stephanus</span> <span class='ocrx_word' id='word_1_283' title='bbox 491 2275 651 2316; x_wconf 83' lang='lat' dir='ltr'>obierat,</span> <span class='ocrx_word' id='word_1_284' title='bbox 676 2277 776 2310; x_wconf 82' lang='lat' dir='ltr'>Anna</span> <span class='ocrx_word' id='word_1_285' title='bbox 812 2289 895 2311; x_wconf 90' lang='lat' dir='ltr'>vero</span> <span class='ocrx_word' id='word_1_286' title='bbox 921 2283 962 2310; x_wconf 88' lang='lat' dir='ltr'>ut</span> <span class='ocrx_word' id='word_1_287' title='bbox 998 2284 1083 2310; x_wconf 85' lang='lat' dir='ltr'>natu</span> <span class='ocrx_word' id='word_1_288' title='bbox 1108 2277 1242 2316; x_wconf 88' lang='lat' dir='ltr'>minor,</span> <span class='ocrx_word' id='word_1_289' title='bbox 1268 2275 1319 2307; x_wconf 90' lang='lat' dir='ltr'><em>ita</em></span> <span class='ocrx_word' id='word_1_290' title='bbox 1344 2275 1453 2307; x_wconf 83' lang='lat' dir='ltr'>forma</span> <span class='ocrx_word' id='word_1_291' title='bbox 1478 2274 1691 2317; x_wconf 84' lang='lat' dir='ltr'>praestanti-</span> 
     </span>
     <span class='ocr_line' id='line_1_34' title="bbox 268 2320 1689 2368; baseline -0.001 -15"><span class='ocrx_word' id='word_1_292' title='bbox 268 2333 325 2362; x_wconf 83' lang='lat' dir='ltr'>or,</span> <span class='ocrx_word' id='word_1_293' title='bbox 348 2322 482 2354; x_wconf 82' lang='lat' dir='ltr'>Isaacio</span> <span class='ocrx_word' id='word_1_294' title='bbox 508 2322 688 2355; x_wconf 85' lang='lat' dir='ltr'>Comneno</span> <span class='ocrx_word' id='word_1_295' title='bbox 729 2330 841 2368; x_wconf 85' lang='lat' dir='ltr'>nupta</span> <span class='ocrx_word' id='word_1_296' title='bbox 874 2323 1007 2363; x_wconf 78' lang='lat' dir='ltr'>fuerat,</span> <span class='ocrx_word' id='word_1_297' title='bbox 1035 2324 1097 2367; x_wconf 87' lang='lat' dir='ltr'>qui</span> <span class='ocrx_word' id='word_1_298' title='bbox 1131 2323 1168 2354; x_wconf 91' lang='lat' dir='ltr'><em>in</em></span> <span class='ocrx_word' id='word_1_299' title='bbox 1192 2321 1304 2364; x_wconf 83' lang='lat' dir='ltr'>Mysia</span> <span class='ocrx_word' id='word_1_300' title='bbox 1329 2320 1365 2352; x_wconf 90' lang='lat' dir='ltr'><em>in</em></span> <span class='ocrx_word' id='word_1_301' title='bbox 1394 2320 1544 2352; x_wconf 84' lang='lat' dir='ltr'>vinculis</span> <span class='ocrx_word' id='word_1_302' title='bbox 1574 2320 1689 2361; x_wconf 86' lang='lat' dir='ltr'>obiit,</span> 
     </span>
     <span class='ocr_line' id='line_1_35' title="bbox 268 2366 1690 2413; baseline -0.002 -13"><span class='ocrx_word' id='word_1_303' title='bbox 268 2373 309 2400; x_wconf 78' lang='lat' dir='ltr'>ut</span> <span class='ocrx_word' id='word_1_304' title='bbox 333 2379 438 2411; x_wconf 86' lang='lat' dir='ltr'>supra</span> <span class='ocrx_word' id='word_1_305' title='bbox 476 2369 703 2401; x_wconf 84' lang='lat' dir='ltr'>narravimus.</span> <span class='ocrx_word' id='word_1_306' title='bbox 738 2370 845 2413; x_wconf 87' lang='lat' dir='ltr'>igitur</span> <span class='ocrx_word' id='word_1_307' title='bbox 879 2370 942 2401; x_wconf 86' lang='lat' dir='ltr'>alii</span> <span class='ocrx_word' id='word_1_308' title='bbox 970 2374 1078 2413; x_wconf 85' lang='lat' dir='ltr'>atque</span> <span class='ocrx_word' id='word_1_309' title='bbox 1102 2368 1161 2400; x_wconf 85' lang='lat' dir='ltr'>alii</span> <span class='ocrx_word' id='word_1_310' title='bbox 1187 2368 1413 2411; x_wconf 84' lang='lat' dir='ltr'>imperatores</span> <span class='ocrx_word' id='word_1_311' title='bbox 1438 2366 1690 2406; x_wconf 81' lang='lat' dir='ltr'>nominantur,</span> 
     </span>
     <span class='ocr_line' id='line_1_36' title="bbox 270 2411 1690 2459; baseline -0.001 -13"><span class='ocrx_word' id='word_1_312' title='bbox 270 2413 332 2446; x_wconf 84' lang='lat' dir='ltr'><em>sed</em></span> <span class='ocrx_word' id='word_1_313' title='bbox 359 2424 479 2446; x_wconf 85' lang='lat' dir='ltr'>omnes</span> <span class='ocrx_word' id='word_1_314' title='bbox 512 2415 574 2458; x_wconf 88' lang='lat' dir='ltr'>qui</span> <span class='ocrx_word' id='word_1_315' title='bbox 607 2415 649 2446; x_wconf 91' lang='lat' dir='ltr'><em>iis</em></span> <span class='ocrx_word' id='word_1_316' title='bbox 688 2416 878 2459; x_wconf 87' lang='lat' dir='ltr'>opportuni</span> <span class='ocrx_word' id='word_1_317' title='bbox 913 2420 1031 2448; x_wconf 81' lang='lat' dir='ltr'>essent</span> <span class='ocrx_word' id='word_1_318' title='bbox 1054 2426 1073 2446; x_wconf 89' lang='lat' dir='ltr'>a</span> <span class='ocrx_word' id='word_1_319' title='bbox 1112 2414 1239 2458; x_wconf 89' lang='lat' dir='ltr'>quibus</span> <span class='ocrx_word' id='word_1_320' title='bbox 1263 2411 1546 2445; x_wconf 81' lang='lat' dir='ltr'>nominabantur.</span> <span class='ocrx_word' id='word_1_321' title='bbox 1576 2412 1619 2444; x_wconf 86' lang='lat' dir='ltr'><em>de</em></span> <span class='ocrx_word' id='word_1_322' title='bbox 1646 2423 1690 2444; x_wconf 87' lang='lat' dir='ltr'>eo</span> 
     </span>
     <span class='ocr_line' id='line_1_37' title="bbox 268 2458 1690 2505; baseline -0.002 -12"><span class='ocrx_word' id='word_1_323' title='bbox 268 2471 351 2493; x_wconf 88' lang='lat' dir='ltr'>vero</span> <span class='ocrx_word' id='word_1_324' title='bbox 380 2459 568 2504; x_wconf 80' lang='lat' dir='ltr'>deligendo</span> <span class='ocrx_word' id='word_1_325' title='bbox 607 2461 667 2504; x_wconf 88' lang='lat' dir='ltr'>qui</span> <span class='ocrx_word' id='word_1_326' title='bbox 691 2472 764 2493; x_wconf 86' lang='lat' dir='ltr'><em>rem</em></span> <span class='ocrx_word' id='word_1_327' title='bbox 787 2461 966 2505; x_wconf 84' lang='lat' dir='ltr'>publicam</span> <span class='ocrx_word' id='word_1_328' title='bbox 1003 2462 1133 2504; x_wconf 84' lang='lat' dir='ltr'>optime</span> <span class='ocrx_word' id='word_1_329' title='bbox 1157 2464 1194 2491; x_wconf 88' lang='lat' dir='ltr'>et</span> <span class='ocrx_word' id='word_1_330' title='bbox 1219 2469 1237 2490; x_wconf 87' lang='lat' dir='ltr'>e</span> <span class='ocrx_word' id='word_1_331' title='bbox 1261 2458 1430 2501; x_wconf 70' lang='lat' dir='ltr'>dignitate</span> <span class='ocrx_word' id='word_1_332' title='bbox 1459 2459 1690 2490; x_wconf 85' lang='lat' dir='ltr'>Romanorum</span> 
     </span>
     <span class='ocr_line' id='line_1_38' title="bbox 269 2503 1688 2551; baseline -0.001 -13"><span class='ocrx_word' id='word_1_333' title='bbox 269 2506 554 2546; x_wconf 83' lang='lat' dir='ltr'>administraret,</span> <span class='ocrx_word' id='word_1_334' title='bbox 579 2507 711 2538; x_wconf 87' lang='lat' dir='ltr'>nemini</span> <span class='ocrx_word' id='word_1_335' title='bbox 737 2509 925 2551; x_wconf 87' lang='lat' dir='ltr'>quicquam</span> <span class='ocrx_word' id='word_1_336' title='bbox 952 2506 988 2538; x_wconf 89' lang='lat' dir='ltr'><em>in</em></span> <span class='ocrx_word' id='word_1_337' title='bbox 1021 2512 1174 2538; x_wconf 78' lang='lat' dir='ltr'>mentem</span> <span class='ocrx_word' id='word_1_338' title='bbox 1200 2503 1377 2536; x_wconf 84' lang='lat' dir='ltr'>veniebat.</span> <span class='ocrx_word' id='word_1_339' title='bbox 1401 2504 1496 2536; x_wconf 90' lang='lat' dir='ltr'>unde</span> <span class='ocrx_word' id='word_1_340' title='bbox 1519 2503 1688 2537; x_wconf 77' lang='lat' dir='ltr'>vecordes</span> 
     </span>
     <span class='ocr_line' id='line_1_39' title="bbox 267 2550 1689 2594; baseline -0.002 -9"><span class='ocrx_word' id='word_1_341' title='bbox 267 2553 428 2585; x_wconf 86' lang='lat' dir='ltr'>homines</span> <span class='ocrx_word' id='word_1_342' title='bbox 455 2552 559 2585; x_wconf 81' lang='lat' dir='ltr'>etiam</span> <span class='ocrx_word' id='word_1_343' title='bbox 581 2552 733 2584; x_wconf 81' lang='lat' dir='ltr'>infantes</span> <span class='ocrx_word' id='word_1_344' title='bbox 758 2554 794 2585; x_wconf 92' lang='lat' dir='ltr'><em>in</em></span> <span class='ocrx_word' id='word_1_345' title='bbox 820 2553 917 2584; x_wconf 85' lang='lat' dir='ltr'>cunis</span> <span class='ocrx_word' id='word_1_346' title='bbox 942 2550 1058 2584; x_wconf 88' lang='lat' dir='ltr'>adhuc</span> <span class='ocrx_word' id='word_1_347' title='bbox 1084 2551 1261 2594; x_wconf 82' lang='lat' dir='ltr'>vagientes</span> <span class='ocrx_word' id='word_1_348' title='bbox 1286 2550 1529 2594; x_wconf 83' lang='lat' dir='ltr'>designabant.</span> <span class='ocrx_word' id='word_1_349' title='bbox 1555 2561 1598 2582; x_wconf 90' lang='lat' dir='ltr'><em>ex</em></span> <span class='ocrx_word' id='word_1_350' title='bbox 1619 2561 1689 2582; x_wconf 83' lang='lat' dir='ltr'>-no-</span> 
     </span>
     <span class='ocr_line' id='line_1_40' title="bbox 265 2597 1686 2642; baseline -0.001 -12"><span class='ocrx_word' id='word_1_351' title='bbox 265 2599 406 2631; x_wconf 84' lang='lat' dir='ltr'>bilitate</span> <span class='ocrx_word' id='word_1_352' title='bbox 432 2603 468 2631; x_wconf 85' lang='lat' dir='ltr'>et</span> <span class='ocrx_word' id='word_1_353' title='bbox 503 2597 629 2642; x_wconf 84' lang='lat' dir='ltr'>opibus</span> <span class='ocrx_word' id='word_1_354' title='bbox 653 2598 755 2631; x_wconf 87' lang='lat' dir='ltr'>claris</span> <span class='ocrx_word' id='word_1_355' title='bbox 790 2598 934 2631; x_wconf 83' lang='lat' dir='ltr'>Manuel</span> <span class='ocrx_word' id='word_1_356' title='bbox 972 2598 1127 2630; x_wconf 85' lang='lat' dir='ltr'>Camizes</span> <span class='ocrx_word' id='word_1_357' title='bbox 1154 2602 1387 2641; x_wconf 82' lang='lat' dir='ltr'>protostrator</span> <span class='ocrx_word' id='word_1_358' title='bbox 1425 2597 1597 2629; x_wconf 89' lang='lat' dir='ltr'>avunculo</span> <span class='ocrx_word' id='word_1_359' title='bbox 1622 2607 1686 2629; x_wconf 87' lang='lat' dir='ltr'>suo</span> 
     </span>
     <span class='ocr_line' id='line_1_41' title="bbox 263 2641 1687 2687; baseline -0.002 -10"><span class='ocrx_word' id='word_1_360' title='bbox 263 2645 415 2677; x_wconf 83' lang='lat' dir='ltr'>Iohanni</span> <span class='ocrx_word' id='word_1_361' title='bbox 457 2643 725 2677; x_wconf 75' lang='lat' dir='ltr'>sebastocratori</span> <span class='ocrx_word' id='word_1_362' title='bbox 752 2644 1012 2678; x_wconf 85' lang='lat' dir='ltr'>adversabatur.</span> <span class='ocrx_word' id='word_1_363' title='bbox 1050 2645 1080 2676; x_wconf 85' lang='lat' dir='ltr'>is</span> <span class='ocrx_word' id='word_1_364' title='bbox 1107 2654 1190 2675; x_wconf 88' lang='lat' dir='ltr'>vero</span> <span class='ocrx_word' id='word_1_365' title='bbox 1214 2643 1365 2675; x_wconf 85' lang='lat' dir='ltr'>vicissim</span> <span class='ocrx_word' id='word_1_366' title='bbox 1389 2643 1489 2675; x_wconf 88' lang='lat' dir='ltr'>illum</span> <span class='ocrx_word' id='word_1_367' title='bbox 1512 2641 1687 2687; x_wconf 80' lang='lat' dir='ltr'>impedie-</span> 
     </span>
     <span class='ocr_line' id='line_1_42' title="bbox 263 2689 1685 2735; baseline -0.004 -11"><span class='ocrx_word' id='word_1_368' title='bbox 263 2692 336 2724; x_wconf 85' lang='lat' dir='ltr'>bat.</span> <span class='ocrx_word' id='word_1_369' title='bbox 362 2697 432 2723; x_wconf 86' lang='lat' dir='ltr'>tres</span> <span class='ocrx_word' id='word_1_370' title='bbox 459 2702 542 2723; x_wconf 88' lang='lat' dir='ltr'>vero</span> <span class='ocrx_word' id='word_1_371' title='bbox 567 2691 786 2735; x_wconf 81' lang='lat' dir='ltr'>imperatoris</span> <span class='ocrx_word' id='word_1_372' title='bbox 811 2691 939 2729; x_wconf 69' lang='lat' dir='ltr'>fratres</span> <span class='ocrx_word' id='word_1_373' title='bbox 975 2690 1019 2722; x_wconf 75' lang='lat' dir='ltr'><em>ab</em></span> <span class='ocrx_word' id='word_1_374' title='bbox 1049 2689 1249 2722; x_wconf 88' lang='lat' dir='ltr'>Andronico</span> <span class='ocrx_word' id='word_1_375' title='bbox 1278 2689 1476 2729; x_wconf 81' lang='lat' dir='ltr'>excaecati,</span> <span class='ocrx_word' id='word_1_376' title='bbox 1505 2695 1541 2722; x_wconf 87' lang='lat' dir='ltr'>et</span> <span class='ocrx_word' id='word_1_377' title='bbox 1565 2690 1685 2721; x_wconf 80' lang='lat' dir='ltr'>eorum</span> 
     </span>
    </p>
   </div>
   <div class='ocr_carea' id='block_1_5' title="bbox 265 2734 1684 2781">
    <p class='ocr_par' dir='ltr' id='par_1_7' title="bbox 265 2734 1684 2781">
     <span class='ocr_line' id='line_1_43' title="bbox 265 2734 1684 2781; baseline -0.003 -11"><span class='ocrx_word' id='word_1_378' title='bbox 265 2738 420 2770; x_wconf 81' lang='lat' dir='ltr'>sororius</span> <span class='ocrx_word' id='word_1_379' title='bbox 443 2736 616 2771; x_wconf 81' lang='lat' dir='ltr'>Iohannes</span> <span class='ocrx_word' id='word_1_380' title='bbox 642 2737 902 2771; x_wconf 76' lang='lat' dir='ltr'>Cantacuzenus</span> <span class='ocrx_word' id='word_1_381' title='bbox 918 2762 926 2778; x_wconf 84' lang='lat'>‚</span> <span class='ocrx_word' id='word_1_382' title='bbox 964 2742 1000 2770; x_wconf 82' lang='lat' dir='ltr'>et</span> <span class='ocrx_word' id='word_1_383' title='bbox 1034 2737 1109 2781; x_wconf 87' lang='lat' dir='ltr'>ipse</span> <span class='ocrx_word' id='word_1_384' title='bbox 1135 2735 1242 2769; x_wconf 82' lang='lat' dir='ltr'>orbus</span> <span class='ocrx_word' id='word_1_385' title='bbox 1267 2735 1402 2776; x_wconf 87' lang='lat' dir='ltr'>oculis,</span> <span class='ocrx_word' id='word_1_386' title='bbox 1430 2735 1511 2768; x_wconf 81' lang='lat' dir='ltr'>filiis</span> <span class='ocrx_word' id='word_1_387' title='bbox 1535 2735 1607 2768; x_wconf 70' lang='lat' dir='ltr'>suis</span> <span class='ocrx_word' id='word_1_388' title='bbox 1631 2734 1684 2768; x_wconf 81' lang='lat' dir='ltr'><em>fa-</em></span> 
     </span>
    </p>
   </div>
   <div class='ocr_carea' id='block_1_6' title="bbox 1827 2896 1877 3230">
    <p class='ocr_par' dir='ltr' id='par_1_8' title="bbox 1827 2896 1877 3230">
     <span class='ocr_line' id='line_1_44' title="bbox 1827 2896 1877 3230; baseline 0 0"><span class='ocrx_word' id='word_1_389' title='bbox 1827 2896 1877 3230; x_wconf 95' lang='lat' dir='ltr'><em> </em></span> 
     </span>
    </p>
   </div>
  </div>
 </body>
</html>
