1878 3230
553 221 623 260 m:
668 216 883 260 stAmo
927 213 1142 257 ANGELO
1182 215 1279 258 Lm,
1322 216 1357 254 1.
1559 192 1665 266 507

234 323 513 373 βουλομένους
544 321 716 361 εἰσιέναι
748 320 819 359 καί
842 318 1027 358 θεᾶσθαι
1058 314 1188 357 αὐτόν
1215 315 1505 369 τροπαιοῦχον.
1561 312 1605 353 ἐν
1623 311 1670 356 δὲ

233 388 289 442 τῷ
315 383 523 427 ἅπτεσθαι
540 386 622 425 τῶν
647 386 789 426 σιτίων
811 380 970 436 χανδὸν
995 383 1069 422 καί
1085 380 1160 428 τὰς
1186 385 1334 434 χεῖρας
1362 384 1486 420 κινεῖν
1516 377 1574 426 εἰς
1600 375 1671 417 τὸν

232 452 312 492 τῶν
341 452 618 504 προκειμένων
646 450 826 490 ἐδεστῶν
852 445 1054 499 πόλεμον,
1086 445 1319 488 ἐπεισόδιόν
1346 460 1387 487 τι
1417 445 1493 484 ου’κ
1520 441 1670 496 εὐπρε-

234 518 308 565 πὲς
350 518 421 557 καί
459 511 634 570 ἄθυρμα
662 513 912 563 ἐπιδείπνιον
949 510 1026 566 τὴν
1055 513 1127 552 τοῦ
1152 513 1303 565 Βρανᾶ
1332 508 1672 565 παρεισαχθῆναι

198 584 443 626 5κεκέλευκε
486 580 684 636 κεφαλήν.
742 579 770 632 ἡ
810 580 856 620 δὲ
887 577 943 626 ὥς
972 578 1157 632 εἰσῆκτο,
1198 578 1262 619 ἐπ’
1289 573 1473 631 ἐδάφους
1501 572 1673 628 ἔρριπτο

234 651 437 701 σεσηρυῖα
464 648 536 686 καί
564 649 778 697 μεμυκυῖα
823 642 878 686 ταὶ
921 639 1152 699 ὀφθαλμώ,
1182 636 1267 683 οἶδε’
1292 657 1335 682 τε
1363 642 1527 682 κιῖκεΐσε
1555 640 1674 693 δίκην

234 715 421 768 σφαίρας
441 704 663 765 διαγομένη
692 725 735 752 τε
763 708 836 751 καί
860 711 1120 763 μεταγομένη
1160 709 1443 762 διηκοντίζετο.
1497 702 1711 760 ὅστερονῦ

234 781 282 820 δὲ
309 777 382 819 καί
425 778 478 834 τῇ
507 772 643 818 advo&
681 776 838 831 γαμετῇ
870 773 988 816 ἔνδον
1015 777 1098 816 ταῖν
1126 771 1366 826 ἀνακτόρων
1395 771 1670 826 καθειργμὲνῃ

232 843 586 898 παρεισφέρεται,
623 842 695 882 καί
722 841 920 894 α’νέρεται
962 837 1070 893 αὕτη
1097 840 1136 880 εἰ
1162 836 1353 880 σύνοιδεν
1380 834 1474 879 ὅτου
1507 838 1618 878 ἐστὶν
1646 833 1671 888 ἧ

179 926 224 952 ιο
236 906 410 965 κεφαλή.
464 906 491 962 ἦ
522 909 570 949 δὲ
595 905 693 954 τούς
722 905 974 960 ὀφθαλμούς
1019 905 1159 960 ἐκείνῳ
1185 905 1240 960 τῷ
1266 905 1399 960 πικρῷ
1427 904 1497 944 καί
1526 903 1676 957 οἰκτρῷ

236 972 309 1015 καί
334 973 496 1029 ἀέλπτῳ
522 971 705 1024 θεάματι
743 971 1003 1024 ἐπιβαλοῦσα
1035 966 1180 1023 „offici”
1204 985 1310 1025 φησι
1338 970 1440 1022 „nac”
1467 967 1678 1017 ταλανιζω

235 1036 456 1092 ἐμαυτήν.”
511 1033 562 1095 ἦν
598 1035 679 1091 γὰρ
718 1035 899 1092 σώφρων
941 1035 966 1090 ἦ
1005 1037 1131 1090 γυνή,
1158 1036 1232 1077 καί
1266 1033 1341 1088 τήν
1368 1035 1678 1088 ἐπιπρέπουσαν

235 1106 295 1161 τῷ
325 1103 450 1158 θήλεϊ
473 1101 634 1156 σιωπήν
660 1103 856 1155 τιθεμένη
886 1103 984 1155 περί
1010 1101 1188 1153 πολλοῦ,
1219 1094 1271 1141 οὗ
1293 1099 1422 1153 χάριν
1445 1100 1518 1139 καί
1544 1097 1675 1151 καλὴν

237 1172 282 1211 ἐν
310 1170 475 1222 γυναιξὶ
518 1166 810 1220 κατωνόμαζεν
837 1166 860 1206 ὅ
889 1167 990 1220 πρὸς
1017 1165 1177 1220 μητρὸς
1200 1165 1328 1219 αὐτῆς
1357 1168 1474 1212 θεῖος
1501 1161 1522 1204 ὅ
1552 1159 1678 1205 αὖτο-

179 1234 405 1288 ιόκράτωρ
433 1232 663 1287 Μανουήλ,
691 1234 763 1273 καί
778 1227 865 1273 οἷόν
891 1247 932 1271 τι
960 1232 1044 1272 ταῖν
1074 1232 1120 1272 ἐκ
1149 1232 1227 1271 τοῦ
1254 1234 1397 1283 γένους
1425 1225 1672 1285 ὄσφρᾶδιον.

235 1299 287 1342 τὰ
312 1302 358 1341 δέ
388 1314 434 1353 γε
470 1298 570 1354 πρὸς
606 1293 869 1340 ἀποστασίαν
897 1298 954 1353 τῷ
982 1298 1132 1353 Βρανᾷ
1171 1294 1442 1350 συναράμενοι
1472 1292 1675 1349 στρατεύ-

234 1381 372 1418 ματα,
422 1360 545 1412 ὁ’λους
587 1364 732 1405 ἀνέντα
781 1363 1003 1416 χαλινούς,
1037 1362 1113 1411 τὰς
1153 1361 1413 1416 ὁπουδήποτε
1460 1359 1675 1417 φερούσας

236 1430 455 1487 ἐτράπετο.
513 1430 586 1471 καί
622 1427 660 1470 οἱ
687 1430 764 1482 μὲν
795 1423 969 1470 ὄπισθεν
1007 1424 1184 1476 ἑστῶτες
1207 1429 1291 1470 τῶν
1311 1425 1542 1483 προμάχων
1570 1426 1673 1467 κατὰ

237 1494 305 1538 τὸν
329 1494 472 1551 καιρὸν
499 1497 573 1549 τῆς
599 1497 864 1549 συμπλοκῆς,
912 1493 968 1543 ὥς
995 1489 1172 1551 ᾔσθοντο
1199 1496 1271 1548 τῆς
1298 1495 1475 1549 τροπῆς,
1501 1490 1716 1545 ἆψάμε-Ι)

175 1578 227 1605 20
240 1578 302 1605 νοι
327 1565 400 1616 τῆς
427 1563 564 1618 φυγῆς
591 1560 784 1616 πρότεροι
812 1560 911 1608 τούς
940 1561 1112 1601 κατόπιν
1143 1559 1394 1607 ἐλαύνοντας
1423 1559 1479 1607 ὥς
1503 1557 1671 1609 πολεμί-

241 1644 312 1677 ους
340 1627 605 1684 ὑφορώμενοι
615 1659 628 1679 ,
676 1625 748 1668 τὸν
778 1625 931 1681 δρόμον
960 1625 1016 1674 ὥς
1043 1623 1101 1679 μή
1135 1627 1418 1680 συλληφθεῖεν
1445 1624 1671 1666 ἐπέτεινον·

241 1692 280 1735 οἳ
312 1696 352 1734 δ’
378 1690 624 1750 ἐφεπόμενοι
666 1690 710 1734 τὸ
738 1693 934 1733 σύντονον
964 1693 1023 1738 εἰς
1052 1689 1192 1745 φυγὴν
1216 1692 1298 1732 τῶν
1324 1691 1591 1745 προαγόντων
1619 1687 1677 1737 ὥς

242 1761 394 1814 πρᾶξιν
430 1760 645 1813 ζηλοῦντες
675 1758 893 1808 σώζουσαν
910 1789 922 1809 ,
965 1754 1038 1797 καὶ
1064 1754 1138 1809 τήν
1166 1756 1247 1796 τῶν
1275 1756 1482 1808 πολεμίων
1509 1755 1680 1796 ἐπιδήσ-

244 1828 308 1875 ξιν
337 1822 641 1877 δεδιττόμενοι,
671 1825 808 1864 ἐκεῖνα
845 1817 1023 1875 ηὔχοντο
1054 1817 1273 1875 ἄντικρυς,
1302 1820 1398 1869 τούς
1423 1823 1502 1873 μὲν
1528 1820 1683 1868 ἵππους

337 1927 370 1959 6.
395 1923 589 1971 σεσηρυῒα]
615 1925 832 1970 ζαρωμένην
859 1924 924 1956 καὶ
949 1923 1210 1968 κεκαμυμένην
1225 1919 1313 1959 τούς
1339 1919 1572 1968 ὀφθαλμούς
1591 1920 1684 1954 Δἐκύ-

338 1974 423 2005 λιον
460 1970 598 2017 ταύτην
636 1967 709 2005 ιῖπὸ
737 1970 856 2005 τόπου
891 1970 944 2005 εἰς
976 1969 1094 2003 τόπον
1137 1970 1202 2002 καὶ
1237 1968 1374 2013 ἔσυρον
1411 1971 1477 2002 καὶ
1502 1968 1683 2014 ἔρριπτον

338 2017 464 2063 ὥσπερ
487 2018 622 2063 μάπαν
645 2019 683 2052 B.
809 2017 856 2060 ¹4·
882 2013 1035 2063 μητρός]
1062 2014 1161 2060 πρὸς
1183 2014 1326 2058 πατρὸς
1349 2015 1447 2056 mitis
1467 2017 1508 2050 A.
1631 2016 1681 2048 ι5.

336 2059 434 2110 οἷόν]
462 2066 527 2097 καὶ
549 2064 745 2110 μυρωδίαν
768 2063 895 2096 ἐκάλει
919 2062 988 2095 τοῦ
1002 2064 1135 2107 γένους
1159 2061 1276 2097 αὐτοῦ
1298 2063 1335 2096 Β.
1414 2073 1465 2107 ¹7·
1488 2058 1681 2107 χαλινοὺς]

335 2111 501 2157 ῥυτῆρας
523 2111 564 2145 Α.
683 2121 737 2143 21.
763 2109 944 2155 ὶηφθεῖεν
967 2109 1007 2142 Α.

245 2213 423 2248 ludicrum
449 2224 574 2258 parum
599 2213 754 2257 eleganS,
782 2213 919 2244 Branae
943 2214 1050 2255 caput
1074 2210 1201 2242 inferri
1228 2209 1344 2250 iussit,
1370 2209 1470 2253 quod
1492 2209 1608 2242 hianti
1636 2210 1685 2241 ri-

247 2266 308 2293 ctu
335 2266 373 2293 et
399 2259 530 2293 clausis
559 2260 673 2293 oculis
692 2259 791 2291 humi
811 2258 991 2291 abiectum
1015 2257 1087 2289 huc
1110 2261 1219 2301 atque
1234 2256 1322 2288 illuc
1345 2256 1442 2299 globi
1470 2256 1583 2288 instar
1609 2257 1685 2299 agi-

245 2307 392 2340 tabatur
420 2311 457 2340 et
481 2306 606 2339 iaculis
631 2305 888 2339 traiiciebatur.
929 2303 1062 2337 deinde
1084 2303 1227 2346 coniugi
1251 2313 1399 2347 quoque
1421 2302 1498 2335 eius
1522 2303 1560 2335 in
1582 2302 1685 2346 pala-

245 2355 300 2386 tio
329 2353 488 2386 inclusae
512 2352 674 2386 oblatum
693 2357 756 2386 est.
782 2363 874 2397 quae
900 2357 1020 2395 rogata
1045 2362 1133 2383 num
1158 2351 1265 2382 sciret
1298 2349 1399 2381 cuius
1423 2354 1542 2389 esset,
1569 2348 1686 2381 oculis

247 2401 288 2446 in
310 2399 517 2432 miserabile
541 2399 635 2432 illud
660 2405 696 2432 et
715 2399 981 2443 inexpectatum
1002 2397 1248 2442 spectaculum
1275 2396 1448 2428 coniectis
1474 2395 1603 2436 „novi”
1627 2395 1685 2427 in-

249 2446 349 2490 quit,
373 2451 438 2487 „et
461 2457 518 2479 me
539 2443 705 2479 miseram
731 2445 885 2478 iudico.”
924 2450 1000 2478 erat
1025 2444 1121 2476 enim
1148 2443 1311 2476 modesta
1336 2442 1488 2483 mulier,
1514 2447 1553 2474 et
1576 2441 1685 2473 deco-

251 2503 325 2524 ram
350 2493 523 2526 matronis
539 2493 823 2526 taciturnitatem
841 2492 986 2525 maximi
1005 2490 1170 2523 faciebat.
1196 2500 1307 2535 quare
1331 2500 1351 2521 a
1375 2494 1504 2533 patruo
1515 2486 1685 2520 Manuele

250 2539 448 2572 matronale
473 2538 580 2572 decus
605 2545 643 2572 et
663 2539 822 2571 familiae
849 2550 933 2571 suae
947 2542 1196 2570 ornamentum
1220 2535 1480 2581 appellabatur.
1509 2533 1687 2566 exercitus

250 2594 334 2616 vero
360 2585 424 2628 qui
446 2597 526 2618 cum
553 2587 669 2619 Erana
693 2585 922 2625 defecerant,
950 2585 1041 2617 laxis
1067 2584 1218 2616 habenis
1246 2591 1462 2628 quocunque
1488 2578 1686 2622 fugiebant3

252 2641 294 2662 ac
317 2630 381 2674 qui
412 2641 552 2674 pugnae
588 2637 748 2677 tempore
782 2637 864 2676 post
889 2636 1170 2676 propugnatores
1198 2634 1395 2667 steterant,
1429 2638 1508 2658 cum
1532 2624 1686 2657 inclina-

252 2682 326 2708 tam
362 2686 438 2708 esse
471 2678 583 2710 aciem
620 2680 838 2718 sensissent,
880 2678 962 2722 fuga
987 2682 1182 2722 occupata,
1211 2687 1270 2708 eos
1297 2676 1361 2720 qui
1389 2685 1410 2705 a
1435 2678 1533 2715 tergo
1557 2681 1687 2715 seque-

255 2721 386 2754 bantur
410 2733 474 2766 pro
498 2722 664 2757 hostibus
703 2730 904 2758 metuentes
941 2735 1081 2757 cursum
1109 2722 1369 2760 intendebant,
1393 2729 1440 2755 ne
1463 2723 1685 2762 caperentur·

254 2768 420 2813 quivero
448 2769 709 2813 sequebantur,
740 2770 1030 2808 antecedentium
1068 2770 1254 2803 incitatam
1282 2768 1400 2811 sugam
1427 2770 1468 2799 ut
1492 2775 1566 2798 rem
1591 2763 1687 2799 salu-
