<?xml version="1.0" encoding="UTF-8"?>
<!DOCTYPE html PUBLIC "-//W3C//DTD XHTML 1.0 Transitional//EN"
    "http://www.w3.org/TR/xhtml1/DTD/xhtml1-transitional.dtd">
<html xmlns="http://www.w3.org/1999/xhtml" xml:lang="en" lang="en">
 <head>
  <title>
</title>
<meta http-equiv="Content-Type" content="text/html;charset=utf-8" />
  <meta name='ocr-system' content='tesseract 3.04.00' />
  <meta name='ocr-capabilities' content='ocr_page ocr_carea ocr_par ocr_line ocrx_word'/>
</head>
<body>
  <div class='ocr_page' id='page_1' title='image "./corpusscriptorum41niebuoft/corpusscriptorum41niebuoft_0021.png"; bbox 0 0 1838 3210; ppageno 0'>
   <div class='ocr_carea' id='block_1_1' title="bbox 717 134 1602 198">
    <p class='ocr_par' dir='ltr' id='par_1_1' title="bbox 717 134 1602 198">
     <span class='ocr_line' id='line_1_1' title="bbox 717 134 1602 198; baseline -0.002 -1"><span class='ocrx_word' id='word_1_1' title='bbox 717 134 1029 198; x_wconf 62' lang='lat' dir='ltr'>PRAEFA‘no.</span> <span class='ocrx_word' id='word_1_2' title='bbox 1531 157 1602 196; x_wconf 82' lang='lat' dir='ltr'>xv</span> 
     </span>
    </p>
   </div>
   <div class='ocr_carea' id='block_1_2' title="bbox 171 266 1618 2768">
    <p class='ocr_par' dir='ltr' id='par_1_2' title="bbox 171 266 1618 2768">
     <span class='ocr_line' id='line_1_2' title="bbox 171 266 1604 326; baseline -0.006 -11"><span class='ocrx_word' id='word_1_3' title='bbox 171 275 290 315; x_wconf 88' lang='lat' dir='ltr'>diisse</span> <span class='ocrx_word' id='word_1_4' title='bbox 319 273 380 313; x_wconf 84' lang='lat' dir='ltr'>vel</span> <span class='ocrx_word' id='word_1_5' title='bbox 409 274 494 326; x_wconf 91' lang='lat' dir='ltr'>ipso</span> <span class='ocrx_word' id='word_1_6' title='bbox 521 269 682 309; x_wconf 89' lang='lat' dir='ltr'>nomine</span> <span class='ocrx_word' id='word_1_7' title='bbox 710 268 912 318; x_wconf 77' lang='lat' dir='ltr'><strong>fateatur,</strong></span> <span class='ocrx_word' id='word_1_8' title='bbox 942 273 984 306; x_wconf 87' lang='lat' dir='ltr'>et</span> <span class='ocrx_word' id='word_1_9' title='bbox 1013 268 1046 306; x_wconf 88' lang='lat' dir='ltr'>si</span> <span class='ocrx_word' id='word_1_10' title='bbox 1077 267 1253 306; x_wconf 77' lang='lat' dir='ltr'>Graecas</span> <span class='ocrx_word' id='word_1_11' title='bbox 1285 279 1402 306; x_wconf 65' lang='lat' dir='ltr'>voces</span> <span class='ocrx_word' id='word_1_12' title='bbox 1430 266 1604 306; x_wconf 89' lang='lat' dir='ltr'>sustule-</span> 
     </span>
     <span class='ocr_line' id='line_1_3' title="bbox 176 331 1604 393; baseline -0.006 -12"><span class='ocrx_word' id='word_1_13' title='bbox 176 342 257 391; x_wconf 84' lang='lat' dir='ltr'>ris,</span> <span class='ocrx_word' id='word_1_14' title='bbox 285 352 403 393; x_wconf 84' lang='lat' dir='ltr'>saepe</span> <span class='ocrx_word' id='word_1_15' title='bbox 440 337 698 376; x_wconf 74' lang='lat' dir='ltr'>obmutescat.</span> <span class='ocrx_word' id='word_1_16' title='bbox 741 348 822 386; x_wconf 92' lang='lat' dir='ltr'>quo</span> <span class='ocrx_word' id='word_1_17' title='bbox 854 333 987 372; x_wconf 84' lang='lat' dir='ltr'>minus</span> <span class='ocrx_word' id='word_1_18' title='bbox 1018 333 1046 371; x_wconf 91' lang='lat' dir='ltr'>ii</span> <span class='ocrx_word' id='word_1_19' title='bbox 1074 331 1233 372; x_wconf 84' lang='lat' dir='ltr'>ferendi</span> <span class='ocrx_word' id='word_1_20' title='bbox 1260 339 1354 371; x_wconf 88' lang='lat' dir='ltr'>sunt</span> <span class='ocrx_word' id='word_1_21' title='bbox 1378 333 1447 385; x_wconf 89' lang='lat' dir='ltr'>qui</span> <span class='ocrx_word' id='word_1_22' title='bbox 1477 335 1604 372; x_wconf 81' lang='lat' dir='ltr'>Grae-</span> 
     </span>
     <span class='ocr_line' id='line_1_4' title="bbox 175 397 1605 458; baseline -0.006 -12"><span class='ocrx_word' id='word_1_23' title='bbox 175 421 266 446; x_wconf 84' lang='lat' dir='ltr'>cam</span> <span class='ocrx_word' id='word_1_24' title='bbox 291 406 466 458; x_wconf 86' lang='lat' dir='ltr'>linguam</span> <span class='ocrx_word' id='word_1_25' title='bbox 482 409 528 441; x_wconf 87' lang='lat' dir='ltr'>ut</span> <span class='ocrx_word' id='word_1_26' title='bbox 555 413 892 454; x_wconf 86' lang='lat' dir='ltr'>supervacaneam</span> <span class='ocrx_word' id='word_1_27' title='bbox 922 405 1204 451; x_wconf 85' lang='lat' dir='ltr'>aspernantur.</span> <span class='ocrx_word' id='word_1_28' title='bbox 1222 397 1331 451; x_wconf 90' lang='lat' dir='ltr'>quod</span> <span class='ocrx_word' id='word_1_29' title='bbox 1355 400 1496 452; x_wconf 85' lang='lat' dir='ltr'>utique</span> <span class='ocrx_word' id='word_1_30' title='bbox 1523 413 1605 439; x_wconf 91' lang='lat' dir='ltr'>non</span> 
     </span>
     <span class='ocr_line' id='line_1_5' title="bbox 172 463 1606 522; baseline -0.006 -10"><span class='ocrx_word' id='word_1_31' title='bbox 172 473 374 522; x_wconf 72' lang='lat' dir='ltr'>facerent,</span> <span class='ocrx_word' id='word_1_32' title='bbox 411 469 445 509; x_wconf 90' lang='lat' dir='ltr'>si</span> <span class='ocrx_word' id='word_1_33' title='bbox 481 476 605 521; x_wconf 83' lang='lat' dir='ltr'>quam</span> <span class='ocrx_word' id='word_1_34' title='bbox 633 465 751 519; x_wconf 88' lang='lat' dir='ltr'>pauci</span> <span class='ocrx_word' id='word_1_35' title='bbox 794 463 931 504; x_wconf 85' lang='lat' dir='ltr'>fideles</span> <span class='ocrx_word' id='word_1_36' title='bbox 959 469 1001 502; x_wconf 79' lang='lat' dir='ltr'>et</span> <span class='ocrx_word' id='word_1_37' title='bbox 1029 463 1139 503; x_wconf 88' lang='lat' dir='ltr'>docti</span> <span class='ocrx_word' id='word_1_38' title='bbox 1166 463 1405 517; x_wconf 82' lang='lat' dir='ltr'>interpretes</span> <span class='ocrx_word' id='word_1_39' title='bbox 1435 466 1514 504; x_wconf 86' lang='lat' dir='ltr'>sint</span> <span class='ocrx_word' id='word_1_40' title='bbox 1541 465 1606 504; x_wconf 87' lang='lat' dir='ltr'>in·</span> 
     </span>
     <span class='ocr_line' id='line_1_6' title="bbox 171 529 1607 590; baseline -0.004 -13"><span class='ocrx_word' id='word_1_41' title='bbox 171 538 406 590; x_wconf 84' lang='lat' dir='ltr'>telligerent.</span> <span class='ocrx_word' id='word_1_42' title='bbox 444 534 531 573; x_wconf 82' lang='lat' dir='ltr'>aliis</span> <span class='ocrx_word' id='word_1_43' title='bbox 566 532 676 571; x_wconf 81' lang='lat' dir='ltr'>deest</span> <span class='ocrx_word' id='word_1_44' title='bbox 706 530 872 571; x_wconf 88' lang='lat' dir='ltr'>alterius</span> <span class='ocrx_word' id='word_1_45' title='bbox 906 531 1060 580; x_wconf 87' lang='lat' dir='ltr'>utrius,</span> <span class='ocrx_word' id='word_1_46' title='bbox 1091 529 1176 569; x_wconf 88' lang='lat' dir='ltr'>aliis</span> <span class='ocrx_word' id='word_1_47' title='bbox 1204 531 1418 584; x_wconf 84' lang='lat' dir='ltr'>utriusque</span> <span class='ocrx_word' id='word_1_48' title='bbox 1445 531 1607 585; x_wconf 84' lang='lat' dir='ltr'>linguae</span> 
     </span>
     <span class='ocr_line' id='line_1_7' title="bbox 174 595 1606 657; baseline -0.003 -14"><span class='ocrx_word' id='word_1_49' title='bbox 174 604 374 657; x_wconf 83' lang='lat' dir='ltr'>cognitio,</span> <span class='ocrx_word' id='word_1_50' title='bbox 417 600 505 640; x_wconf 85' lang='lat' dir='ltr'>aliis</span> <span class='ocrx_word' id='word_1_51' title='bbox 544 598 640 638; x_wconf 83' lang='lat' dir='ltr'>fides</span> <span class='ocrx_word' id='word_1_52' title='bbox 686 603 728 637; x_wconf 83' lang='lat' dir='ltr'>et</span> <span class='ocrx_word' id='word_1_53' title='bbox 764 595 998 651; x_wconf 83' lang='lat' dir='ltr'>diligentia,</span> <span class='ocrx_word' id='word_1_54' title='bbox 1040 595 1246 636; x_wconf 90' lang='lat' dir='ltr'>nonnullis</span> <span class='ocrx_word' id='word_1_55' title='bbox 1273 598 1461 638; x_wconf 87' lang='lat' dir='ltr'>universa</span> <span class='ocrx_word' id='word_1_56' title='bbox 1486 597 1606 649; x_wconf 72' lang='lat' dir='ltr'>haee,</span> 
     </span>
     <span class='ocr_line' id='line_1_8' title="bbox 175 661 1609 717; baseline -0.004 -8"><span class='ocrx_word' id='word_1_57' title='bbox 175 684 260 709; x_wconf 88' lang='lat' dir='ltr'>non</span> <span class='ocrx_word' id='word_1_58' title='bbox 290 676 371 708; x_wconf 78' lang='lat' dir='ltr'>tam</span> <span class='ocrx_word' id='word_1_59' title='bbox 399 667 568 707; x_wconf 83' lang='lat' dir='ltr'>fortasse</span> <span class='ocrx_word' id='word_1_60' title='bbox 597 663 747 704; x_wconf 87' lang='lat' dir='ltr'>malitia</span> <span class='ocrx_word' id='word_1_61' title='bbox 785 670 825 703; x_wconf 89' lang='lat' dir='ltr'>et</span> <span class='ocrx_word' id='word_1_62' title='bbox 852 668 1087 715; x_wconf 86' lang='lat' dir='ltr'>contemptu</span> <span class='ocrx_word' id='word_1_63' title='bbox 1116 661 1363 702; x_wconf 83' lang='lat' dir='ltr'>iudiciorum</span> <span class='ocrx_word' id='word_1_64' title='bbox 1393 662 1514 717; x_wconf 89' lang='lat' dir='ltr'>(quae</span> <span class='ocrx_word' id='word_1_65' title='bbox 1540 679 1609 703; x_wconf 88' lang='lat' dir='ltr'>ex-</span> 
     </span>
     <span class='ocr_line' id='line_1_9' title="bbox 174 727 1611 785; baseline -0.003 -10"><span class='ocrx_word' id='word_1_66' title='bbox 174 743 303 775; x_wconf 83' lang='lat' dir='ltr'>trema</span> <span class='ocrx_word' id='word_1_67' title='bbox 331 740 432 773; x_wconf 86' lang='lat' dir='ltr'>esset</span> <span class='ocrx_word' id='word_1_68' title='bbox 459 730 653 785; x_wconf 84' lang='lat' dir='ltr'>amentia)</span> <span class='ocrx_word' id='word_1_69' title='bbox 683 743 805 784; x_wconf 88' lang='lat' dir='ltr'>quam</span> <span class='ocrx_word' id='word_1_70' title='bbox 830 729 1054 768; x_wconf 86' lang='lat' dir='ltr'>calamitate</span> <span class='ocrx_word' id='word_1_71' title='bbox 1077 727 1250 782; x_wconf 86' lang='lat' dir='ltr'>quadam</span> <span class='ocrx_word' id='word_1_72' title='bbox 1278 734 1509 782; x_wconf 87' lang='lat' dir='ltr'>temporum</span> <span class='ocrx_word' id='word_1_73' title='bbox 1535 745 1611 770; x_wconf 87' lang='lat' dir='ltr'>no-</span> 
     </span>
     <span class='ocr_line' id='line_1_10' title="bbox 179 793 1611 852; baseline -0.003 -11"><span class='ocrx_word' id='word_1_74' title='bbox 179 808 355 842; x_wconf 89' lang='lat' dir='ltr'>strorum</span> <span class='ocrx_word' id='word_1_75' title='bbox 380 807 420 839; x_wconf 90' lang='lat' dir='ltr'>et</span> <span class='ocrx_word' id='word_1_76' title='bbox 446 797 735 852; x_wconf 83' lang='lat' dir='ltr'>praestantium</span> <span class='ocrx_word' id='word_1_77' title='bbox 764 795 1017 848; x_wconf 83' lang='lat' dir='ltr'>ingeniorum</span> <span class='ocrx_word' id='word_1_78' title='bbox 1042 793 1251 847; x_wconf 83' lang='lat' dir='ltr'>neglectu,</span> <span class='ocrx_word' id='word_1_79' title='bbox 1280 793 1424 847; x_wconf 87' lang='lat' dir='ltr'>quibus</span> <span class='ocrx_word' id='word_1_80' title='bbox 1450 795 1611 836; x_wconf 88' lang='lat' dir='ltr'>fortuna</span> 
     </span>
     <span class='ocr_line' id='line_1_11' title="bbox 178 859 1613 922; baseline -0.003 -15"><span class='ocrx_word' id='word_1_81' title='bbox 178 867 399 922; x_wconf 85' lang='lat' dir='ltr'>plerunque</span> <span class='ocrx_word' id='word_1_82' title='bbox 435 866 567 905; x_wconf 86' lang='lat' dir='ltr'>minus</span> <span class='ocrx_word' id='word_1_83' title='bbox 604 864 712 903; x_wconf 84' lang='lat' dir='ltr'>favet</span> <span class='ocrx_word' id='word_1_84' title='bbox 739 876 859 916; x_wconf 91' lang='lat' dir='ltr'>quam</span> <span class='ocrx_word' id='word_1_85' title='bbox 889 861 937 901; x_wconf 87' lang='lat' dir='ltr'>iis</span> <span class='ocrx_word' id='word_1_86' title='bbox 972 874 1143 914; x_wconf 86' lang='lat' dir='ltr'>quorum</span> <span class='ocrx_word' id='word_1_87' title='bbox 1171 859 1302 899; x_wconf 91' lang='lat' dir='ltr'>minor</span> <span class='ocrx_word' id='word_1_88' title='bbox 1328 868 1387 900; x_wconf 86' lang='lat' dir='ltr'>est</span> <span class='ocrx_word' id='word_1_89' title='bbox 1414 861 1613 904; x_wconf 86' lang='lat' dir='ltr'>industria</span> 
     </span>
     <span class='ocr_line' id='line_1_12' title="bbox 177 925 1609 980; baseline -0.004 -7"><span class='ocrx_word' id='word_1_90' title='bbox 177 942 217 974; x_wconf 86' lang='lat' dir='ltr'>et</span> <span class='ocrx_word' id='word_1_91' title='bbox 241 933 422 973; x_wconf 86' lang='lat' dir='ltr'>obtusior</span> <span class='ocrx_word' id='word_1_92' title='bbox 448 933 552 971; x_wconf 87' lang='lat' dir='ltr'>acies</span> <span class='ocrx_word' id='word_1_93' title='bbox 580 930 817 970; x_wconf 86' lang='lat' dir='ltr'>animorum.</span> <span class='ocrx_word' id='word_1_94' title='bbox 849 928 987 980; x_wconf 85' lang='lat' dir='ltr'>itaque</span> <span class='ocrx_word' id='word_1_95' title='bbox 1016 925 1184 980; x_wconf 83' lang='lat' dir='ltr'>pedibus</span> <span class='ocrx_word' id='word_1_96' title='bbox 1207 927 1247 965; x_wconf 89' lang='lat' dir='ltr'>in</span> <span class='ocrx_word' id='word_1_97' title='bbox 1276 939 1415 966; x_wconf 89' lang='lat' dir='ltr'>eorum</span> <span class='ocrx_word' id='word_1_98' title='bbox 1442 941 1491 967; x_wconf 87' lang='lat' dir='ltr'>eo</span> <span class='ocrx_word' id='word_1_99' title='bbox 1518 942 1609 967; x_wconf 90' lang='lat' dir='ltr'>sen-</span> 
     </span>
     <span class='ocr_line' id='line_1_13' title="bbox 178 991 1610 1052; baseline -0.005 -13"><span class='ocrx_word' id='word_1_100' title='bbox 178 1001 347 1039; x_wconf 87' lang='lat' dir='ltr'>tentiam</span> <span class='ocrx_word' id='word_1_101' title='bbox 393 997 464 1052; x_wconf 87' lang='lat' dir='ltr'>qui</span> <span class='ocrx_word' id='word_1_102' title='bbox 502 999 656 1036; x_wconf 82' lang='lat' dir='ltr'>Graeca</span> <span class='ocrx_word' id='word_1_103' title='bbox 695 1008 789 1034; x_wconf 90' lang='lat' dir='ltr'>cum</span> <span class='ocrx_word' id='word_1_104' title='bbox 818 993 971 1032; x_wconf 86' lang='lat' dir='ltr'>Latinis</span> <span class='ocrx_word' id='word_1_105' title='bbox 1000 991 1278 1045; x_wconf 79' lang='lat' dir='ltr'>coniungenda</span> <span class='ocrx_word' id='word_1_106' title='bbox 1305 1006 1391 1032; x_wconf 88' lang='lat' dir='ltr'>esse</span> <span class='ocrx_word' id='word_1_107' title='bbox 1418 1000 1610 1044; x_wconf 86' lang='lat' dir='ltr'>censent,</span> 
     </span>
     <span class='ocr_line' id='line_1_14' title="bbox 174 1057 1607 1119; baseline -0.004 -14"><span class='ocrx_word' id='word_1_108' title='bbox 174 1065 372 1119; x_wconf 84' lang='lat' dir='ltr'>siquidem</span> <span class='ocrx_word' id='word_1_109' title='bbox 389 1066 544 1103; x_wconf 83' lang='lat' dir='ltr'>Graeca</span> <span class='ocrx_word' id='word_1_110' title='bbox 565 1061 729 1102; x_wconf 85' lang='lat' dir='ltr'>seorsim</span> <span class='ocrx_word' id='word_1_111' title='bbox 751 1073 898 1114; x_wconf 87' lang='lat' dir='ltr'>parum</span> <span class='ocrx_word' id='word_1_112' title='bbox 929 1057 1148 1098; x_wconf 87' lang='lat' dir='ltr'>vendibilia</span> <span class='ocrx_word' id='word_1_113' title='bbox 1175 1065 1267 1098; x_wconf 86' lang='lat' dir='ltr'>sunt</span> <span class='ocrx_word' id='word_1_114' title='bbox 1299 1065 1430 1099; x_wconf 88' lang='lat' dir='ltr'>aetate</span> <span class='ocrx_word' id='word_1_115' title='bbox 1458 1067 1607 1108; x_wconf 82' lang='lat' dir='ltr'>nostra,</span> 
     </span>
     <span class='ocr_line' id='line_1_15' title="bbox 171 1123 1609 1185; baseline -0.004 -14"><span class='ocrx_word' id='word_1_116' title='bbox 171 1146 276 1185; x_wconf 88' lang='lat' dir='ltr'>quae</span> <span class='ocrx_word' id='word_1_117' title='bbox 314 1137 477 1184; x_wconf 87' lang='lat' dir='ltr'>propter</span> <span class='ocrx_word' id='word_1_118' title='bbox 524 1128 785 1167; x_wconf 85' lang='lat' dir='ltr'>ambitionem</span> <span class='ocrx_word' id='word_1_119' title='bbox 828 1126 1039 1166; x_wconf 84' lang='lat' dir='ltr'>avaritiam</span> <span class='ocrx_word' id='word_1_120' title='bbox 1081 1131 1121 1163; x_wconf 89' lang='lat' dir='ltr'>et</span> <span class='ocrx_word' id='word_1_121' title='bbox 1147 1123 1326 1163; x_wconf 85' lang='lat' dir='ltr'>bellandi</span> <span class='ocrx_word' id='word_1_122' title='bbox 1352 1124 1609 1178; x_wconf 86' lang='lat' dir='ltr'>cupiditatem</span> 
     </span>
     <span class='ocr_line' id='line_1_16' title="bbox 175 1191 1612 1251; baseline -0.004 -14"><span class='ocrx_word' id='word_1_123' title='bbox 175 1198 225 1237; x_wconf 88' lang='lat' dir='ltr'>ad</span> <span class='ocrx_word' id='word_1_124' title='bbox 255 1197 466 1251; x_wconf 85' lang='lat' dir='ltr'>pristinam</span> <span class='ocrx_word' id='word_1_125' title='bbox 512 1194 738 1234; x_wconf 85' lang='lat' dir='ltr'>barbariem</span> <span class='ocrx_word' id='word_1_126' title='bbox 780 1205 926 1246; x_wconf 86' lang='lat' dir='ltr'>magno</span> <span class='ocrx_word' id='word_1_127' title='bbox 964 1192 1115 1244; x_wconf 83' lang='lat' dir='ltr'>impetu</span> <span class='ocrx_word' id='word_1_128' title='bbox 1144 1191 1241 1230; x_wconf 87' lang='lat' dir='ltr'>ruit.</span> <span class='ocrx_word' id='word_1_129' title='bbox 1276 1204 1370 1230; x_wconf 90' lang='lat' dir='ltr'>nam</span> <span class='ocrx_word' id='word_1_130' title='bbox 1399 1191 1532 1231; x_wconf 86' lang='lat' dir='ltr'>Latini</span> <span class='ocrx_word' id='word_1_131' title='bbox 1571 1199 1612 1231; x_wconf 87' lang='lat' dir='ltr'>et</span> 
     </span>
     <span class='ocr_line' id='line_1_17' title="bbox 174 1257 1611 1314; baseline -0.003 -11"><span class='ocrx_word' id='word_1_132' title='bbox 174 1265 320 1303; x_wconf 84' lang='lat' dir='ltr'>Graeci</span> <span class='ocrx_word' id='word_1_133' title='bbox 357 1261 549 1302; x_wconf 90' lang='lat' dir='ltr'>sermonis</span> <span class='ocrx_word' id='word_1_134' title='bbox 595 1262 842 1314; x_wconf 83' lang='lat' dir='ltr'>proprietate</span> <span class='ocrx_word' id='word_1_135' title='bbox 883 1265 924 1297; x_wconf 87' lang='lat' dir='ltr'>et</span> <span class='ocrx_word' id='word_1_136' title='bbox 961 1257 1133 1311; x_wconf 83' lang='lat' dir='ltr'>puritate</span> <span class='ocrx_word' id='word_1_137' title='bbox 1161 1257 1304 1296; x_wconf 86' lang='lat' dir='ltr'>amissa</span> <span class='ocrx_word' id='word_1_138' title='bbox 1333 1264 1611 1312; x_wconf 83' lang='lat' dir='ltr'>contemtaque</span> 
     </span>
     <span class='ocr_line' id='line_1_18' title="bbox 175 1322 1611 1383; baseline -0.004 -14"><span class='ocrx_word' id='word_1_139' title='bbox 175 1329 429 1383; x_wconf 81' lang='lat' dir='ltr'>philosophia</span> <span class='ocrx_word' id='word_1_140' title='bbox 455 1336 494 1367; x_wconf 89' lang='lat' dir='ltr'>et</span> <span class='ocrx_word' id='word_1_141' title='bbox 519 1327 698 1381; x_wconf 88' lang='lat' dir='ltr'>politiori</span> <span class='ocrx_word' id='word_1_142' title='bbox 738 1325 965 1365; x_wconf 82' lang='lat' dir='ltr'>litteratura</span> <span class='ocrx_word' id='word_1_143' title='bbox 1002 1322 1207 1377; x_wconf 83' lang='lat' dir='ltr'>neglecta,</span> <span class='ocrx_word' id='word_1_144' title='bbox 1238 1330 1283 1362; x_wconf 90' lang='lat' dir='ltr'>ut</span> <span class='ocrx_word' id='word_1_145' title='bbox 1311 1337 1449 1363; x_wconf 88' lang='lat' dir='ltr'>coram</span> <span class='ocrx_word' id='word_1_146' title='bbox 1478 1325 1611 1377; x_wconf 80' lang='lat' dir='ltr'>cerni-</span> 
     </span>
     <span class='ocr_line' id='line_1_19' title="bbox 176 1388 1612 1445; baseline -0.003 -11"><span class='ocrx_word' id='word_1_147' title='bbox 176 1409 292 1445; x_wconf 88' lang='lat' dir='ltr'>mus,</span> <span class='ocrx_word' id='word_1_148' title='bbox 339 1396 432 1434; x_wconf 84' lang='lat' dir='ltr'>non&#39;</span> <span class='ocrx_word' id='word_1_149' title='bbox 473 1394 690 1433; x_wconf 84' lang='lat' dir='ltr'>obscurum</span> <span class='ocrx_word' id='word_1_150' title='bbox 730 1399 787 1432; x_wconf 90' lang='lat' dir='ltr'>est</span> <span class='ocrx_word' id='word_1_151' title='bbox 818 1390 919 1444; x_wconf 89' lang='lat' dir='ltr'>quid</span> <span class='ocrx_word' id='word_1_152' title='bbox 964 1389 1211 1443; x_wconf 85' lang='lat' dir='ltr'>impendeat.</span> <span class='ocrx_word' id='word_1_153' title='bbox 1242 1388 1446 1443; x_wconf 84' lang='lat' dir='ltr'>praeclare</span> <span class='ocrx_word' id='word_1_154' title='bbox 1474 1391 1612 1430; x_wconf 84' lang='lat' dir='ltr'>scribit</span> 
     </span>
     <span class='ocr_line' id='line_1_20' title="bbox 176 1455 1607 1514; baseline -0.003 -14"><span class='ocrx_word' id='word_1_155' title='bbox 176 1461 368 1500; x_wconf 75' lang='lat' dir='ltr'>Isocrates</span> <span class='ocrx_word' id='word_1_156' title='bbox 386 1489 398 1511; x_wconf 92' lang='lat'><strong>‚</strong></span> <span class='ocrx_word' id='word_1_157' title='bbox 441 1474 561 1514; x_wconf 89' lang='lat' dir='ltr'>quem</span> <span class='ocrx_word' id='word_1_158' title='bbox 596 1461 636 1499; x_wconf 93' lang='lat' dir='ltr'>in</span> <span class='ocrx_word' id='word_1_159' title='bbox 674 1458 751 1498; x_wconf 85' lang='lat' dir='ltr'>hac</span> <span class='ocrx_word' id='word_1_160' title='bbox 779 1464 896 1512; x_wconf 87' lang='lat' dir='ltr'>parte</span> <span class='ocrx_word' id='word_1_161' title='bbox 925 1455 1193 1506; x_wconf 85' lang='lat' dir='ltr'>Aristoteles,</span> <span class='ocrx_word' id='word_1_162' title='bbox 1223 1463 1268 1495; x_wconf 89' lang='lat' dir='ltr'>ut</span> <span class='ocrx_word' id='word_1_163' title='bbox 1297 1456 1396 1496; x_wconf 86' lang='lat' dir='ltr'>mihi</span> <span class='ocrx_word' id='word_1_164' title='bbox 1423 1456 1607 1505; x_wconf 88' lang='lat' dir='ltr'>videtur,</span> 
     </span>
     <span class='ocr_line' id='line_1_21' title="bbox 178 1522 1609 1581; baseline -0.002 -15"><span class='ocrx_word' id='word_1_165' title='bbox 178 1528 327 1581; x_wconf 89' lang='lat' dir='ltr'>quippe</span> <span class='ocrx_word' id='word_1_166' title='bbox 356 1534 452 1566; x_wconf 87' lang='lat' dir='ltr'>natu</span> <span class='ocrx_word' id='word_1_167' title='bbox 483 1524 753 1581; x_wconf 83' lang='lat' dir='ltr'>grandiorem,</span> <span class='ocrx_word' id='word_1_168' title='bbox 782 1522 1006 1563; x_wconf 88' lang='lat' dir='ltr'>aemulatus</span> <span class='ocrx_word' id='word_1_169' title='bbox 1029 1529 1111 1573; x_wconf 79' lang='lat' dir='ltr'>est,</span> <span class='ocrx_word' id='word_1_170' title='bbox 1142 1530 1182 1562; x_wconf 91' lang='lat' dir='ltr'>et</span> <span class='ocrx_word' id='word_1_171' title='bbox 1207 1536 1282 1577; x_wconf 86' lang='lat' dir='ltr'>ego</span> <span class='ocrx_word' id='word_1_172' title='bbox 1310 1522 1500 1562; x_wconf 86' lang='lat' dir='ltr'>admirari</span> <span class='ocrx_word' id='word_1_173' title='bbox 1529 1537 1609 1563; x_wconf 89' lang='lat' dir='ltr'>non</span> 
     </span>
     <span class='ocr_line' id='line_1_22' title="bbox 178 1589 1610 1647; baseline -0.003 -14"><span class='ocrx_word' id='word_1_174' title='bbox 178 1595 271 1633; x_wconf 88' lang='lat' dir='ltr'>satis</span> <span class='ocrx_word' id='word_1_175' title='bbox 301 1607 491 1647; x_wconf 83' lang='lat' dir='ltr'>possum,</span> <span class='ocrx_word' id='word_1_176' title='bbox 526 1592 693 1632; x_wconf 87' lang='lat' dir='ltr'>virtutes</span> <span class='ocrx_word' id='word_1_177' title='bbox 720 1589 896 1644; x_wconf 83' lang='lat' dir='ltr'>singulas</span> <span class='ocrx_word' id='word_1_178' title='bbox 935 1591 975 1628; x_wconf 88' lang='lat' dir='ltr'>in</span> <span class='ocrx_word' id='word_1_179' title='bbox 1009 1589 1142 1629; x_wconf 87' lang='lat' dir='ltr'>medio</span> <span class='ocrx_word' id='word_1_180' title='bbox 1170 1589 1363 1628; x_wconf 87' lang='lat' dir='ltr'>binorum</span> <span class='ocrx_word' id='word_1_181' title='bbox 1391 1590 1610 1642; x_wconf 84' lang='lat' dir='ltr'>vitiorum,</span> 
     </span>
     <span class='ocr_line' id='line_1_23' title="bbox 177 1655 1611 1713; baseline -0.003 -14"><span class='ocrx_word' id='word_1_182' title='bbox 177 1674 351 1713; x_wconf 89' lang='lat' dir='ltr'>quorum</span> <span class='ocrx_word' id='word_1_183' title='bbox 382 1659 554 1699; x_wconf 81' lang='lat' dir='ltr'>alterum</span> <span class='ocrx_word' id='word_1_184' title='bbox 583 1659 680 1698; x_wconf 85' lang='lat' dir='ltr'>citra</span> <span class='ocrx_word' id='word_1_185' title='bbox 708 1657 887 1707; x_wconf 87' lang='lat' dir='ltr'>resistat,</span> <span class='ocrx_word' id='word_1_186' title='bbox 916 1657 1085 1696; x_wconf 88' lang='lat' dir='ltr'>alterum</span> <span class='ocrx_word' id='word_1_187' title='bbox 1116 1655 1276 1709; x_wconf 86' lang='lat' dir='ltr'>longius</span> <span class='ocrx_word' id='word_1_188' title='bbox 1301 1670 1422 1711; x_wconf 90' lang='lat' dir='ltr'>quam</span> <span class='ocrx_word' id='word_1_189' title='bbox 1456 1671 1531 1710; x_wconf 90' lang='lat' dir='ltr'>par</span> <span class='ocrx_word' id='word_1_190' title='bbox 1560 1658 1611 1696; x_wconf 86' lang='lat' dir='ltr'>sit</span> 
     </span>
     <span class='ocr_line' id='line_1_24' title="bbox 178 1721 1610 1779; baseline -0.005 -14"><span class='ocrx_word' id='word_1_191' title='bbox 178 1726 484 1779; x_wconf 84' lang='lat' dir='ltr'>progrediatur,</span> <span class='ocrx_word' id='word_1_192' title='bbox 528 1738 613 1763; x_wconf 90' lang='lat' dir='ltr'>esse</span> <span class='ocrx_word' id='word_1_193' title='bbox 637 1722 864 1762; x_wconf 88' lang='lat' dir='ltr'>collocatas.</span> <span class='ocrx_word' id='word_1_194' title='bbox 892 1730 932 1761; x_wconf 90' lang='lat' dir='ltr'>et</span> <span class='ocrx_word' id='word_1_195' title='bbox 959 1729 1068 1761; x_wconf 87' lang='lat' dir='ltr'>recte</span> <span class='ocrx_word' id='word_1_196' title='bbox 1097 1721 1201 1774; x_wconf 89' lang='lat' dir='ltr'>apud</span> <span class='ocrx_word' id='word_1_197' title='bbox 1227 1721 1421 1762; x_wconf 86' lang='lat' dir='ltr'>Ovidium</span> <span class='ocrx_word' id='word_1_198' title='bbox 1447 1722 1610 1762; x_wconf 78' lang='lat' dir='ltr'>Daeda-</span> 
     </span>
     <span class='ocr_line' id='line_1_25' title="bbox 178 1787 1611 1842; baseline -0.001 -13"><span class='ocrx_word' id='word_1_199' title='bbox 178 1791 238 1830; x_wconf 91' lang='lat' dir='ltr'>lus</span> <span class='ocrx_word' id='word_1_200' title='bbox 265 1791 323 1831; x_wconf 83' lang='lat' dir='ltr'>ait,</span> <span class='ocrx_word' id='word_1_201' title='bbox 341 1791 438 1842; x_wconf 86' lang='lat' dir='ltr'>filio,</span> <span class='ocrx_word' id='word_1_202' title='bbox 465 1790 626 1841; x_wconf 89' lang='lat' dir='ltr'>„medio</span> <span class='ocrx_word' id='word_1_203' title='bbox 643 1790 863 1829; x_wconf 84' lang='lat' dir='ltr'>tutissimus</span> <span class='ocrx_word' id='word_1_204' title='bbox 887 1787 998 1827; x_wconf 79' lang='lat' dir='ltr'>ibis.&#39;&#39;</span> <span class='ocrx_word' id='word_1_205' title='bbox 1029 1787 1139 1841; x_wconf 88' lang='lat' dir='ltr'>quod</span> <span class='ocrx_word' id='word_1_206' title='bbox 1158 1788 1314 1827; x_wconf 85' lang='lat' dir='ltr'>utinam</span> <span class='ocrx_word' id='word_1_207' title='bbox 1334 1794 1417 1827; x_wconf 83' lang='lat' dir='ltr'>tam</span> <span class='ocrx_word' id='word_1_208' title='bbox 1446 1803 1469 1827; x_wconf 90' lang='lat' dir='ltr'>a</span> <span class='ocrx_word' id='word_1_209' title='bbox 1497 1788 1611 1828; x_wconf 86' lang='lat' dir='ltr'>theo·</span> 
     </span>
     <span class='ocr_line' id='line_1_26' title="bbox 180 1853 1609 1910; baseline -0.001 -16"><span class='ocrx_word' id='word_1_210' title='bbox 180 1856 277 1910; x_wconf 84' lang='lat' dir='ltr'>logis</span> <span class='ocrx_word' id='word_1_211' title='bbox 305 1855 592 1896; x_wconf 87' lang='lat' dir='ltr'>iurisconsultis</span> <span class='ocrx_word' id='word_1_212' title='bbox 609 1862 648 1894; x_wconf 90' lang='lat' dir='ltr'>et</span> <span class='ocrx_word' id='word_1_213' title='bbox 664 1854 832 1894; x_wconf 91' lang='lat' dir='ltr'>medicis</span> <span class='ocrx_word' id='word_1_214' title='bbox 858 1867 977 1907; x_wconf 89' lang='lat' dir='ltr'>qnam</span> <span class='ocrx_word' id='word_1_215' title='bbox 997 1854 1048 1892; x_wconf 88' lang='lat' dir='ltr'>ab</span> <span class='ocrx_word' id='word_1_216' title='bbox 1076 1853 1355 1893; x_wconf 84' lang='lat' dir='ltr'>humaniorum</span> <span class='ocrx_word' id='word_1_217' title='bbox 1385 1853 1609 1894; x_wconf 87' lang='lat' dir='ltr'>litterarum</span> 
     </span>
     <span class='ocr_line' id='line_1_27' title="bbox 178 1918 1610 1973; baseline -0.001 -13"><span class='ocrx_word' id='word_1_218' title='bbox 178 1922 407 1962; x_wconf 86' lang='lat' dir='ltr'>cultoribus</span> <span class='ocrx_word' id='word_1_219' title='bbox 447 1922 757 1971; x_wconf 82' lang='lat' dir='ltr'>observaretur3</span> <span class='ocrx_word' id='word_1_220' title='bbox 802 1933 972 1973; x_wconf 88' lang='lat' dir='ltr'>quorum</span> <span class='ocrx_word' id='word_1_221' title='bbox 1003 1918 1119 1958; x_wconf 89' lang='lat' dir='ltr'>alteri</span> <span class='ocrx_word' id='word_1_222' title='bbox 1157 1933 1198 1958; x_wconf 91' lang='lat' dir='ltr'>se</span> <span class='ocrx_word' id='word_1_223' title='bbox 1230 1920 1349 1959; x_wconf 87' lang='lat' dir='ltr'>rebus</span> <span class='ocrx_word' id='word_1_224' title='bbox 1370 1919 1610 1972; x_wconf 79' lang='lat' dir='ltr'>inhaereie,</span> 
     </span>
     <span class='ocr_line' id='line_1_28' title="bbox 177 1984 1610 2043; baseline 0 -17"><span class='ocrx_word' id='word_1_225' title='bbox 177 1987 295 2027; x_wconf 89' lang='lat' dir='ltr'>alteri</span> <span class='ocrx_word' id='word_1_226' title='bbox 334 1987 518 2043; x_wconf 76' lang='lat' dir='ltr'>dictionis</span> <span class='ocrx_word' id='word_1_227' title='bbox 553 1985 772 2040; x_wconf 84' lang='lat' dir='ltr'>elegantiae</span> <span class='ocrx_word' id='word_1_228' title='bbox 807 1999 850 2025; x_wconf 87' lang='lat' dir='ltr'>se</span> <span class='ocrx_word' id='word_1_229' title='bbox 877 1984 1037 2024; x_wconf 87' lang='lat' dir='ltr'>studere</span> <span class='ocrx_word' id='word_1_230' title='bbox 1067 1985 1338 2037; x_wconf 84' lang='lat' dir='ltr'>profitentur:</span> <span class='ocrx_word' id='word_1_231' title='bbox 1369 1986 1483 2040; x_wconf 90' lang='lat' dir='ltr'>quasi</span> <span class='ocrx_word' id='word_1_232' title='bbox 1513 2000 1610 2026; x_wconf 90' lang='lat' dir='ltr'>vero</span> 
     </span>
     <span class='ocr_line' id='line_1_29' title="bbox 178 2050 1606 2106; baseline -0.001 -14"><span class='ocrx_word' id='word_1_233' title='bbox 178 2059 250 2093; x_wconf 86' lang='lat' dir='ltr'>aut</span> <span class='ocrx_word' id='word_1_234' title='bbox 277 2053 469 2093; x_wconf 87' lang='lat' dir='ltr'>vocabula</span> <span class='ocrx_word' id='word_1_235' title='bbox 497 2059 657 2106; x_wconf 88' lang='lat' dir='ltr'>propter</span> <span class='ocrx_word' id='word_1_236' title='bbox 688 2050 990 2105; x_wconf 72' lang='lat' dir='ltr'>explicationem</span> <span class='ocrx_word' id='word_1_237' title='bbox 1018 2064 1151 2089; x_wconf 86' lang='lat' dir='ltr'>rerum</span> <span class='ocrx_word' id='word_1_238' title='bbox 1184 2065 1266 2091; x_wconf 87' lang='lat' dir='ltr'>non</span> <span class='ocrx_word' id='word_1_239' title='bbox 1307 2052 1389 2091; x_wconf 87' lang='lat' dir='ltr'>sint</span> <span class='ocrx_word' id='word_1_240' title='bbox 1416 2053 1606 2100; x_wconf 88' lang='lat' dir='ltr'>inventa,</span> 
     </span>
     <span class='ocr_line' id='line_1_30' title="bbox 180 2116 1610 2173; baseline -0.001 -15"><span class='ocrx_word' id='word_1_241' title='bbox 180 2127 250 2158; x_wconf 90' lang='lat' dir='ltr'>aut</span> <span class='ocrx_word' id='word_1_242' title='bbox 290 2133 436 2173; x_wconf 88' lang='lat' dir='ltr'>corpus</span> <span class='ocrx_word' id='word_1_243' title='bbox 476 2118 708 2172; x_wconf 83' lang='lat' dir='ltr'>egregium,</span> <span class='ocrx_word' id='word_1_244' title='bbox 754 2116 832 2156; x_wconf 93' lang='lat' dir='ltr'>hoc</span> <span class='ocrx_word' id='word_1_245' title='bbox 859 2123 917 2156; x_wconf 87' lang='lat' dir='ltr'>est</span> <span class='ocrx_word' id='word_1_246' title='bbox 945 2130 1008 2155; x_wconf 86' lang='lat' dir='ltr'>res</span> <span class='ocrx_word' id='word_1_247' title='bbox 1036 2116 1286 2170; x_wconf 85' lang='lat' dir='ltr'>praeclaras,</span> <span class='ocrx_word' id='word_1_248' title='bbox 1315 2117 1540 2157; x_wconf 87' lang='lat' dir='ltr'>cuiusmodi</span> <span class='ocrx_word' id='word_1_249' title='bbox 1568 2120 1610 2157; x_wconf 91' lang='lat' dir='ltr'>in</span> 
     </span>
     <span class='ocr_line' id='line_1_31' title="bbox 181 2181 1611 2238; baseline 0 -14"><span class='ocrx_word' id='word_1_250' title='bbox 181 2185 417 2225; x_wconf 87' lang='lat' dir='ltr'>sublimibus</span> <span class='ocrx_word' id='word_1_251' title='bbox 453 2184 531 2224; x_wconf 89' lang='lat' dir='ltr'>illis</span> <span class='ocrx_word' id='word_1_252' title='bbox 562 2181 778 2238; x_wconf 89' lang='lat' dir='ltr'>disciplinis</span> <span class='ocrx_word' id='word_1_253' title='bbox 816 2189 1068 2231; x_wconf 83' lang='lat' dir='ltr'>tractantur,</span> <span class='ocrx_word' id='word_1_254' title='bbox 1108 2197 1192 2222; x_wconf 89' lang='lat' dir='ltr'>non</span> <span class='ocrx_word' id='word_1_255' title='bbox 1223 2183 1373 2223; x_wconf 90' lang='lat' dir='ltr'>munda</span> <span class='ocrx_word' id='word_1_256' title='bbox 1403 2192 1442 2224; x_wconf 86' lang='lat' dir='ltr'>et</span> <span class='ocrx_word' id='word_1_257' title='bbox 1468 2192 1611 2224; x_wconf 85' lang='lat' dir='ltr'>ornata</span> 
     </span>
     <span class='ocr_line' id='line_1_32' title="bbox 182 2249 1613 2304; baseline -0.001 -14"><span class='ocrx_word' id='word_1_258' title='bbox 182 2252 324 2302; x_wconf 90' lang='lat' dir='ltr'>vestis,</span> <span class='ocrx_word' id='word_1_259' title='bbox 349 2251 426 2290; x_wconf 86' lang='lat' dir='ltr'>hoc</span> <span class='ocrx_word' id='word_1_260' title='bbox 453 2258 512 2290; x_wconf 92' lang='lat' dir='ltr'>est</span> <span class='ocrx_word' id='word_1_261' title='bbox 542 2264 646 2304; x_wconf 88' lang='lat' dir='ltr'>pura</span> <span class='ocrx_word' id='word_1_262' title='bbox 675 2256 716 2290; x_wconf 86' lang='lat' dir='ltr'>et</span> <span class='ocrx_word' id='word_1_263' title='bbox 743 2249 880 2289; x_wconf 90' lang='lat' dir='ltr'>limata</span> <span class='ocrx_word' id='word_1_264' title='bbox 907 2249 1047 2288; x_wconf 85' lang='lat' dir='ltr'>deceat</span> <span class='ocrx_word' id='word_1_265' title='bbox 1072 2251 1216 2290; x_wconf 87' lang='lat' dir='ltr'>oratio.</span> <span class='ocrx_word' id='word_1_266' title='bbox 1247 2249 1448 2304; x_wconf 89' lang='lat' dir='ltr'>duplicem</span> <span class='ocrx_word' id='word_1_267' title='bbox 1476 2250 1613 2304; x_wconf 86' lang='lat' dir='ltr'>prose-</span> 
     </span>
     <span class='ocr_line' id='line_1_33' title="bbox 185 2316 1615 2372; baseline -0.001 -16"><span class='ocrx_word' id='word_1_268' title='bbox 185 2324 250 2356; x_wconf 85' lang='lat' dir='ltr'>cto</span> <span class='ocrx_word' id='word_1_269' title='bbox 293 2317 450 2356; x_wconf 89' lang='lat' dir='ltr'>laudem</span> <span class='ocrx_word' id='word_1_270' title='bbox 490 2323 727 2366; x_wconf 87' lang='lat' dir='ltr'>merentur,</span> <span class='ocrx_word' id='word_1_271' title='bbox 769 2316 840 2368; x_wconf 90' lang='lat' dir='ltr'>qui</span> <span class='ocrx_word' id='word_1_272' title='bbox 866 2329 929 2354; x_wconf 90' lang='lat' dir='ltr'>res</span> <span class='ocrx_word' id='word_1_273' title='bbox 961 2318 1151 2369; x_wconf 86' lang='lat' dir='ltr'>optimas,</span> <span class='ocrx_word' id='word_1_274' title='bbox 1194 2318 1225 2355; x_wconf 91' lang='lat' dir='ltr'>si</span> <span class='ocrx_word' id='word_1_275' title='bbox 1263 2316 1547 2372; x_wconf 81' lang='lat' dir='ltr'>non‚eleganti</span> <span class='ocrx_word' id='word_1_276' title='bbox 1575 2323 1615 2355; x_wconf 87' lang='lat' dir='ltr'>et</span> 
     </span>
     <span class='ocr_line' id='line_1_34' title="bbox 181 2381 1614 2436; baseline -0.001 -14"><span class='ocrx_word' id='word_1_277' title='bbox 181 2383 410 2436; x_wconf 87' lang='lat' dir='ltr'>splendido,</span> <span class='ocrx_word' id='word_1_278' title='bbox 451 2388 494 2421; x_wconf 86' lang='lat' dir='ltr'>at</span> <span class='ocrx_word' id='word_1_279' title='bbox 524 2395 624 2435; x_wconf 90' lang='lat' dir='ltr'>puro</span> <span class='ocrx_word' id='word_1_280' title='bbox 652 2388 691 2420; x_wconf 90' lang='lat' dir='ltr'>et</span> <span class='ocrx_word' id='word_1_281' title='bbox 729 2381 875 2421; x_wconf 80' lang='lat' dir='ltr'>diserto</span> <span class='ocrx_word' id='word_1_282' title='bbox 903 2395 1085 2421; x_wconf 89' lang='lat' dir='ltr'>sermone</span> <span class='ocrx_word' id='word_1_283' title='bbox 1113 2390 1360 2436; x_wconf 83' lang='lat' dir='ltr'>proponunt.</span> <span class='ocrx_word' id='word_1_284' title='bbox 1391 2382 1614 2424; x_wconf 88' lang='lat' dir='ltr'>cuiusmodi</span> 
     </span>
     <span class='ocr_line' id='line_1_35' title="bbox 181 2446 1613 2504; baseline -0.001 -16"><span class='ocrx_word' id='word_1_285' title='bbox 181 2449 293 2488; x_wconf 85' lang='lat' dir='ltr'>viros</span> <span class='ocrx_word' id='word_1_286' title='bbox 321 2455 455 2488; x_wconf 88' lang='lat' dir='ltr'>nostra</span> <span class='ocrx_word' id='word_1_287' title='bbox 486 2456 592 2488; x_wconf 83' lang='lat' dir='ltr'>aetas</span> <span class='ocrx_word' id='word_1_288' title='bbox 615 2446 748 2501; x_wconf 85' lang='lat' dir='ltr'>plures</span> <span class='ocrx_word' id='word_1_289' title='bbox 768 2461 860 2486; x_wconf 86' lang='lat' dir='ltr'>cum</span> <span class='ocrx_word' id='word_1_290' title='bbox 888 2448 1027 2501; x_wconf 85' lang='lat' dir='ltr'>insigni</span> <span class='ocrx_word' id='word_1_291' title='bbox 1056 2448 1180 2500; x_wconf 84' lang='lat' dir='ltr'>gloria</span> <span class='ocrx_word' id='word_1_292' title='bbox 1210 2449 1304 2489; x_wconf 89' lang='lat' dir='ltr'>tulit</span> <span class='ocrx_word' id='word_1_293' title='bbox 1333 2464 1456 2504; x_wconf 86' lang='lat' dir='ltr'>quam</span> <span class='ocrx_word' id='word_1_294' title='bbox 1483 2457 1613 2503; x_wconf 88' lang='lat' dir='ltr'>poste-</span> 
     </span>
     <span class='ocr_line' id='line_1_36' title="bbox 182 2513 1614 2562; baseline 0.001 -9"><span class='ocrx_word' id='word_1_295' title='bbox 182 2514 275 2553; x_wconf 84' lang='lat' dir='ltr'>ritas</span> <span class='ocrx_word' id='word_1_296' title='bbox 305 2514 491 2553; x_wconf 85' lang='lat' dir='ltr'>habitura</span> <span class='ocrx_word' id='word_1_297' title='bbox 523 2513 715 2562; x_wconf 89' lang='lat' dir='ltr'>videtur,</span> <span class='ocrx_word' id='word_1_298' title='bbox 748 2514 822 2552; x_wconf 90' lang='lat' dir='ltr'>nisi</span> <span class='ocrx_word' id='word_1_299' title='bbox 854 2513 971 2552; x_wconf 87' lang='lat' dir='ltr'>aliam</span> <span class='ocrx_word' id='word_1_300' title='bbox 997 2516 1194 2554; x_wconf 87' lang='lat' dir='ltr'>rationem</span> <span class='ocrx_word' id='word_1_301' title='bbox 1221 2515 1451 2555; x_wconf 88' lang='lat' dir='ltr'>studiorum</span> <span class='ocrx_word' id='word_1_302' title='bbox 1479 2516 1614 2555; x_wconf 88' lang='lat' dir='ltr'>inieri-</span> 
     </span>
     <span class='ocr_line' id='line_1_37' title="bbox 182 2579 1615 2634; baseline 0 -16"><span class='ocrx_word' id='word_1_303' title='bbox 182 2593 288 2619; x_wconf 85' lang='lat' dir='ltr'>mus.</span> <span class='ocrx_word' id='word_1_304' title='bbox 331 2579 402 2619; x_wconf 91' lang='lat' dir='ltr'>sed</span> <span class='ocrx_word' id='word_1_305' title='bbox 441 2579 538 2633; x_wconf 86' lang='lat' dir='ltr'>quid</span> <span class='ocrx_word' id='word_1_306' title='bbox 580 2593 656 2634; x_wconf 82' lang='lat' dir='ltr'>ego</span> <span class='ocrx_word' id='word_1_307' title='bbox 703 2592 910 2618; x_wconf 83' lang='lat' dir='ltr'>censuram</span> <span class='ocrx_word' id='word_1_308' title='bbox 943 2581 984 2618; x_wconf 90' lang='lat' dir='ltr'>in</span> <span class='ocrx_word' id='word_1_309' title='bbox 1030 2594 1076 2620; x_wconf 91' lang='lat' dir='ltr'>re</span> <span class='ocrx_word' id='word_1_310' title='bbox 1106 2580 1268 2634; x_wconf 89' lang='lat' dir='ltr'>publica</span> <span class='ocrx_word' id='word_1_311' title='bbox 1297 2582 1488 2622; x_wconf 84' lang='lat' dir='ltr'>litteraria</span> <span class='ocrx_word' id='word_1_312' title='bbox 1515 2579 1615 2619; x_wconf 88' lang='lat' dir='ltr'>mihi</span> 
     </span>
     <span class='ocr_line' id='line_1_38' title="bbox 183 2644 1617 2702; baseline 0.003 -20"><span class='ocrx_word' id='word_1_313' title='bbox 183 2658 323 2696; x_wconf 89' lang='lat' dir='ltr'>sumo,</span> <span class='ocrx_word' id='word_1_314' title='bbox 358 2659 450 2684; x_wconf 87' lang='lat' dir='ltr'>eum</span> <span class='ocrx_word' id='word_1_315' title='bbox 492 2645 567 2699; x_wconf 87' lang='lat' dir='ltr'>ipsi</span> <span class='ocrx_word' id='word_1_316' title='bbox 605 2645 705 2684; x_wconf 88' lang='lat' dir='ltr'>mihi</span> <span class='ocrx_word' id='word_1_317' title='bbox 746 2644 1110 2686; x_wconf 83' lang='lat' dir='ltr'>diversissimorum</span> <span class='ocrx_word' id='word_1_318' title='bbox 1156 2647 1405 2702; x_wconf 82' lang='lat' dir='ltr'>ingeniorum</span> <span class='ocrx_word' id='word_1_319' title='bbox 1444 2661 1617 2687; x_wconf 87' lang='lat' dir='ltr'>censura</span> 
     </span>
     <span class='ocr_line' id='line_1_39' title="bbox 183 2703 1618 2768; baseline 0.003 -20"><span class='ocrx_word' id='word_1_320' title='bbox 183 2703 496 2768; x_wconf 40' lang='lat' dir='ltr'>sit-subeunda?</span> <span class='ocrx_word' id='word_1_321' title='bbox 542 2712 673 2754; x_wconf 84' lang='lat' dir='ltr'>movit</span> <span class='ocrx_word' id='word_1_322' title='bbox 699 2725 764 2751; x_wconf 90' lang='lat' dir='ltr'>me</span> <span class='ocrx_word' id='word_1_323' title='bbox 792 2718 925 2753; x_wconf 80' lang='lat' dir='ltr'>tamen</span> <span class='ocrx_word' id='word_1_324' title='bbox 953 2713 1079 2753; x_wconf 81' lang='lat' dir='ltr'>iustus</span> <span class='ocrx_word' id='word_1_325' title='bbox 1107 2713 1277 2754; x_wconf 86' lang='lat' dir='ltr'>fortasse</span> <span class='ocrx_word' id='word_1_326' title='bbox 1304 2713 1419 2754; x_wconf 90' lang='lat' dir='ltr'>dolor</span> <span class='ocrx_word' id='word_1_327' title='bbox 1447 2713 1489 2753; x_wconf 89' lang='lat' dir='ltr'>in</span> <span class='ocrx_word' id='word_1_328' title='bbox 1514 2713 1618 2753; x_wconf 87' lang='lat' dir='ltr'>hanc</span> 
     </span>
    </p>
   </div>
  </div>
 </body>
</html>
