1838 3210
236 234 242 236 ,
270 166 383 222 256
663 180 894 224 mcETAE
932 177 1241 221 cuomArAE

266 283 363 335 κτός
390 282 447 327 ἔτι
468 278 606 336 οὔσης,
634 282 675 323 εἰ
698 277 757 333 μὴ
791 277 813 321 ὃ
844 277 1196 332 Καντακουζηνός
1222 275 1432 332 Μανουὴλ
1453 274 1509 327 ὥς
1533 279 1576 329 ἐξ
1602 279 1701 321 ἄνκ-

223 349 440 394 Βτιπάλου
471 345 632 395 συστὰς
676 346 750 387 καί
773 342 1039 398 σπασάμενος
1081 343 1299 398 μάχαιραν
1325 340 1444 384 ἔπαιε
1470 344 1527 401 τῷ
1551 343 1704 399 ταύτης

269 418 421 457 πλατεῖ·
445 409 544 460 τούς
577 410 810 465 δραπέτας,
851 410 1020 464 „ursive”
1048 410 1204 463 λέγων·
1261 405 1471 462 ,,οῧδε’νων
1498 408 1704 462 ἐπικειμέ-

135 480 171 513 Ὺ.
194 480 254 525 104
270 495 351 521 νων
388 482 466 519 ποῖ’
497 476 680 531 φέρεσθε
690 476 726 527 ,·”
759 474 832 516 καί
858 471 992 523 οἷ’τως
1028 472 1174 528 ἔληξάν
1211 487 1312 515 ποτε
1335 472 1437 527 πρὸς
1462 471 1608 528 μικρὸν
1633 475 1706 528 τῆς

267 543 423 597 α’λόγου
451 543 606 596 ἐκείνης
636 540 860 595 ἀπάρσεως
882 542 955 582 καί
992 541 1070 582 τοῦ
1099 537 1180 597 ὅλῳ
1210 537 1364 594 ῥυτῆρι
1391 537 1495 580 κατά
1521 553 1567 580 τε
1599 545 1741 592 upa-5

270 610 353 652 νῶν
377 604 480 648 κατοί
508 622 552 648 τε
583 604 812 662 φαράγγων
839 604 911 648 καί
935 605 1125 660 γηλόφων
1159 606 1310 648 ἵεσθαι.
1367 602 1471 660 πρὸς
1497 602 1550 658 ἢν
1578 603 1709 646 duxeri·

266 675 343 715 τοῦ
365 673 629 727 Ἀνδρονίκου
662 669 801 728 φυγήν
838 667 1136 726 βαρυαλγήσας
1176 669 1198 710 ὅ
1226 670 1426 724 βασιλεὺς
1455 668 1576 724 ἐγγυς
1601 665 1708 724 ἦλθε

267 740 343 780 τοῦ
382 736 457 779 διὰ
498 739 580 780 τῶν
609 734 814 793 οἷμφόδων
851 739 922 792 τῆς
959 735 1119 785 πόλεως
1157 735 1411 791 ἐκφαυλίσαι
1446 731 1709 792 Ἀνδρόνικον

266 806 508 859 γυναικείαν
549 801 700 857 στολήν
735 803 1034 858 περικείμενον.
1106 805 1329 857 φιλοικεΐος
1370 803 1408 842 δ’
1448 797 1507 843 ιόν
1543 803 1616 843 καί
1639 798 1711 843 αἐἰ

269 866 464 917 ἐνδιδούς
491 866 596 922 πρὸς
624 866 668 910 τὸ
690 862 796 920 αἷμα
823 870 992 910 καθεῖλε
1021 866 1093 909 τὸν
1118 865 1268 920 χόλον,
1298 865 1370 908 καί
1395 861 1530 916 ἄλλως
1554 863 1708 919 μαθών
1725 887 1771 914 10

271 932 329 983 ὥς
369 932 594 988 βράχιστοι
618 933 848 986 ζΡωμαίων
887 934 932 975 ἐν
965 934 1024 991 τῷ
1065 933 1232 990 πολέμῳ
1260 929 1390 989 τούτῳ
1430 930 1706 974 πεπτώκασιν.

270 1002 526 1055 ἠρίστευσαν
569 1000 615 1041 δὲ
655 999 822 1047 ου’δένες
868 998 974 1041 κατὰ
1013 996 1168 1053 ταύτην
1206 998 1278 1053 την
1321 996 1495 1054 ἔφοδον,
1540 994 1608 1041 οἷα
1635 999 1718 1052 τῆξ

271 1067 314 1115 ἐς
345 1065 442 1115 τοὺς
471 1062 715 1121 βαρβάρους
744 1063 899 1106 α’νόδου
928 1066 1147 1119 γενομένης
1178 1063 1312 1115 ὄξειάς
1339 1063 1412 1105 καί
1437 1065 1510 1118 τῆς
1538 1065 1582 1113 ἐς
1608 1063 1710 1105 τοιῖ.

271 1134 382 1173 πίσω
404 1124 532 1180 αὖθις
554 1131 753 1185 ὀξυτέρας
773 1146 877 1183 μετα
878 1128 1120 1184 χωρήσεως.
1150 1132 1324 1185 Πέρσης
1341 1129 1388 1171 δέ
1406 1144 1470 1178 τις
1487 1130 1710 1184 τηνικαῦτα

272 1194 404 1237 τόπου
434 1194 640 1244 α’νοίντους
681 1193 907 1249 λαβόμενος
940 1196 1157 1237 κοῖνταῧθα
1185 1192 1396 1250 ὖφιζήσας
1421 1184 1601 1242 πολλοὺς
1626 1195 1711 1236 τῶν
1727 1196 1775 1238 15

271 1258 506 1316 παριόντων
536 1259 762 1314 εΡωμαίων
790 1258 956 1318 ἀνῄρει,
985 1259 1204 1314 θανάσιμα
1229 1260 1360 1303 πάντα
1385 1259 1458 1302 καί
1483 1259 1710 1314 κατάγοντα

141 1333 179 1368 Ρ.
200 1333 262 1368 128
276 1328 319 1376 ἔς
347 1324 454 1383 ᾅδου
481 1329 659 1380 βέλεμνα
679 1327 865 1380 πέμπων·
897 1325 967 1369 διὰ
990 1324 1071 1382 γάρ
1092 1322 1266 1375 οἷσπίδος
1286 1325 1393 1383 διῄει
1409 1324 1481 1368 καὶ
1505 1325 1711 1381 θώρακος,

275 1394 348 1435 καί
391 1388 498 1447 ἦσαν
534 1390 816 1446 ἀμαιμάκετον
857 1390 997 1434 κακόν.
1065 1393 1136 1434 ε’πί
1161 1393 1302 1434 τοῦτον
1344 1394 1491 1434 πολλοὶ
1513 1394 1592 1445 μὲν
1620 1387 1713 1434 ὅσοι

262 1459 429 1513 ἀ’ρετῆς
458 1457 750 1500 ἀντεποιοῦντο
789 1459 1136 1512 ἐπισυνέστησαν,
1179 1459 1252 1500 καί
1283 1455 1500 1512 ἀγχοτάτω
1528 1471 1713 1513 παραγε-

275 1521 445 1577 νόμενοι
487 1522 661 1577 ἔβαλλον
699 1525 838 1577 βέλεσι
877 1525 952 1567 καί
994 1522 1159 1578 ἔπειρον
1201 1521 1372 1577 δόρασι,
1414 1526 1541 1582 θυμῷ
1577 1523 1714 1581 πολλῷ
1726 1545 1778 1572 20

272 1588 496 1644 χρώμενοι.
555 1587 577 1630 ὅ
609 1589 655 1630 δὲ
681 1587 942 1643 πυρριχίζων
968 1583 1163 1644 ἄντικρυς
1185 1590 1406 1643 ἑξωρχεῖτο
1433 1587 1563 1631 πάντα
1592 1588 1644 1631 τοὶ
1671 1591 1714 1639 ἐς

276 1652 408 1696 αὐτὸν
437 1651 649 1710 φερόμενα
675 1651 868 1708 βλήματα
904 1655 976 1695 καί
1000 1651 1240 1709 στροφάδην
1270 1652 1363 1703 τούς
1390 1652 1715 1704 ὑπαντιάζοντας

276 1717 478 1772 ἔκτεινεν,
508 1720 586 1768 ἕως
618 1716 640 1760 ὅ
670 1717 812 1774 Ξηρὸς
842 1717 1053 1774 Μανουὴλ
1084 1717 1166 1759 α’πὸ
1193 1720 1269 1760 τοῦ
1296 1719 1424 1761 ἵππου
1455 1718 1714 1774 κατεπήδησε

275 1785 350 1825 καί
376 1782 450 1838 τῆν
478 1785 638 1826 α’σπίδα
669 1785 1002 1839 προβεβλημένος
1029 1784 1202 1840 ξιφήρης
1221 1782 1294 1839 τὴν
1321 1790 1446 1839 χεῖρα
1475 1787 1535 1841 τῷ
1563 1785 1713 1840 Πέρσῃ

275 1850 456 1904 ἐπῆλθε,
487 1848 539 1892 τὰ
566 1850 668 1905 βέλη
700 1847 834 1892 πάντα
862 1852 921 1907 τῷ
948 1849 1065 1892 σάκει
1086 1847 1326 1904 δεχόμενος,
1355 1852 1429 1893 καί
1452 1850 1555 1893 κατὰ
1584 1855 1779 1906 newa-25

374 2001 424 2023 ιι.
450 1993 600 2035 βραχεῖς
624 1989 665 2024 ἐκ
692 1990 766 2023 τῶν
791 1988 973 2036 ρωμαίων
996 1990 1035 2023 Α.
1134 2003 1184 2036 ¹9·
1206 1992 1478 2037 μετεποιοῦντο
1504 1991 1543 2025 Α.
1654 2000 1717 2036 γε-

365 2037 581 2124 ἰιξιμὲιῐιῐριέ.
701 2046 758 2069 22.
782 2036 1091 2086 ὑπαντιάζοντας]
1119 2036 1296 2077 ἐπιόντας
1323 2039 1362 2072 Α.
1457 2037 1512 2081 24.
1537 2039 1588 2085 τῷ
1613 2040 1716 2085 Πέρ-

275 2196 338 2240 git,
367 2193 567 2239 pecudibus
592 2200 628 2228 et
642 2196 791 2240 captivis
817 2197 966 2230 omissis.
992 2196 1143 2231 forsitan
1169 2199 1275 2231 etiam
1299 2198 1393 2230 inter
1415 2206 1493 2229 sese
1520 2199 1716 2230 certassent

276 2242 443 2282 Romani,
470 2241 556 2286 quia
582 2252 653 2273 nox
677 2242 794 2275 adhuc
820 2249 906 2284 erat,
930 2244 1000 2276 nisi
1016 2244 1163 2277 Manuel
1187 2245 1454 2276 Cantacuzenus
1480 2243 1602 2275 stricto
1629 2253 1715 2275 ense

276 2288 497 2328 obstitisset,
534 2292 571 2320 et
593 2287 761 2332 fugitivos
783 2289 933 2335 obliquo
970 2290 1089 2333 gladio
1117 2291 1329 2335 perculisset
1343 2314 1352 2330 ,
1373 2300 1414 2321 ac
1439 2295 1533 2322 stare
1553 2289 1716 2322 iussisset

275 2338 517 2380 prosequente
531 2334 685 2367 nemine.
710 2335 762 2368 sic
786 2336 932 2369 tandem
960 2336 1067 2369 foeda
1094 2343 1130 2370 et
1153 2348 1322 2382 praeceps
1348 2336 1411 2367 illa
1440 2335 1522 2379 suga
1545 2334 1716 2368 nonnihil

277 2391 479 2426 compressa
504 2385 567 2413 est.
590 2391 661 2424 qua
684 2381 891 2425 indignatus
919 2383 1114 2427 imperator
1137 2395 1261 2427 parum
1288 2383 1406 2416 abfuit
1429 2383 1518 2426 quin
1534 2381 1716 2414 Androni-

277 2440 358 2461 cum
382 2425 552 2460 muliebri
593 2426 721 2460 habitu
758 2439 822 2472 per
846 2429 971 2462 urbem
996 2429 1212 2462 circumduci
1236 2429 1389 2462 iuberet.
1415 2428 1479 2461 sed
1504 2433 1543 2461 ut
1569 2439 1716 2461 suorum

277 2485 419 2515 amans,
444 2473 667 2517 cognationis
686 2474 825 2507 ratione
849 2474 992 2515 habita,
1015 2476 1090 2508 irae
1116 2477 1314 2520 imperavit,
1337 2475 1547 2520 praesertim
1572 2485 1651 2507 cum
1675 2474 1716 2509 in

279 2527 321 2554 ea
344 2531 461 2565 pugna
483 2519 690 2564 paucissimi
718 2520 942 2554 cecidissent.
965 2521 1059 2554 nihil
1090 2522 1128 2555 in
1159 2533 1200 2555 ea
1224 2521 1457 2567 expeditione
1481 2520 1716 2554 memorabile

278 2573 418 2613 gestum
442 2570 516 2608 est,
558 2565 656 2611 quod
689 2571 726 2599 et
753 2567 874 2600 subito
904 2567 1053 2601 eductus
1082 2574 1136 2602 est
1159 2570 1335 2602 exercitus
1360 2574 1396 2601 et
1426 2568 1578 2601 celerius
1606 2567 1716 2600 redu-

279 2621 368 2648 ctus.
397 2614 500 2647 Persa
522 2623 606 2646 vero
627 2612 773 2657 quidam
799 2613 910 2647 arduo
937 2615 1017 2647 loco
1042 2621 1229 2660 occupato,
1252 2615 1383 2648 multos
1407 2615 1715 2660 praetereuntium

280 2663 518 2694 Romanorum
554 2659 691 2703 sagittis
721 2660 924 2701 interemit,
959 2661 1068 2694 etiam
1099 2661 1262 2695 thoraces
1291 2661 1576 2706 penetrantibus.
1618 2659 1717 2697 hut-

280 2707 385 2741 multi
408 2706 476 2740 viri
501 2705 610 2739 fortes
635 2705 752 2739 adorti
780 2712 817 2740 et
838 2707 921 2741 telis
946 2708 1084 2741 eminus
1119 2714 1156 2742 et
1178 2708 1289 2742 hastis
1315 2709 1473 2741 cominus
1499 2706 1714 2741 irati'ferie-

279 2753 380 2788 bant.
419 2764 542 2790 verum
575 2753 639 2786 ille
677 2753 838 2798 agilitate
879 2755 1036 2800 corporis
1062 2760 1098 2789 et
1131 2756 1204 2789 tela
1230 2757 1267 2790 in
1292 2767 1329 2790 se
1366 2769 1511 2792 excussa
1537 2758 1713 2802 evitabat,
