1878 3230
315 134 426 199 624
750 150 976 192 Nicizmss
998 151 1323 193 caculam:

313 255 483 292 πλεῖστα
511 253 588 300 μὲν
628 245 700 290 οὖν
730 248 751 288 ὁ
795 249 897 303 α’νὴρ
928 245 1043 297 οὗτος
1071 255 1152 298 τοῖς
1178 249 1275 303 περὶ
1299 249 1372 304 τὴν
1401 254 1607 296 Φιλίππου
1636 253 1732 297 ἐπό-

313 331 374 356 νει
414 317 582 367 μέρεσι,
630 313 702 354 καί
726 307 776 367 ἦν
804 310 1015 369 ἀγαπητὸν
1038 314 1259 366 Ῥωμαίοις
1287 311 1552 371 ἅντίφραγμα
1581 322 1661 362 τῶν
1688 322 1734 361 ἐκ

179 387 218 420 V.
232 389 298 423 250
312 382 388 420 τοῦ
434 378 577 431 γένους
614 377 770 420 ἐκείνου
807 378 913 430 μετά
946 381 1121 420 Σκυθῶν
1162 377 1403 433 συνάρσεως·
1440 380 1626 432 ἐξιόντων
1664 388 1736 426 καί

311 443 527 496 κειρόντων
554 443 600 484 τὸ
633 441 891 497 προσπεσόν,
924 445 1054 485 ἐνίοτε
1083 445 1128 484 δὲ
1156 443 1228 485 καί
1253 447 1424 497 βασιλεῖ
1445 447 1735 501 συστρατεύων

310 507 593 564 διαφερόντως
619 508 754 550 ἐδόκει
788 507 1047 563 δραστήριος.
1112 509 1171 558 τίς
1199 511 1234 550 δ’
1264 504 1316 551 ἂν
1345 509 1414 551 καί
1440 510 1632 564 ἀριθμεῖν
1662 514 1771 554 ‹vd-5

308 589 424 616 ναιτο
469 571 566 616 ὅσαι
604 573 676 614 καί
711 570 775 614 ὅτε
802 576 876 615 τοῦ
904 572 1024 622 ἔτους
1054 576 1229 615 Σκυθῶν
1257 573 1329 615 καί
1351 573 1531 629 Βλάχων
1558 578 1736 630 ἐγίνοντο

307 639 477 696 ἔφοδοι,
513 638 584 680 καί
614 634 680 680 οἷα
719 638 819 693 ἔργα
857 637 989 693 ἔδρων
1029 638 1205 691 α’νόσιας
1233 643 1495 695 μαρτυροῦσι
1524 638 1656 695 δήπου
1685 641 1736 684 τοὶ

309 706 578 759 πεπραγμένα
616 703 642 760 ἦ
687 705 770 746 τῶν
795 702 900 758 πρὸς
928 699 1069 756 Αἷμον
1109 707 1259 758 χωρῶν
1287 705 1440 760 ἐρημία
1469 708 1739 756 Μακεδονίας

307 786 353 812 τε
381 769 452 812 καὶ
483 771 646 826 Θρᾳκης
689 768 728 810 οἱ
763 771 932 824 ληϊσμοί
957 770 1114 823 στηλῶν
1142 772 1214 811 καὶ
1238 770 1424 826 κύρβεων
1450 771 1739 828 ἀκριβέστερον

307 838 379 878 καί
402 834 619 889 ξυμπάσης
647 833 828 889 ἱστορίας
853 833 1109 889 τρανότερον.
1754 853 1800 888 ¹9

417 919 457 958 7.
518 901 581 943 Οὔ
604 898 733 952 μόνον
756 901 802 941 δὲ
830 898 881 941 τοὶ
911 898 1014 941 κατὰ
1044 898 1142 948 τούς
1174 898 1276 954 πρὸς
1299 896 1451 953 ἄνεμον
1479 903 1637 956 βορρᾶν
1669 905 1738 946 ἐκ·
1772 898 1776 900 ἡ

263 969 623 1019 Βπολεμωθὲντας
649 962 749 1019 ἡμῖν
772 963 1014 1019 βαρβάρους
1043 959 1094 1018 ἦν
1124 964 1197 1005 ἀεί
1219 981 1304 1014 πως
1339 966 1660 1021 ἐπικρατέστερά
1691 983 1736 1009 τε

306 1034 379 1073 καί
406 1030 759 1083 δυσαντιβλεπτα,
790 1025 895 1072 ἄλλά
923 1030 995 1071 καί
1019 1030 1115 1070 καθ’
1134 1031 1189 1071 ἕω
1216 1028 1266 1071 τά
1291 1030 1515 1083 “Ρωμαίων
1543 1035 1736 1087 Πέρσαις

306 1099 479 1148 ἐξέκειτο
507 1093 611 1149 πρὸς
649 1094 907 1150 άφάντωσιν.
960 1093 1017 1149 μῆ
1059 1093 1140 1148 γάρ
1183 1096 1240 1152 τῷ
1269 1096 1417 1152 Πέρσῃ
1462 1097 1736 1150 σπεισάμενος

305 1160 353 1209 ὃς
374 1161 579 1214 Ἀγκύρας
604 1155 710 1214 ἦρχε
739 1162 810 1214 τῆς
842 1161 1097 1215 Γαλατικῆς,
1125 1159 1232 1202 ἀλλὰ
1259 1162 1318 1216 πῇ
1344 1162 1423 1213 μὲν
1441 1159 1514 1218 τὴν
1541 1154 1629 1214 μετ’
1657 1158 1733 1204 αὖ·
1753 1162 1799 1206 15

305 1227 380 1268 τοῦ
409 1227 552 1281 φιλίαν
579 1227 677 1279 παρ’
705 1224 828 1266 οὐδὲν
855 1226 1069 1277 τιθέμενος
1097 1224 1154 1273 ὥς
1190 1227 1469 1277 λυμαίνεσθαι
1495 1226 1736 1280 Ῥωμαίους

306 1292 382 1333 οὔκ
410 1290 599 1344 ἔχοντος,
629 1291 688 1346 πῇ
716 1291 762 1330 δὲ
787 1288 884 1344 περὶ
910 1288 985 1344 τήν
1013 1287 1130 1330 δόσιν
1161 1291 1245 1330 τῶν
1284 1290 1506 1344 χρημάτων
1534 1285 1594 1333 ὧν
1629 1291 1734 1346 ὑπὲρ

305 1355 470 1410 εἰρήνης
502 1351 587 1411 ᾔτει
618 1352 1038 1409 σμικρολογούμενος,
1070 1355 1296 1395 διετέλεσεν
1320 1355 1363 1403 ἐς
1387 1353 1541 1410 χρόνον
1567 1358 1639 1398 ἕνα
1665 1356 1737 1399 καί

305 1423 439 1477 μῆνας
475 1422 517 1470 ἓξ
544 1421 683 1476 ἐκείνῳ
712 1417 1027 1474 διαφερόμενος.
1084 1420 1228 1471 ἀμέλει
1257 1434 1320 1460 τοι
1349 1419 1420 1461 διὰ
1456 1422 1588 1464 ταῦτα
1628 1418 1652 1462 ὅ
1690 1436 1734 1463 τε

308 1487 433 1536 Κίλιξ
451 1485 634 1534 Ἀλέξιος
663 1481 743 1526 ὅσα
774 1483 942 1536 εἴπομεν
970 1481 1218 1539 διεπράξατο
1247 1483 1359 1538 παρὰ
1387 1488 1463 1526 τοῦ
1488 1488 1561 1540 τῆς
1580 1482 1732 1541 Ἀγκύ-
1745 1504 1796 1531 20

307 1568 384 1607 ρας
412 1549 618 1592 δυνάστου
651 1548 969 1603 ἑνισχυόμενος,
1009 1546 1036 1603 ἥ
1064 1565 1106 1590 τε
1137 1547 1251 1597 πόλις
1280 1550 1478 1604 Δάδιβρα
1519 1548 1627 1592 ἑάλω
1662 1550 1736 1594 καὶ

307 1620 502 1672 Πέρσαις
533 1616 758 1668 ὖπὲκυψεν.
803 1610 909 1669 ἄρας
936 1614 1016 1668 γάρ
1045 1617 1142 1667 μεθ’
1175 1612 1335 1671 ἁπάσης
1354 1612 1375 1655 ὅ
1401 1617 1572 1671 Πέρσης
1599 1617 1733 1658 αὐτοῦ

177 1696 292 1731 P.305
306 1685 378 1738 τῆς
409 1682 623 1734 δυνάμεως
656 1678 726 1722 καὶ
752 1682 849 1735 περί
875 1681 1046 1734 ταυτηνί
1080 1678 1153 1734 τήν
1181 1682 1301 1723 πόλιν
1335 1679 1476 1734 βαλών
1505 1680 1732 1737 στρατόπε-

398 1806 431 1839 8.
456 1803 477 1845 ἦ
501 1802 590 1850 τῶν]
620 1802 642 1837 o‘
669 1793 887 1847 ἔξοικισμός
913 1803 986 1837 τῶν
1010 1804 1145 1848 χωρῶν
1168 1803 1204 1835 Β.

306 1916 416 1950 agna,
453 1916 531 1937 cum
570 1915 635 1936 ove
671 1903 850 1947 indigeam
879 1902 924 1935 ad
953 1904 1086 1936 coitum
1115 1908 1196 1948 apta
1210 1903 1246 1936 ?'’
1279 1914 1319 1936 ac
1340 1905 1393 1936 vir
1419 1903 1484 1935 ille
1509 1903 1546 1936 in
1569 1905 1729 1948 partibus

306 1951 549 1996 philippopoli
582 1950 709 1983 vicinis
746 1950 937 1994 plurimum
963 1950 1142 1982 laboravit
1159 1976 1168 1990 ‚
1194 1955 1230 1983 et
1252 1950 1363 1982 veluti
1388 1950 1519 1982 vallum
1545 1951 1730 1994 populari-

307 1999 374 2031 bus
401 1998 473 2030 suis
510 2003 546 2029 et
569 1996 803 2029 auxiliaribus
837 1996 975 2039 Scythis
1009 1995 1112 2029 obvia
1138 2007 1302 2040 quaeque
1323 1997 1545 2029 vastantibus
1571 2007 1729 2041 oppone-

306 2045 422 2077 batur.
451 2043 645 2088 aliquando
687 2043 792 2075 etiam
831 2043 1079 2086 imperatorem
1119 2043 1156 2074 in
1194 2042 1440 2087 expeditiones
1465 2053 1616 2087 sequens
1639 2049 1729 2086 stre-

305 2102 413 2124 nuam
442 2101 584 2134 operam
608 2100 692 2134 prae
717 2090 867 2122 caeteris
906 2100 1034 2130 navare
1059 2088 1258 2122 videbatur.
1296 2089 1375 2133 quis
1410 2099 1493 2122 vero
1519 2089 1728 2131 Scytharum

308 2142 345 2169 et
369 2137 580 2168 Blachorum
618 2136 837 2168 incursiones
870 2140 907 2167 et
928 2135 1063 2168 nefaria
1091 2135 1249 2168 facinora
1274 2145 1480 2167 enumerare
1506 2135 1643 2179 queat?
1667 2147 1728 2167 va-

306 2184 407 2216 stitas
433 2182 613 2226 regionum
639 2183 772 2214 Haemo
796 2181 1010 2221 vicinarum,
1042 2181 1271 2214 Macedoniae
1296 2186 1332 2214 et
1354 2181 1526 2214 Thraciae
1554 2179 1726 2225 direptio-

306 2240 370 2262 nes
395 2230 521 2272 utique
545 2228 709 2261 omnibus
735 2227 861 2260 statuis
886 2233 922 2260 et
944 2227 1077 2261 tabulis
1101 2228 1229 2260 clarius
1255 2232 1290 2260 et
1313 2227 1436 2271 quavis
1459 2225 1607 2259 historia
1630 2226 1726 2261 dilu-

307 2275 422 2308 cidius
448 2274 643 2307 ostendunt
669 2274 757 2318 quid
782 2279 898 2306 actum
924 2274 980 2306 sit.

401 2333 432 2363 7.
468 2320 595 2365 Neque
630 2331 713 2352 vero
749 2332 767 2351 a
802 2320 1149 2364 Septentrionalibus
1185 2319 1356 2352 duntaxat
1385 2317 1544 2352 barbaris
1576 2320 1724 2353 Romani

307 2373 481 2415 perpetuo
510 2366 782 2411 premebantur,
814 2365 876 2398 sed
903 2367 940 2398 in
973 2367 1119 2399 Oriente
1147 2365 1258 2397 Persis
1290 2365 1395 2397 etiam
1428 2365 1581 2408 praedae
1614 2372 1724 2402 erant.

308 2427 387 2449 nam
418 2425 495 2446 cum
530 2413 722 2457 imperator
766 2423 844 2444 cum
875 2412 976 2444 Persa
1018 2411 1200 2445 Galaticae
1232 2411 1388 2453 Ancyrae
1428 2410 1572 2445 domino
1599 2422 1724 2456 pacem

307 2473 380 2495 non
402 2460 566 2501 fecisset,
597 2458 660 2491 sed
696 2459 825 2502 partim
863 2459 1055 2490 amicitiam
1094 2459 1190 2497 eins,
1228 2462 1269 2489 ut
1303 2456 1365 2501 qui
1391 2458 1554 2490 Romanis
1593 2468 1723 2491 nocero

307 2519 381 2541 non
406 2511 551 2551 posset,
578 2509 786 2549 aspernatus
810 2509 919 2544 esset,
948 2505 1078 2548 partim
1103 2503 1294 2547 pecuniae,
1327 2514 1417 2547 quae
1444 2515 1508 2548 pro
1537 2515 1623 2548 pace
1658 2516 1724 2549 po-

307 2553 528 2595 stulabatur,
552 2556 731 2597 parceret,
758 2562 866 2583 unum
894 2559 1025 2582 anuum
1060 2554 1096 2581 et
1121 2560 1180 2582 sex
1206 2559 1344 2582 menses
1373 2549 1509 2583 bellum
1536 2550 1724 2584 continen-

307 2607 363 2633 ter
387 2611 465 2632 cum
491 2609 532 2632 eo
560 2598 675 2643 gessit.
710 2607 779 2641 qua
807 2595 851 2628 de
879 2606 983 2629 causa
1009 2595 1102 2628 Cilix
1124 2595 1268 2628 Alexius
1309 2606 1350 2628 ea
1387 2607 1479 2641 quae
1515 2596 1723 2638 retulimus,

307 2648 406 2680 illius
430 2645 573 2679 adiutus
599 2643 745 2688 opibuS‚
780 2642 950 2683 confecit,
988 2647 1025 2674 et
1059 2640 1142 2674 urbs
1168 2641 1324 2673 Dadibra
1361 2653 1380 2673 a
1406 2642 1517 2675 Persis
1551 2648 1721 2687 occupata

308 2698 372 2729 est.
399 2704 480 2727 nam
504 2703 581 2726 cum
613 2691 642 2724 is
665 2688 829 2724 omnibus
855 2689 926 2723 suis
954 2688 1065 2734 copiis
1091 2687 1252 2722 adductis
1290 2699 1326 2721 se
1354 2699 1426 2723 non
1458 2688 1542 2722 inde
1565 2699 1721 2723 recessu-
