1838 3210
575 186 846 230 ionium
886 186 1189 230 commus
1547 170 1621 238 45

178 285 415 342 ἅναγκαώον
441 288 517 328 καί
546 287 694 344 φθορᾷ
718 287 804 328 τῶν
830 284 1059 343 ὀχημάτων
1084 289 1130 330 ἐν
1159 289 1214 345 τῇ
1239 285 1457 346 ὅδοιπορίᾳ
1480 288 1624 344 χρονί-

177 368 350 406 σαντες,
386 349 663 408 ἠναγκάζοντο
697 349 758 406 μή
794 353 879 394 τῶν
923 354 1140 408 πατρίδων
1175 353 1336 406 βαίνεῑν
1363 350 1474 396 εὖθό
1490 386 1503 408 ,
1533 356 1627 398 ἀλλ’

179 417 284 460 ἔνθα
310 422 563 473 κατασκηνοῖ
584 415 784 470 βασιλεὺς
807 419 1076 470 μεταβαίνειν
1098 417 1181 459 ὖπό
1200 418 1285 460 ταῖν
1312 420 1520 472 ἐπιμελῶς
1549 419 1627 470 τιὶς

178 480 301 532 ὅδοῦς
326 482 564 538 τηρούντων
590 481 663 523 καὶ
686 479 762 530 τὰς
791 482 1047 531 θαλαττίους
1072 484 1324 538 περαιώσεις
1350 484 1626 529 ἐπισκοπούν-

143 551 276 593 5των.
330 547 354 590 ὅ
399 549 447 590 δὲ
482 546 543 602 μή
579 548 740 601 α’γνοεῖν
767 545 878 601 ἔχων
917 545 1069 588 τὸτοῦ
1094 552 1335 603 γογγυσμοῦ
1342 578 1346 582 -
1364 550 1523 606 αἴτιον,
1551 553 1669 595 niun

180 616 255 656 οὐκ
283 611 423 657 εἰδότα
456 610 757 666 πλαττόμενος,
784 612 852 654 ἵνα
884 610 944 667 μη“
973 615 1135 666 λέγοιμι
1163 612 1236 656 τὸν
1258 616 1466 670 μηδαμῶς
1491 618 1625 671 ἐμπα-

181 677 353 733 ζόμενον
389 674 738 734 ὑποκρινόμενος,
779 675 965 726 ἐκείνους
990 680 1069 730 μὲν
1096 676 1164 720 εἴα
1192 686 1466 735 κενοφωνεῖν,
1495 681 1628 731 αὕτὸς

180 745 228 786 δὲ
254 745 332 799 τῆς
355 745 598 799 προθέσεως
624 740 783 796 εἴχετο,
815 742 1047 796 βούλεσθαι
1075 744 1206 797 λέγων
1232 743 1347 798 ἔχειν
1372 745 1472 795 τούς
1497 763 1628 798 στρα-

178 809 336 859 τιώτας
363 806 688 858 συσπουδαστοὶς
718 807 792 850 καί
813 808 1023 863 μηδαμῶς
1048 814 1142 857 ταῖς
1171 812 1394 864 συνεχέσιν
1410 814 1628 867 ἐκδημίαις

122 892 169 918 ιο
180 876 478 923 α’παυδοῦντας
515 876 591 916 καί
640 875 955 922 ἀποκναιόντας.
1023 876 1284 930 προθέμενος
1326 877 1374 917 δὲ
1410 881 1629 930 μετελθεῖν

177 937 277 990 τούς
304 939 410 982 κατὰ
437 939 483 982 τὸ
527 941 644 992 θέμα
672 940 757 981 τῶν
780 939 1072 994 Ἀρμενιακῶν
1098 943 1495 997 παρεισφθαρέντας
1520 946 1630 998 βαρ-

177 1003 358 1061 βάρους,
399 1003 491 1059 ἅμα
533 1007 581 1048 δὲ
612 1004 688 1047 καὶ
724 1007 1042 1047 Κωνσταντῖνον
1082 1004 1152 1048 τὸν
1189 1007 1231 1048 Γ
1228 1009 1366 1062 αβρᾶν
1402 1015 1631 1063 κατασχεῖν

177 1070 331 1126 χρόνον
384 1066 466 1126 ἤδη
498 1069 660 1124 ’συχνὸν
698 1069 774 1126 τὴν
819 1071 1114 1124 Τραπεζοῦντα
1155 1070 1522 1127 ὑποποιησοὶμενον
1558 1075 1634 1117 καὶ

178 1132 306 1192 ἤθεσι
347 1142 610 1193 τυραννικοῖς
652 1134 789 1190 αὐτὴν
829 1135 1084 1190 διεξάγοντα,
1117 1135 1189 1177 διὰ
1227 1139 1301 1192 τῆς
1327 1140 1413 1179 τῶν
1440 1143 1631 1196 Παφλα-

120 1201 313 1259 ι5γόνων
349 1201 597 1256 συναγκείας
626 1199 702 1255 τὴν
740 1203 915 1256 πορείαν
950 1202 1120 1256 τίθησιν
1147 1203 1220 1244 αἐἰ
1245 1205 1328 1244 τῶν
1351 1205 1432 1244 τοῦ
1459 1203 1631 1247 Πόντου

178 1270 398 1325 παραλίων
432 1268 572 1311 τόπων
617 1266 806 1321 βαδίζειν
847 1265 1055 1321 ἐχόμενα,
1101 1268 1221 1310 δυοῖν
1246 1269 1393 1322 ἓκεκα,
1423 1272 1500 1312 τοῦ
1522 1273 1556 1312 τ’
1585 1273 1631 1312 ἐκ

176 1337 253 1390 τῆς
281 1337 436 1384 οἰκείας
476 1332 624 1390 χώρας
649 1332 726 1388 τὴν
752 1332 959 1388 στρατιάν
987 1332 1027 1375 οἱ
1055 1335 1307 1389 πορίζεσθαι
1333 1334 1387 1378 τοὶ
1417 1333 1632 1391 βιώσιμα,

177 1401 252 1444 καί
275 1403 316 1444 εἰ
342 1402 483 1455 δεήσει
511 1402 723 1456 συρρῆξαι
756 1397 954 1452 πόλεμον,
983 1397 1087 1441 κατὰ
1102 1401 1207 1452 μίαν
1230 1406 1386 1457 μοῖραν
1411 1400 1526 1455 ἔχειν
1554 1404 1633 1444 atf-

177 1467 249 1510 τόν
276 1469 559 1520 ἐπικείμενον,
597 1466 687 1508 ἀλλ’
726 1465 804 1506 οὐκ
846 1466 892 1516 ἐξ
920 1463 1128 1521 ἑκατέρων
1165 1468 1309 1521 μερῶν
1346 1468 1633 1521 περικείμενον

111 1553 168 1580 20
178 1533 406 1575 κάντεῦθεν
435 1531 542 1587 πρὸς
562 1529 868 1585 περικύκλωσιν
886 1528 1134 1585 ἐπιτήδειον.
1191 1527 1246 1585 ἧν
1271 1530 1352 1586 γὰρ
1384 1529 1406 1573 ὅ
1429 1535 1502 1588 τῆς
1519 1537 1736 1577 Kal-1223

177 1598 350 1653 σαρειάς
388 1596 484 1640 τότε
520 1599 683 1653 κρατῶν
711 1595 999 1650 Μουχούμετ,
1042 1595 1142 1651 περὶ
1170 1592 1222 1638 οὗ
1246 1599 1379 1640 εἰπεῖν
1403 1595 1599 1654 ἔφθημεν
1617 1633 1630 1653 ,

176 1667 373 1719 πλείστην
410 1659 476 1706 ὅτι
510 1663 860 1718 περιβεβλημένος
902 1660 1049 1716 ἰσχύν,
1092 1664 1221 1716 μέρος
1248 1678 1294 1704 τε
1335 1665 1410 1718 τῆς
1448 1665 1632 1719 Ἰβηρίας

179 1728 494 1785 ὑπαγαγόμενος
531 1731 604 1770 καί
626 1726 717 1770 ἔνια
755 1729 832 1782 τῆς
858 1730 941 1769 τῶν
972 1728 1173 1780 ποταμῶν
1198 1729 1331 1782 μέσης
1357 1728 1629 1784 παραστησά-

278 1864 305 1886 ι.
331 1852 372 1886 ἐν
396 1862 466 1885 om.
490 1853 530 1885 A.
633 1861 683 1893 ¹9.
711 1850 993 1896 περικείμενον]
1022 1845 1304 1896 προσφᾰμενον
1330 1852 1368 1884 Α.
1464 1853 1518 1888 23.
1544 1852 1628 1889 ἔνια

270 1899 348 1947 τῆς]
373 1893 439 1937 τὰς
465 1898 592 1944 χώρας
618 1895 687 1936 τὰς
707 1897 750 1933 ἐν
777 1898 1047 1944 μεσοποταμίᾳ
1072 1895 1272 1941 βασιλικὰς
1295 1897 1405 1931 Wolf.
1431 1898 1510 1932 cod.

178 2014 276 2054 visa,
301 2011 366 2045 sed
388 2021 432 2044 ex
454 2009 581 2043 morbo
608 2009 766 2054 eorporis
792 2013 829 2042 et
863 2009 1018 2054 penuria
1046 2013 1265 2042 commeatus
1289 2014 1325 2043 et
1349 2010 1487 2044 iactura
1514 2022 1628 2058 equo-

179 2071 257 2093 rum
283 2059 322 2092 in
347 2058 478 2091 itinere
500 2056 653 2097 morati,
678 2055 871 2088 deflectere
897 2066 916 2088 a
940 2055 1058 2100 patria
1083 2060 1119 2089 et
1142 2056 1189 2089 ad
1213 2056 1466 2101 imperatorem
1490 2058 1555 2100 ire,
1581 2059 1628 2092 ab

179 2107 224 2140 iis
249 2106 311 2151 qui
333 2106 410 2138 vias
431 2104 625 2149 diligenter
644 2102 863 2136 obsidebant
891 2107 928 2135 et
953 2107 1078 2147 portus
1108 2102 1371 2144 observabant,
1396 2105 1626 2149 cogebantur.

178 2163 302 2188 verum
330 2153 407 2197 ipse
440 2163 521 2184 cum
557 2149 819 2194 indignationis
848 2160 992 2182 causam
1018 2150 1183 2194 ignorare
1209 2161 1282 2183 non
1310 2156 1454 2195 posset,
1484 2152 1627 2196 ignora-

178 2201 315 2234 tionem
334 2224 344 2240 ,
368 2209 414 2232 ne
443 2202 689 2242 contemptum
714 2195 842 2236 dicam,
867 2195 1059 2236 simulans,
1088 2201 1125 2229 et
1147 2197 1231 2229 illos
1257 2197 1380 2230 inania
1405 2197 1516 2232 verba
1543 2199 1627 2234 sun-

181 2247 266 2280 dere
292 2246 426 2286 sinens,
454 2245 662 2278 institutum
685 2254 788 2276 suum
811 2242 972 2287 urgebat.
1001 2242 1147 2276 dicebat
1171 2244 1264 2276 enim
1290 2255 1327 2276 se
1352 2244 1487 2278 milites
1512 2245 1627 2280 habe-

182 2305 220 2327 re
243 2293 350 2333 velle,
375 2292 438 2337 qui
461 2291 556 2324 idem
570 2290 670 2336 quod
692 2290 768 2335 ipse
788 2289 936 2331 vellent,
962 2294 999 2322 et
1026 2290 1299 2323 continentibus
1329 2291 1626 2336 expe-ditionibus

181 2351 255 2374 non
283 2339 520 2383 fatigarentur
548 2343 612 2371 aut
644 2337 905 2381 frangerentur.
930 2347 1008 2369 cum
1035 2342 1155 2370 autem
1182 2337 1376 2378 barbaros,
1403 2339 1465 2383 qui
1492 2339 1531 2372 in
1559 2341 1626 2374 Ar-

181 2386 424 2420 meniacorum
445 2385 668 2431 provinciam
696 2384 911 2428 irruperant,
936 2383 1074 2424 ulcisci,
1100 2389 1137 2416 et
1162 2383 1439 2417 Constantinum
1455 2386 1625 2429 Gabrmn,

182 2434 289 2477 longo
316 2433 386 2466 iam
422 2438 585 2476 tempore
609 2431 836 2476 Trapezunte
872 2430 1071 2474 potientem
1097 2441 1138 2463 ac
1160 2441 1225 2474 pro
1253 2436 1406 2474 tyranno
1433 2443 1471 2464 se
1498 2444 1625 2477 geren-

182 2486 275 2521 tem,
303 2490 430 2524 capere
458 2478 668 2518 statuisset,
692 2488 757 2522 per
779 2475 1045 2521 Paphlagonum
1070 2477 1270 2510 convallem
1295 2478 1366 2510 iter
1388 2478 1559 2521 intendit,
1583 2486 1625 2514 ut

184 2527 413 2560 continenter
435 2537 500 2570 per
522 2524 700 2557 maritima
726 2524 831 2557 Ponti
856 2523 935 2555 loca
951 2523 1248 2567 proficisceretur.
1277 2523 1389 2569 idque
1413 2524 1552 2559 duabus
1578 2526 1623 2559 de

185 2574 319 2614 causis,
347 2579 388 2606 ut
413 2578 450 2605 et
488 2572 665 2605 exercitus
706 2580 726 2603 e
748 2570 822 2603 suis
852 2569 1047 2614 provinciis
1072 2576 1310 2604 commeatum
1333 2576 1503 2615 peteret3
1529 2578 1566 2606 et
1592 2574 1623 2606 si

185 2630 303 2665 pugna
325 2617 582 2652 committenda
617 2623 730 2658 esset,
755 2627 797 2650 ea
834 2616 879 2649 ab
903 2628 976 2649 una
1001 2616 1178 2650 duntaxat
1198 2623 1301 2662 parte
1326 2618 1531 2652 immineret
1555 2630 1624 2653 nee

185 2677 207 2698 a
235 2666 537 2700 circumventione
575 2664 768 2710 quicquam
810 2663 963 2708 periculi
1000 2669 1105 2696 esset.
1139 2675 1221 2696 nam
1259 2664 1532 2706 Muchumetus‚
1558 2666 1622 2711 qui

184 2718 262 2746 tum
290 2712 462 2746 Caesarea
493 2712 726 2757 potiebatur,
764 2710 810 2743 de
845 2721 916 2755 quo
945 2721 1050 2755 supra
1085 2710 1262 2751 diximus,
1300 2711 1463 2743 maximis
1491 2711 1621 2756 opibus

184 2758 350 2805 pollebat
374 2765 412 2793 et
433 2759 572 2793 Iberiae
597 2763 734 2804 partem
758 2756 947 2802 subegerat
970 2768 1010 2790 ac
1035 2757 1210 2791 nonnulia
1233 2757 1516 2802 Mesopotamiae
1542 2758 1619 2793 loca
