1878 3230
281 198 351 238 m:
392 181 587 238 ALExio
630 194 824 238 isAAcu
862 196 1059 237 ANGEu
1099 197 1185 239 m.
1210 197 1307 238 Lm.
1338 197 1411 237 111.
1480 161 1587 249 705

154 298 304 352 πρᾶξιν
329 297 405 352 τήν
432 294 555 347 ὅντως
583 293 764 350 ἄσεμνον
792 300 865 338 καί
901 294 1111 351 ἀπότομον
1147 298 1221 339 καί
1245 296 1322 351 τὴν
1363 295 1593 350 ὑπέρογκον

155 360 417 418 ἇμυντηριάν
449 364 471 405 ὅ
513 362 697 419 α’δελφὸς
727 360 923 412 ἀντιστάς
951 365 1109 413 Βὸλκος
1137 362 1180 412 ἔς
1213 378 1258 404 τε
1284 361 1332 403 τὸ
1362 359 1598 415 α’πιὶνθρωῆ

154 445 231 470 πον
259 425 364 483 ἦθος
401 429 588 471 ὠνείδισε
618 428 690 471 τὸν
727 432 998 484 κασίγνητον,
1047 429 1404 483 μεθαρμοσθῆναί
1440 441 1484 468 τε
1520 429 1648 481 τῆςῦ

157 493 284 549 ὄργῆς
312 497 385 537 καί
407 496 670 550 καθυφεῖναί
691 510 731 536 τι
755 492 908 549 μικρὸν
935 497 1243 546 καθικέτευσεν,
1263 489 1471 535 ἇπιδόντα
1496 491 1600 549 πρὸς

121 561 203 605 5τὸ
234 563 454 614 μεγαλεῖον
478 562 554 601 τοῦ
579 562 723 614 γένους
749 561 825 614 τῆς
852 555 1060 608 Εὕδοκίας
1089 558 1163 600 καί
1186 557 1333 601 ἑαυτὸν
1367 561 1414 600 δὲ
1452 560 1600 601 οἴκτει-

156 623 342 680 ρῆσαντα
360 659 374 678 ,
400 623 672 679 γενησόμενον
701 621 831 673 οὕτως
858 626 923 666 ἐπ’
955 622 1191 679 ἀσχήμοσιν
1223 623 1359 679 ἔργοις
1387 626 1596 677 αόίδιμον.

158 691 235 731 οὐκ
259 689 370 744 ἔχων
400 691 447 731 δὲ
476 691 548 731 καί
571 691 734 731 πείθειν
763 691 822 740 ὥς
845 690 920 744 τὴν
947 690 1113 744 γνώμην
1139 685 1315 744 ἇκαμπῆ
1333 692 1406 731 καί
1428 689 1601 741 δυσμεί-

157 761 318 808 λικτον,
358 750 488 811 αῆτός
524 754 599 811 την
630 754 840 797 Εὕδοκίαν
878 755 1168 811 προσηκούσης
1206 757 1381 809 κομιδῆς
1416 754 1601 804 α’ξιώσας

157 823 424 877 παραδίδωσι
455 826 542 870 τοῖς
573 819 779 872 ἀπάξουσι
807 819 985 870 δεόντως
1016 822 1076 870 εἷς
1112 821 1160 863 τὸ
1193 822 1453 876 Δυρράχιον.
1518 837 1601 873 μα-

101 888 248 931 ιοθών
278 888 325 928 δὲ
356 886 403 928 τό
434 885 601 941 γεγονὸς
620 885 643 927 ὅ
672 886 836 942 πατήρ,
865 888 1037 940 πέμψας
1064 887 1362 943 οἷμφικὲφαλον
1389 888 1603 940 καθέδραν

158 955 242 1012 καί,
257 950 441 1005 κόσμους
470 954 792 1008 περιδερραίους
831 948 961 1001 ἄλλας
987 968 1031 994 τε
1071 953 1401 1008 λαμπρειμονίας
1434 954 1602 1004 βασιλι-

157 1018 232 1067 κὰς
261 1019 526 1069 εἰσοικίζεται
552 1015 629 1073 τήν
656 1019 910 1074 θυγατέραν.
966 1016 1074 1073 πλὴν
1100 1019 1202 1059 οὐδὲ
1227 1019 1303 1060 τοῦ
1331 1015 1503 1070 Νεεμοὶν
1529 1011 1603 1057 οὖ-

157 1098 220 1125 τοι
249 1081 336 1124 viel
362 1081 527 1138 ἀδελφοὶ
558 1083 807 1139 φρονοῦντες
835 1085 896 1132 εἷς
923 1085 1038 1134 τέλος
1082 1082 1326 1139 διήρκεσαν,
1366 1084 1602 1135 ε’κπολεμω-

158 1152 299 1197 θέντες
329 1150 376 1190 δὲ
404 1150 493 1190 κατ’
524 1148 716 1203 ἀλλήλων
746 1150 804 1205 τῷ
831 1149 948 1206 χορῷ
973 1152 1057 1191 τῶν
1084 1145 1222 1191 ἄλλων
1253 1148 1326 1190 καί
1355 1150 1444 1190 οἵδε
1473 1147 1646 1202 ovini-D

100 1222 147 1262 15
160 1218 359 1272 φθησαν,
391 1213 463 1263 οὓς
488 1213 834 1270 μικρῷᾼπρόσθεν
861 1215 1095 1270 εἰρήκειμεν
1124 1211 1369 1269 ἠγνοηκέναι
1402 1212 1479 1269 τήν
1515 1211 1602 1269 φῦ.

158 1297 227 1322 σιν
259 1278 330 1321 διά
367 1295 412 1320 τε
455 1281 688 1335 φιλαρχίαν
726 1281 799 1321 καί
836 1281 994 1336 τρόπου
1038 1279 1284 1335 σκαιότητα·
1341 1282 1414 1321 καί
1455 1279 1605 1335 φανείς

157 1348 352 1401 κρείττων
379 1345 402 1385 ὅ
435 1343 595 1394 Βόλκος
620 1346 696 1400 τῆς
723 1345 859 1400 ἀρχῆς
887 1341 976 1399 ἅμα
1003 1345 1078 1387 καί
1102 1347 1175 1400 τῆς
1211 1347 1415 1400 πατρίδος
1441 1347 1605 1386 ἐκτοπί-

160 1413 223 1463 ζει
250 1410 323 1453 τὸν
349 1411 580 1468 Στέφανον.
640 1412 686 1452 ἐκ
711 1410 792 1466 γάρ
821 1414 896 1466 τῆς
923 1413 1004 1453 ταῖν
1030 1411 1192 1453 πόλεων
1218 1410 1435 1464 βασιλίδος
1462 1407 1602 1465 ὥσπερ

158 1476 271 1526 τινὸς
299 1476 586 1531 ὖπογραμμοῦ
617 1477 690 1519 καί
713 1477 844 1518 τύπου
873 1475 946 1519 καὶ
978 1478 1120 1518 κοινοῦ
1158 1477 1491 1530 θεμιστεύματος
1534 1477 1606 1530 τῆς

97 1560 148 1586 20
160 1543 483 1598 ἅδελφοκτονίας
511 1539 701 1597 ἐξιούσης
728 1544 802 1584 καί
831 1542 1152 1597 διαδραμούσης
1178 1545 1248 1597 τῆς
1273 1543 1349 1596 γῆς
1381 1542 1434 1582 τοὶ
1476 1543 1602 1596 πέρα-

157 1625 234 1661 τα,
264 1609 316 1648 ου’
342 1608 514 1661 Πέρσαι
549 1606 677 1660 μόνον
716 1607 789 1648 καί
833 1606 1135 1662 Ταυροσκύθαι
1174 1607 1246 1648 καί
1281 1606 1369 1647 οἵδε
1418 1605 1457 1648 οἱ
1490 1609 1602 1648 Δαλ-

159 1673 292 1725 μάται
323 1671 394 1712 καί
417 1673 640 1724 μετέπειτα
667 1673 910 1724 Πάννονες,
942 1669 1050 1714 ἀλλὰ
1083 1674 1157 1712 καί
1184 1673 1323 1714 λοιποί
1348 1673 1479 1725 ἕτεροι
1508 1673 1605 1724 παρ’

161 1736 303 1779 ἔθνεσι
334 1737 655 1785 δυναστεύοντες
686 1735 874 1779 στάσεων
910 1739 983 1780 καί
1024 1738 1162 1792 φόνων
1192 1736 1268 1785 τὰς
1314 1732 1477 1778 ἑαυτῶν
1522 1753 1604 1778 πα-

159 1804 308 1859 τρίδας
335 1804 592 1858 ἐνέπλησαν,
621 1803 719 1844 καθ’
747 1799 954 1857 ὁμογενῶν
981 1801 1032 1844 τὰ
1061 1803 1162 1858 ξίφη
1189 1803 1464 1855 σπασάμενοι.

255 1924 287 1946 2.
312 1915 438 1958 βέλκος
464 1915 502 1949 Β.
581 1925 630 1947 12.
656 1905 763 1949 οὗτοι
790 1914 827 1948 οἱ
848 1914 951 1948 viui?
1026 1916 1074 1950 13.
1102 1913 1260 1962 ἀδελφὰ]
1284 1915 1439 1961 ἔμειναν
1460 1913 1601 1949 ἐσκαν-

255 1961 428 1995 &daroma
454 1962 489 1994 B.
564 1963 615 1997 16.
641 1961 790 2009 φανεὶς]
819 1962 975 2003 νικήσας
998 1960 1020 1996 ὅ
1041 1963 1172 2006 βέλκος
1199 1963 1235 1994 Β.
1325 1972 1381 1995 22.
1408 1963 1600 1999 Πιιίονεςῗ

163 2051 274 2084 atroci
296 2056 333 2084 et
355 2051 564 2084 immodicae
593 2051 702 2084 frater
726 2052 800 2084 eius
829 2051 962 2085 Volcus
989 2051 1201 2093 intercedit3
1235 2055 1271 2084 et
1304 2051 1491 2094 obiurgata
1526 2052 1603 2083 eius

164 2097 442 2138 inhumanitate,
472 2103 550 2131 orat
573 2104 613 2131 ut
641 2098 805 2143 deposita
832 2098 1016 2131 iracundia
1041 2098 1150 2142 paulo
1179 2099 1388 2130 clementius
1414 2103 1512 2142 agat,
1540 2098 1602 2129 ha-

162 2144 240 2177 bita
267 2145 405 2178 ratione
432 2145 580 2178 illustris
606 2146 746 2188 generis
771 2145 973 2185 Eudociae,
1005 2151 1041 2177 et
1070 2145 1183 2177 famae
1223 2156 1308 2177 suae
1347 2145 1527 2183 consulat,
1563 2156 1603 2176 ac

162 2196 299 2224 tantam
333 2192 547 2235 ignominiae
580 2192 699 2224 labem
735 2198 870 2228 caveat.
906 2191 970 2224 sed
1006 2202 1082 2224 cum
1115 2191 1278 2236 pertinax
1308 2196 1344 2223 et
1376 2191 1602 2236 implacabile

165 2238 241 2270 eius
266 2239 446 2282 ingenium
470 2248 612 2271 movere
638 2249 711 2271 non
738 2244 882 2283 posset,
913 2238 989 2283 ipse
1021 2238 1214 2270 Eudociam
1249 2239 1298 2280 ita
1330 2244 1529 2282 susceptam
1565 2236 1604 2271 ut

166 2284 317 2328 dignitas
343 2286 418 2317 eius
439 2284 670 2330 postulabat,
706 2285 939 2328 Dyrrachium
969 2283 1234 2329 perducendam
1265 2290 1376 2317 curat.
1412 2296 1484 2330 quo
1521 2296 1603 2316 casu

165 2332 306 2375 cognito
332 2337 434 2376 pater
460 2331 567 2364 filiam
590 2332 717 2365 lectica
745 2337 782 2364 et
805 2332 1021 2364 ornamentis
1045 2331 1280 2363 muliebribus
1304 2331 1436 2371 missis,
1469 2332 1504 2363 in
1545 2342 1605 2363 ae-

167 2376 228 2409 des
254 2389 332 2410 suas
359 2378 498 2422 recipit.
522 2384 701 2411 caeterum
717 2390 762 2411 ne
792 2377 827 2410 hi
853 2378 996 2423 quidem
1010 2378 1199 2411 Neemanis
1223 2377 1287 2409 filii
1312 2378 1419 2421 longo
1445 2383 1606 2421 tempore

167 2424 360 2457 concordes
388 2431 678 2469 permanserunt,
706 2424 768 2458 sed
794 2425 987 2458 inimicitiis
1013 2425 1183 2469 susceptis
1213 2425 1250 2456 in
1275 2429 1495 2456 caeterorum
1525 2434 1607 2455 coe-

167 2476 243 2503 tum
268 2471 507 2512 transierunt,
535 2483 625 2517 quos
656 2483 761 2516 supra
787 2471 938 2504 diximus
977 2482 1042 2516 per
1072 2470 1304 2503 ambitionem
1339 2476 1376 2503 et
1407 2471 1606 2502 vecordiam

169 2523 317 2549 naturae
344 2517 476 2551 oblitos
505 2529 601 2561 esse3
626 2524 662 2551 et
690 2518 823 2551 Volcus
850 2519 962 2550 victor
1001 2518 1221 2562 Stephanum
1261 2522 1297 2550 et
1331 2518 1532 2561 principatu
1573 2521 1610 2548 et

168 2563 285 2607 patria
311 2565 436 2607 exegit.
463 2576 546 2598 nam
571 2576 650 2597 cum
676 2565 853 2598 fraternae
881 2564 1000 2597 caedis
1029 2564 1230 2609 exemplum
1255 2575 1297 2596 ex
1330 2563 1419 2595 urbe
1456 2563 1609 2605 impera-

170 2611 258 2643 trice
281 2616 524 2654 promanasset
547 2617 584 2645 et
607 2617 782 2644 extremos
809 2612 906 2644 orbis
932 2617 1105 2643 terrarum
1131 2611 1221 2643 fines
1249 2614 1475 2655 pervagatum
1506 2614 1609 2648 esset,

151 2654 244 2689 'non
268 2656 394 2689 Persae
419 2661 555 2690 tantum
581 2664 617 2690 et
639 2657 908 2701 Tauroscythae
933 2664 970 2690 et
993 2657 1029 2689 hi
1054 2658 1239 2690 Dalmatae
1266 2662 1302 2688 et
1325 2660 1447 2699 postea
1471 2655 1609 2686 Panno-

170 2703 246 2743 nii,
275 2702 336 2735 sed
362 2708 398 2735 et
422 2702 483 2734 alii
514 2704 634 2747 plures
669 2711 886 2737 caeterarum
912 2705 1069 2747 gentium
1108 2704 1286 2748 principes
1317 2700 1457 2732 ensibus
1488 2701 1524 2732 in
1549 2712 1610 2733 co-

172 2755 295 2793 gnatos
322 2761 402 2783 suos
428 2750 556 2781 strictis
583 2749 798 2783 seditionum
824 2757 859 2784 et
886 2751 1046 2782 caedium
1070 2751 1200 2793 patrius
1228 2759 1306 2780 suas
1331 2748 1607 2791 compleverunt.

238 2820 386 2855 Nicecas
418 2818 622 2853 Chom'ates.
1308 2816 1351 2859 45
