1838 3210
578 168 846 211 ioHANNrs
887 170 1197 212 commus,
1536 153 1608 225 47

166 287 250 315 των
278 274 496 324 συνέλεγε,
526 268 599 310 καί
626 269 756 322 ταῦτα
787 269 1005 318 διαδιδούς
1033 268 1105 311 καί
1124 269 1350 322 Ῥωμαίοις
1378 270 1480 322 με’ν,
1511 265 1612 310 ‹5716-

166 352 235 379 σοι
277 339 546 391 κοντοφορεῖν
586 328 773 390 ᾔδεσαν,
815 338 900 381 τοῖς
941 335 982 375 δ’
1008 335 1054 376 ἐκ
1095 335 1176 377 τῶν
1201 336 1400 377 Λατίνων
1425 331 1612 388 μάλιστα

166 404 477 456 δεξιοστροφεῖν
515 399 807 450 ἐπισταμένοις
853 397 1055 453 δοράτια,
1091 399 1274 443 α’νθίστα
1311 399 1487 449 τούτους
1527 404 1614 448 τοῖς

166 466 378 519 πολεμίοις
406 467 479 507 καί
506 469 679 519 παρεῖχε
707 461 904 516 γενναίως
952 464 1209 519 α’ντιμαχεῖν,
1265 465 1306 507 οῖ
1333 466 1380 507 δὲ
1406 463 1481 514 τοὶς
1508 462 1613 519 μετὰ
1629 472 1666 508 V.
1687 486 1729 521 ¹9

129 534 328 583 ὄξυσταῖν
362 529 578 578 ἐπελάσεις
607 528 772 570 ’τούτων
813 530 989 582 ἐνεγκεῖν
1027 529 1101 570 οὐκ
1130 529 1294 584 ἔχοντες
1341 530 1447 587 πρὸς
1475 530 1615 588 φυγὴν

166 597 487 652 μεθηρμὸζοντο.
551 593 703 643 ἱκανῶς
749 594 827 646 μὲν
862 588 936 635 οὖν
966 593 1038 635 διὰ
1081 596 1163 636 τῶν
1190 595 1390 639 τοιοιῖτων
1413 594 1614 650 μεθόδων

164 662 238 705 καί
264 665 340 704 τοῦ
381 663 600 709 πλείστους
643 657 708 701 ὅτι
734 659 920 712 μάλιστα
948 662 1032 701 τῶν
1058 662 1197 712 πεζῶν
1229 661 1416 716 σημαίας
1447 658 1658 717 ἇνέχεινῡ

163 731 224 778 εἰς
249 726 433 783 ἔμφασιν
459 725 631 768 ἱππικοῦ
658 724 846 774 πλείονος
873 723 947 774 τὰς
975 724 1196 779 Περσικὰς
1225 725 1472 777 ἀναστείλας
1497 726 1615 780 ἴλας,

163 795 235 835 ἐπὶ
267 790 600 846 Νεοκαισαρείας
639 790 739 836 ἵετο.
812 790 965 832 πολλαί
994 792 1040 832 δὲ
1068 789 1143 832 καί
1170 794 1268 847 περὶ
1296 791 1430 848 αὐτὴν
1453 791 1613 846 μεταξύ

106 873 152 900 ιο
164 861 349 913 Περσῶν
388 857 463 899 καὶ
500 857 731 910 Ῥωμαίων
757 855 1097 912 ε’τολυπεύθησαν
1124 858 1377 909 συμπλοκαί.
1433 858 1506 900 καί
1533 859 1616 900 τῶν

162 927 248 966 τοῦ
264 926 471 977 βασιλέως
497 921 601 965 υἱῶν
631 922 653 963 ὅ
683 921 880 977 νεώτερος
903 921 1133 979 (ΙΙΙανουὴλ
1162 918 1292 976 ὄνομα
1321 922 1474 981 τούτῳ)
1510 923 1614 980 δόρυ

164 987 452 1045 διαβαστα’σας
500 991 573 1031 καί
615 987 767 1038 ἱκανῶς
796 987 1038 1044 προελθών,
1067 990 1146 1031 τοῦ
1172 987 1329 1043 πατρὸς
1353 988 1508 1039 εἰδότος
1533 1007 1615 1046 μη-

163 1055 260 1110 δέν,
292 1061 379 1105 τοῖς
418 1057 632 1108 πολεμιόις
665 1055 836 1107 ἐνέβαλε
846 1089 859 1108 ,
891 1056 965 1096 καί
990 1053 1035 1096 τὸ
1067 1053 1188 1110 ἔργον
1211 1057 1333 1097 τοῦτο
1361 1056 1438 1097 τοῦ
1465 1057 1616 1111 μείρα-

162 1138 233 1172 κος
259 1122 532 1178 παρωρμὴκει
559 1118 711 1174 σχεδὸν
751 1117 866 1161 ἅπαν
895 1118 942 1161 τὸ
975 1119 1219 1175 στράτευμα
1247 1119 1322 1162 καί
1349 1120 1458 1176 ὑπὲρ
1488 1123 1615 1176 ἰσχὺν

103 1186 481 1242 ιόἆγωνίσασθαι,
522 1189 644 1228 τινῶν
671 1186 750 1239 μὲν
776 1188 819 1234 ἐς
849 1186 917 1228 τὸν
945 1181 1091 1239 ὅμοιον
1121 1187 1248 1240 ζῆλον
1275 1186 1614 1240 διαναστάντων,

160 1255 243 1296 τῶν
272 1255 312 1295 δ’
339 1247 478 1294 ἄλλων
509 1251 701 1294 ἁπάντων
741 1250 972 1294 δεισάντων
1000 1253 1098 1307 περὶ
1121 1253 1180 1309 τῷ
1208 1254 1358 1307 παιδί,
1388 1252 1462 1295 καί
1489 1256 1614 1307 βασι-

159 1324 228 1361 λεῑ·
251 1322 499 1374 χαριεῖσθαι
527 1317 579 1360 τὰ
605 1320 780 1373 μέγιστα
819 1319 1044 1373 οἰηθέντων
1072 1318 1112 1359 εἰ
1144 1321 1445 1374 συναραμένων
1474 1319 1617 1360 αὐτῶν

160 1385 359 1438 οὐδαμῶς
386 1401 428 1426 τι
457 1382 563 1439 πρὸς
589 1386 672 1426 τῶν
691 1385 899 1436 πολεμίων
933 1383 1090 1425 ἑσεῖται
1117 1384 1337 1433 πεπονθώς
1365 1383 1506 1439 αἠδές.
1539 1387 1616 1426 α’λ-

160 1450 213 1493 λὰ
243 1449 336 1493 τότε
367 1453 446 1504 μὲν
474 1447 496 1491 ὅ
527 1449 660 1506 πατὴρ
691 1451 877 1499 ἐπαίνοις
918 1448 990 1491 τὸν
1017 1451 1151 1492 παῖδα
1179 1449 1400 1505 προδήλως
1427 1450 1615 1504 ἠμείψα-

98 1532 227 1559 αοτο·
285 1513 460 1570 ὕστερον
498 1517 544 1557 δὲ
578 1514 653 1570 τήν
681 1514 834 1571 σκηνήν
882 1513 1023 1557 εἰσιών
1058 1518 1197 1571 πρηνῆ
1229 1517 1412 1557 ταθέντα
1443 1516 1498 1557 δι’
1527 1516 1720 1573 das-1121,

160 1599 234 1638 γου
275 1581 429 1635 ἔτυψεν
474 1581 530 1632 ὥς
567 1579 834 1637 θρασύτερον
873 1583 1034 1634 μᾶλλον
1083 1578 1112 1636 ἢ
1139 1580 1467 1637 εὐτολμότερον,
1514 1583 1616 1638 μηδ’

162 1649 459 1706 ἐπιτρέψαντος
486 1647 621 1689 αὐτοῦ
647 1649 939 1701 συμπλακέντα
969 1653 1052 1696 τοῖς
1080 1646 1299 1697 ἐναντίοις.

280 1731 341 1756 ιο.
385 1710 507 1764 Ἴσως
536 1715 572 1756 δ’
602 1710 656 1756 ἂν
703 1715 776 1754 καί
800 1715 873 1768 τῆς
911 1715 1233 1767 Νεοκαισαρὲων
1262 1712 1463 1769 ἐκράτησε
1489 1716 1614 1769 βασι-

256 1803 288 1825 2.
313 1793 356 1826 ἐκ
383 1793 471 1839 τῶν]
498 1793 683 1826 ἐπιπλέον
705 1796 786 1829 τοῖς
820 1790 1019 1837 φριίγγοις
1044 1792 1080 1823 13.
1175 1794 1209 1826 6.
1236 1791 1394 1826 τοιῶνδε
1417 1793 1458 1826 A.
1580 1805 1612 1838 7.

257 1841 325 1873 τοῦ
350 1839 562 1885 πλείστους]
587 1833 627 1872 τὸ
659 1837 838 1872 διδοῦναι
875 1838 1080 1883 φλιέμουλα
1103 1843 1183 1876 τοῖς
1226 1840 1354 1878 πεζοῖς
1393 1838 1443 1876 οἷς
1477 1841 1613 1884 καβαλ-

255 1887 406 1931 λαρίους
432 1889 643 1930 φαίνεσθαι
669 1886 705 1918 Β.
802 1888 834 1920 8.
860 1879 1104 1935 ἴλας]“φορᾰς
1119 1886 1159 1935 Ας
1259 1898 1310 1920 ιι.
1339 1884 1446 1932 δόρυ]
1475 1886 1612 1920 κοντοῖ-

259 1944 362 1979 ριον,
386 1938 427 1965 ut
442 1933 535 1966 solet
551 1934 587 1966 B.
681 1942 737 1965 20.
762 1929 832 1974 τὴν
859 1931 1014 1978 ωυρμ]
1044 1933 1097 1968 εἰς
1118 1943 1186 1973 την
1207 1933 1338 1966 τένταν
1356 1933 1477 1967 αὐτοῦ
1493 1933 1611 1967 εἰσελ-

255 1977 338 2014 θών
364 1979 542 2017 ἁπλώσας
567 1980 704 2013 τοῦτον
726 1979 790 2012 ἐπὶ
814 1982 881 2023 γῆς
902 1978 996 2023 μετὰ
1028 1975 1168 2024 ῥάβδου
1187 1978 1300 2023 ἔτυψε
1325 1980 1362 2012 Β.

163 2050 388 2096 potissimum
413 2049 452 2081 in
476 2047 756 2092 circumagendis
784 2046 894 2079 hastis
920 2047 1063 2079 dextros
1079 2072 1088 2087 ‚
1114 2046 1330 2087 distributis,
1360 2048 1474 2081 aciem
1499 2049 1609 2083 robu-

163 2103 254 2130 stam
277 2095 443 2130 hostibus
470 2095 688 2140 opponebat.
713 2094 777 2140 qui
800 2106 880 2126 cum
903 2093 1084 2127 hastarum
1109 2094 1283 2139 impetum
1307 2095 1400 2128 serre
1423 2106 1497 2129 non
1524 2108 1610 2142 pos-

164 2150 264 2185 sent,
292 2144 331 2176 in
356 2143 474 2187 fugam
507 2142 749 2175 vertebantur.
776 2141 832 2173 his
874 2141 985 2184 igitur
1012 2140 1171 2180 artibus,
1196 2147 1232 2174 et
1256 2142 1342 2186 quia
1370 2142 1517 2186 plurimi
1543 2155 1609 2188 pe-

163 2191 256 2224 dites
279 2190 412 2223 vexilla
437 2189 666 2222 sustinebant
688 2188 734 2221 ad
759 2188 931 2220 maiorem
960 2188 1142 2233 equitatus
1169 2189 1325 2233 speciem
1350 2188 1608 2234 praebendam,

164 2237 316 2282 repulsis
357 2237 505 2269 Persicis
533 2236 660 2269 turmis
700 2235 975 2268 Neocaesariam
1013 2235 1194 2279 perrexit,
1237 2236 1339 2268 iuxta
1364 2247 1471 2281 quam
1497 2237 1607 2270 etiam

164 2285 259 2317 iuter
282 2285 402 2316 Persas
429 2289 466 2316 et
488 2284 664 2316 Romanos
689 2281 814 2316 erebro
841 2287 896 2315 est
920 2281 1128 2315 dimicatum
1143 2307 1152 2322 ‚
1179 2288 1216 2315 et
1238 2282 1464 2327 imperatoris
1485 2284 1608 2317 iunior

165 2332 261 2364 filius
278 2330 447 2371 Manuel,
484 2329 622 2363 hastam
647 2335 789 2374 gestans
826 2334 863 2362 et
889 2334 990 2373 patre
1014 2329 1128 2361 inscio
1153 2329 1258 2373 longe
1285 2341 1515 2374 progressus,
1539 2332 1609 2364 im-

163 2378 385 2422 pressionem
418 2377 457 2409 in
494 2376 615 2410 hostes
656 2377 764 2417 secit;
800 2375 911 2421 idque
951 2375 1191 2408 adolescentis
1228 2377 1365 2409 facinus
1390 2377 1465 2410 fere
1490 2383 1607 2411 totum

166 2425 362 2458 exercitum
398 2423 443 2456 ad
477 2423 720 2456 dimicandum
756 2423 863 2455 etiam
903 2434 1008 2466 supra
1035 2423 1128 2455 vires
1154 2423 1316 2466 impulit,
1341 2423 1422 2457 aliis
1448 2425 1609 2458 aemula-

164 2471 265 2504 tione
307 2471 489 2512 incitatis,
524 2471 651 2503 ceteris
683 2481 766 2502 vero
805 2468 971 2502 omnibus
1008 2469 1230 2503 adolescenti
1262 2469 1533 2512 metuentibus,
1571 2477 1610 2505 et

166 2517 211 2550 ab
238 2519 454 2562 imperatore
495 2528 532 2550 se
570 2517 759 2551 maximam
795 2516 943 2560 gratiam
968 2516 1120 2549 inituros
1149 2516 1256 2557 ratis,
1282 2518 1312 2550 si
1337 2529 1401 2550 sua
1427 2528 1536 2563 opera
1561 2519 1606 2552 ab

168 2565 266 2597 omni
298 2564 455 2597 hostium
487 2564 623 2597 insultu
657 2563 923 2596 defenderetur.
951 2574 991 2595 ac
1017 2569 1092 2595 tum
1117 2569 1221 2607 pater
1244 2564 1359 2596 filium
1382 2565 1500 2609 palam
1528 2565 1609 2597 lau-

168 2610 274 2644 dibus
308 2616 519 2655 prosecutus
557 2617 622 2643 est.
661 2610 794 2643 deinde
831 2620 915 2642 vero
947 2609 1219 2642 tabernaculum
1246 2611 1425 2654 ingressus
1453 2622 1608 2656 pronum

168 2657 344 2690 iacentem
366 2658 550 2702 paulisper
574 2657 798 2698 verberavit,
825 2662 866 2689 ut
888 2655 1060 2690 audacius
1085 2667 1192 2702 quain
1217 2657 1348 2691 fortius
1373 2658 1513 2691 iniussu
1541 2668 1607 2692 suo

167 2703 289 2737 hostes
314 2703 489 2737 adortum.

266 2762 315 2786 ιο.
365 2751 527 2784 Forsitan
567 2756 687 2784 autem
718 2750 962 2784 Neocaesarea
999 2751 1137 2795 potitus
1162 2755 1255 2784 esset
1292 2751 1509 2794 imperator,
1536 2750 1606 2784 nisi
