1878 3230
504 181 575 220 DE
615 176 830 220 isAAc1o
871 175 1087 220 ANGELO
1131 178 1229 218 Lm.
1273 179 1304 217 ι..
1501 155 1602 212 511

178 281 370 333 ἀγελαῖον
409 280 481 319 καί
515 280 730 332 πτωχεῦον
768 278 927 330 πλῆθος
963 277 1035 330 τῆς
1074 274 1254 327 πόλεως,
1304 276 1376 317 καῖ
1415 274 1464 316 ‘td
1494 278 1650 329 πὲριξΒ

179 344 503 399 διαδραμόντες,
539 342 577 384 οἱ
599 344 676 396 μὲν
709 341 767 385 ἔτι
797 336 846 384 τά
869 339 975 382 ὅπλα
1011 343 1205 397 φέροντες
1236 341 1275 382 οἱ
1304 342 1344 382 δ’-
1371 340 1613 398 ἅμυντηρίῳ

178 413 236 466 τῷ
264 412 565 465 παρευρεθέντι
594 406 829 462 χρώμενοι,
858 409 905 448 τί
926 409 1002 458 μὲν
1032 407 1113 460 οὔχ
1149 404 1356 461 ἥρπασαν,
1387 405 1436 448 τί
1454 408 1500 448 δὲ
1525 406 1614 460 gel-

178 492 318 531 ριστον
347 475 422 517 οῦκ
440 472 708 530 εἶργάσαντος
729 471 930 527 οἰκήματα
957 473 1228 527 κατήρειψαν,
1258 471 1328 514 τὸν
1346 471 1464 514 ἔνδον
1490 475 1616 515 πλοῦ-

141 546 246 586 5τον
274 540 589 596 περιεβάλοντο,
629 538 721 594 ἱερὰ
766 536 1051 592 ἄνηρεύνησαν
1091 537 1417 593 φροντιστήρια,
1463 538 1615 581 ἔπιπλα

179 609 402 663 ἀφείλοντο
431 607 615 658 παναγῆ,
650 602 778 658 σκεύη
819 604 938 655 τίμια
968 604 1260 656 ἑβεβήλωσαν,
1299 607 1459 656 σεμνῶν
1490 621 1616 658 μονα-

177 673 328 725 ζόντων
356 672 432 712 οὐκ
455 672 699 728 ιἤδέσθησαν
729 667 900 722 πολιάν,
929 668 1101 722 ἀρετῆς,
1132 666 1182 722 ἢν
1210 667 1283 710 καί
1307 671 1501 721 πολέμιος
1530 667 1617 711 οἶδε

174 739 311 791 τιμᾶν,
344 735 564 791 ἧλόγησαν,
595 736 667 776 καί
694 735 762 776 ἳνα
791 731 846 775 τὰ
877 732 1007 775 πολλοὶ
1035 735 1241 786 συντέμω,
1270 734 1410 776 πᾶσαν
1436 735 1617 776 κάκωσιν

176 806 274 845 καθ’
297 797 356 844 ὧν
375 802 554 858 ἐπῄεσαν
573 801 844 851 ἐπεδείξαντο.
864 799 1012 841 πολλοί
1030 800 1077 840 δὲ
1103 800 1178 840 καί
1205 796 1269 842 ὅτι
1284 802 1368 841 τῶν
1384 805 1473 841 κατ’
1503 797 1615 844 οἶκον

114 869 487 920 ιοσκυλευομένων
505 866 731 919 ὑπέμυξαν,
764 864 946 906 θάνατον
967 859 1145 919 εὕραντο
1171 863 1216 906 τὸ
1244 866 1454 921 ζημίωμα.
1483 867 1615 923 πρού-

181 945 286 987 κοψε
314 934 354 974 δ’
382 929 435 974 ἄν
459 932 503 974 τὸ
537 932 670 974 δεινὸν
696 933 772 972 καί
794 929 1070 986 χρονιώτερον
1097 929 1258 984 γεγονὸς
1283 925 1411 987 ὤφθη
1444 934 1516 973 καί
1541 947 1613 973 πε-

173 1001 482 1054 ριαλγέστερον,
511 998 551 1039 εἰ
576 997 632 1052 μή
662 1012 771 1045 τινες
804 994 1084 1050 α’νενεγκόντες
1115 998 1287 1048 βασιλεῖ
1306 995 1356 1038 τὰ
1384 996 1650 1050 τελούμεναῦ

175 1064 247 1106 καί
283 1062 675 1118 βαρυαλγὴσαντες,
716 1059 772 1110 (ὃς
808 1059 918 1109 εἰκός
931 1094 944 1113 ‚
975 1061 1185 1112 ὖπένυξαν
1227 1059 1330 1115 πρὸς
1364 1059 1609 1116 διόρθωσιν.

171 1132 246 1172 καί
268 1131 435 1177 στείλας
464 1126 596 1176 εὐθύς
627 1144 743 1177 τινας
761 1128 845 1169 ταῖν
873 1129 962 1168 κατ’
995 1121 1167 1175 ἇξίωσιν
1193 1128 1267 1168 καί
1290 1129 1405 1180 γένος
1432 1144 1614 1184 περισα-

113 1197 254 1241 ι5νῶν
285 1195 499 1236 α’νὲστειλέ
525 1208 570 1235 τε
595 1192 671 1241 τὰς
686 1196 767 1234 τῶν
797 1191 982 1234 α’τάκτων
1014 1189 1170 1245 ὅρμάς,
1200 1190 1272 1234 καὶ
1296 1194 1514 1246 κατέληξεν
1542 1191 1614 1234 οὗ-

170 1277 252 1309 τως
279 1260 362 1313 ὀψέ
399 1273 499 1301 ποτε
528 1258 579 1300 τὰ
611 1259 670 1308 εἰς
691 1260 799 1312 μέγα
827 1259 954 1312 μέρος
981 1256 1228 1313 ἀφανισμοῦ
1258 1259 1339 1300 τῶν
1367 1259 1499 1301 ἐκεῖσε
1520 1263 1612 1302 τολ-

169 1326 353 1380 μώμενα.
910 1335 912 1337 ’

274 1391 385 1435 Ἀλλ’
414 1385 529 1432 οὔπω
555 1391 692 1432 ταῦτα
714 1388 1005 1444 διετεθρήνητο
1035 1389 1219 1445 ἀκριβῶς
1234 1388 1403 1440 ὁπόσοις
1430 1393 1511 1433 τῶν
1540 1391 1611 1432 α’ν-

170 1455 354 1512 θριόπων
403 1454 521 1510 ψυχή
563 1457 773 1511 φίλοικτος
811 1456 884 1496 καί
903 1453 951 1496 τὸ
982 1454 1116 1510 δάκρυ
1140 1461 1234 1504 ταῖς
1260 1457 1341 1497 τῶν
1369 1454 1612 1511 πασχόντων

106 1539 159 1564 20
172 1520 396 1565 ἀναπιδύει
421 1520 680 1576 θερμότερον
707 1526 970 1577 συμφοραῖς,
1000 1520 1074 1562 καί
1098 1520 1145 1562 τό
1177 1523 1249 1576 τῆς
1277 1521 1432 1571 πόλεως
1457 1537 1611 1575 χειρω-

171 1587 364 1631 νακτικὸν
391 1589 465 1629 καί
493 1584 592 1628 ὅσον
609 1587 664 1627 ου’
676 1587 1007 1640 συνεπευδόκησε
1034 1592 1119 1635 τοῖς
1142 1591 1301 1636 λοιποῖς
1329 1587 1401 1630 ἐπὶ
1427 1587 1478 1629 τοὶ
1509 1587 1612 1629 iom-

170 1656 327 1709 ρημένα
367 1649 448 1708 ἤδη
487 1653 545 1708 τῷ
582 1653 713 1706 λέγειν
739 1666 811 1704 μοι
830 1683 841 1703 ,
882 1651 1017 1694 δεινὸν
1045 1649 1294 1707 ἡγησάμενοι
1325 1655 1366 1696 εἰ
1391 1654 1471 1706 οὐχ
1500 1651 1613 1702 ὅπως

263 1771 294 1804 5.
319 1768 470 1814 ἔπιπλα]
493 1767 631 1805 ποδέας
655 1767 777 1812 ἁγίων
802 1765 950 1813 α’πῆραν
974 1769 1011 1803 Β.
1118 1769 1151 1802 6.
1179 1765 1322 1814 σεμνῆν
1347 1770 1480 1815 μοναζ.
1503 1772 1611 1805 πολι-

263 1819 368 1851 τείαν
393 1815 462 1850 οὐκ
495 1814 550 1860 fid.
589 1814 721 1860 α’ρετῆς
745 1815 783 1847 Α.
955 1826 1004 1847 ιι.
1029 1825 1088 1859 χρ.
1125 1814 1251 1860 ὀφθὲν
1269 1815 1437 1860 ἐγενόνιι
1460 1826 1542 1861 περ.
1569 1821 1609 1854 Α.

267 1872 317 1898 12·
342 1860 563 1908 τελούμενα]
587 1862 804 1907 τολμημένα
826 1862 864 1894 Α.
1034 1863 1083 1894 15.
1107 1861 1317 1910 κατέληξεν]
1345 1863 1448 1904 λῆξιν
1471 1862 1607 1907 εὕρατο

263 1909 404 1943 οὑτωσί
430 1920 508 1945 πως
530 1911 568 1940 Α.
670 1910 722 1942 16.
746 1906 982 1954 τολμώμενα]
1009 1907 1214 1952 τελούμενα
1242 1911 1278 1940 Δ.
1402 1921 1453 1956 ¹9·
1478 1911 1614 1956 φίλοι--

263 1955 362 2003 κῐος]
389 1954 681 2000 εὐσυμπάθητος
707 1956 768 1987 καὶ
792 1950 833 1988 τὸ
861 1954 934 1989 τῶν
959 1955 1170 2000 ὀφθαλμῶν
1201 1951 1301 2000 ὕδωρ
1326 1956 1364 1987 Α.
1437 1968 1493 1992 21-
1518 1965 1607 1992 συμ-

262 2001 440 2045 ευδόκησε
467 2007 546 2039 τοῖς
573 2001 698 2038 ἄλλοις
722 2002 761 2033 Δ.

170 2093 324 2127 iacentia
360 2093 479 2125 omnia
515 2090 719 2136 pervagati,
746 2090 875 2135 partim
903 2089 1020 2122 adhuc
1047 2090 1192 2130 armati,
1224 2091 1354 2135 partim
1379 2091 1463 2124 telis
1488 2091 1612 2126 obiter

169 2139 318 2185 arreptis
334 2164 344 2180 ,
389 2138 478 2184 quid
513 2149 586 2170 non
611 2137 829 2182 rapuerunt?
856 2147 927 2181 quo
952 2137 1085 2169 scelere
1117 2137 1394 2171 abstinuerunt?
1418 2138 1608 2173 diruerunt

169 2186 297 2227 aedes,
326 2196 411 2230 opes
437 2185 685 2229 diripuerunt,
712 2183 929 2216 monasteria
958 2183 1106 2216 scrutati
1134 2183 1400 2228 suppellectilia
1421 2196 1607 2218 sacrosan-

169 2239 224 2266 cta
249 2232 494 2271 abstulerunt,
520 2241 601 2264 vasa
624 2231 782 2275 pretiosa
806 2230 1062 2275 profanarum,
1087 2230 1328 2263 venerabilem
1349 2231 1606 2266 monachorum

169 2284 389 2312 senectutem
422 2289 494 2311 non
529 2277 671 2310 reveriti
699 2282 803 2317 sunt3
839 2276 1008 2310 virtutem
1035 2287 1142 2321 quam
1167 2276 1281 2310 hostis
1307 2278 1416 2310 etiam
1441 2281 1606 2312 venerari

170 2326 282 2365 solet,
306 2325 564 2369 neglexerunt3
604 2324 762 2368 denique
787 2333 833 2355 ne
857 2323 922 2356 sim
947 2323 1139 2367 prolixior,
1165 2334 1270 2356 omne
1293 2324 1468 2357 malorum
1494 2336 1604 2369 genus

170 2371 335 2417 quolibet
361 2383 479 2404 secum
514 2370 723 2404 attulerunt.
747 2369 852 2402 multi
884 2369 982 2414 quod
1006 2368 1052 2401 ob
1081 2369 1321 2414 direptionem
1355 2371 1498 2403 aedium
1523 2383 1608 2404 sua-

170 2430 246 2450 rum
273 2423 568 2457 murmurassent,
594 2417 701 2449 occisi
730 2421 824 2449 sunt.
852 2426 892 2448 ac
910 2426 950 2448 ea
975 2416 1157 2448 caiamitas
1183 2417 1291 2449 latius
1308 2423 1432 2461 vagata
1458 2429 1498 2450 ac
1523 2418 1606 2450 diu--

167 2465 241 2496 tius
284 2470 320 2497 et
358 2464 521 2496 acerbius
551 2469 706 2508 grassata
737 2467 850 2502 esset,
896 2462 966 2494 nisi
992 2462 1138 2507 quidam
1165 2463 1261 2507 gravi
1286 2463 1411 2496 dolore
1435 2466 1604 2497 commoti

170 2522 247 2542 vam
276 2510 458 2543 audaciam
497 2510 704 2555 imperatori
732 2509 969 2548 indicassent,
1010 2519 1164 2553 eumque
1188 2510 1433 2554 perpulissent
1454 2516 1496 2543 ut
1518 2511 1602 2543 viris

168 2555 353 2589 nobilibus
387 2561 424 2589 et
462 2557 635 2600 dignitate
660 2555 926 2601 praestantibus
951 2556 1067 2588 missis
1104 2556 1392 2600 iinportunorum
1416 2556 1602 2590 homiuum

167 2605 342 2647 impetum
367 2604 601 2646 repressisset.

259 2648 335 2681 Hoc
372 2648 477 2680 modo
501 2649 700 2682 vastatione
737 2659 884 2692 magnae
908 2648 1018 2693 partis
1044 2647 1330 2682 suburbanorum
1355 2649 1599 2682 aedificiorum

166 2696 226 2727 vix
251 2693 395 2729 tandem
420 2694 542 2734 finita,
569 2700 605 2728 et
627 2695 671 2727 ab
692 2695 897 2728 hominibus
926 2695 988 2740 qui
1015 2694 1165 2726 aliorum
1193 2695 1295 2728 malis
1321 2695 1521 2728 afficiuntur
1541 2695 1601 2727 vix

168 2742 252 2775 satis
272 2740 388 2774 adhuc
413 2739 598 2784 deplorata
624 2741 769 2786 opifices
798 2741 947 2781 urbani,
981 2741 1043 2785 qui
1071 2752 1111 2773 ea
1137 2752 1229 2785 quae
1260 2741 1330 2774 iam
1356 2741 1504 2785 exposui
1527 2751 1600 2774 non
