1838 3210
610 183 881 228 IOHANNES
925 185 1232 230 COMNENUS.
1293 206 1295 208 ·
1570 188 1636 241 19

197 283 427 339 ἒνέδρευμα
455 285 758 338 συντονώτερον
776 283 884 337 ὁμοῦ
904 287 978 327 καί
995 285 1260 342 πορρώτερον
1286 283 1418 328 ὀπίσω
1442 285 1638 328 τῶνῬω-

197 353 335 403 μαίων
362 349 561 402 ἐδίωκον,
597 348 655 398 ὥς
684 351 757 391 καί
778 349 853 398 τὰς
882 352 1130 405 δυσχωρίας
1158 351 1472 407 ἀπερισκέπτως
1500 367 1638 403 παρα·

199 416 394 470 δραμεῖν·
456 414 494 457 οἱ
534 417 574 456 δ’
601 416 850 468 ἑλλοχιόντες
870 413 1073 469 Ῥωμαῖοι
1101 414 1196 459 ἐπεὶ
1235 413 1349 460 εἶδον
1394 417 1643 472 α’περιμερί-

197 497 311 535 μνως
337 480 434 530 τούς
454 482 631 535 Πέρσας
659 476 792 522 ὄπίσω
816 482 902 522 τῶν
932 482 978 522 ἐκ
1005 484 1079 537 τῆς
1094 481 1332 538 συμμορίας
1357 484 1479 540 σφῶν
1506 483 1644 524 ἐπιόν-

161 550 276 596 5τας
319 548 452 605 α’νέτῳ
494 547 620 587 παντὶ
660 542 811 602 ῥυτῆρι
839 544 913 587 καί
948 544 1051 602 πρὸς
1079 548 1203 590 οὐδὲν
1229 547 1372 603 ἕτερον
1397 545 1645 605 ἀφορῶντας

197 608 228 668 ἢ
257 611 304 653 τὸ
354 611 680 666 καταλήψεσθαι
717 610 816 661 τούς
854 611 1227 666 ἐκδιδράσκοντας,
1268 614 1422 657 αὐτίκα
1449 612 1500 669 δὴ
1526 614 1646 667 μάλα

197 675 325 720 αὐτοὶ
349 676 597 726 ἀναστάντες
623 674 730 719 εὖθύ
761 678 833 732 τῆς
852 677 1130 728 Σωζοπόλεως
1157 680 1305 721 ἵενται.
1365 679 1470 733 μετὰ
1498 678 1641 735 βραχεῖ

198 745 246 785 δὲ
277 746 350 786 καί
375 746 459 786 τῶν
490 739 732 799 φευγόντων
758 741 1097 799 ἐπιστραφέντων
1124 746 1169 786 ἐν
1194 747 1309 802 μέσῳ
1338 747 1647 801 συλληφθέντες

198 807 238 850 οἱ
271 811 475 864 Τοῦρκοι,
509 810 582 850 καί
605 806 709 864 μήτε
738 810 791 865 τῇ
819 808 938 850 πόλει
966 812 1287 864 προσεπεγγίσαι
1318 810 1543 864 δυνάμενοι
1572 811 1644 853 διὰ
1657 819 1691 853 Ρ.
1708 832 1745 855 ιο

138 892 185 917 10
198 874 297 924 τους
323 877 370 916 ἐκ
408 877 488 917 τῶν
528 872 668 928 λόχων
712 875 1036 931 προδραμόντας
1060 875 1299 928 Ῥωμαίους
1327 876 1434 932 πρὸς
1462 876 1538 931 τὴν
1564 879 1647 920 τῶν

198 942 374 983 εἰσόδων
408 939 667 995 κατάληψιν,
708 937 1070 996 μήτεδιαδρᾶναι
1095 940 1192 990 τούς
1220 936 1396 984 ὄπισθεν
1424 943 1647 999 ἐπιφανέν-

197 1023 273 1056 τας
304 1008 542 1060 ἶσχύοντες,
574 1006 612 1047 οἱ
638 1007 717 1058 μὲν
744 1004 1060 1061 σαγηνεύονται,
1091 1004 1130 1048 οἱ
1157 1009 1204 1049 δὲ
1232 1007 1307 1050 καί
1334 1010 1483 1064 ξίφους
1512 1011 1648 1063 γίνον-

197 1089 270 1114 ται
296 1071 527 1127 πάρεργον,
557 1067 607 1112 οὗ
638 1073 786 1113 πολλοὶ
810 1072 857 1113 δὲ
886 1073 960 1114 καί
975 1074 1028 1128 τῇ
1055 1074 1138 1114 τῶν
1166 1073 1304 1114 ἵππων
1335 1074 1463 1131 α’ρετῇ
1491 1074 1648 1116 διασώ-

199 1140 352 1189 ζονται.
422 1137 496 1179 καί
534 1134 666 1186 οὕτως
695 1133 783 1191 ἥλω
810 1134 917 1192 πρὸς
940 1135 1162 1190 Ῥωμαίων
1193 1140 1434 1189 Σωζόπολις
1461 1136 1526 1182 ἔνι’
1546 1144 1648 1192 βου-

139 1205 185 1245 15
198 1204 377 1258 λεύματι
408 1206 484 1246 τοῦ
512 1205 720 1257 βασιλέως
759 1205 894 1260 σοφῷ.
951 1205 998 1245 ἐκ
1022 1205 1070 1245 δὲ
1096 1205 1220 1245 τοῦδε
1249 1203 1294 1246 τὸ
1331 1204 1538 1261 φρούριον
1567 1224 1649 1247 πα-

197 1271 426 1327 ρεστήσατο
457 1268 483 1311 ὃ
507 1267 886 1325 Ἱερακοκορυφῖτις
927 1268 1197 1323 ὠνόμασται,
1231 1269 1304 1312 καί
1329 1274 1503 1313 πλεῖστα
1527 1274 1650 1326 ἕτερα

195 1339 392 1391 πολίχνια
420 1337 494 1378 καί
519 1334 709 1391 ἐρύματα
741 1333 990 1390 ὑπηγάγετο,
1031 1336 1163 1377 πάλαι
1189 1338 1270 1389 μὲν
1290 1335 1515 1390 Ῥωμαίοις
1543 1335 1650 1380 timi-

197 1418 312 1460 φορα
328 1434 341 1456 ,
367 1407 454 1452 τοῖς
485 1403 531 1443 δὲ
559 1404 755 1456 Πέρσαις
781 1399 877 1442 τότε
911 1401 1189 1455 σπενδόμενα.

308 1467 426 1524 Περὶ
464 1470 512 1510 δὲ
538 1466 584 1510 τὸ
617 1467 802 1521 πέμπτον
829 1465 920 1518 ἔτος
966 1469 1040 1523 τῆς
1065 1469 1200 1510 αὕτοῢ
1224 1470 1444 1522 βασιλείας
1473 1471 1651 1512 Σκυθῶν

132 1549 184 1577 20
198 1533 435 1589 διαβάντων
463 1533 536 1577 τὸν
568 1530 730 1588 Ἴστρον
754 1532 829 1575 καί
867 1531 920 1576 τὰ
951 1534 1131 1591 Θρᾳκῷα
1158 1536 1269 1591 μέρη
1300 1537 1557 1591 ληϊζομένων
1580 1537 1654 1578 καί

197 1601 249 1644 τὰ
275 1603 320 1644 ἑν
347 1602 468 1643 ποσίν
495 1598 787 1656 α’φανιζόντων
823 1601 898 1642 τοῦ
923 1600 1007 1641 τῶν
1041 1599 1224 1655 ἀκρίδων
1251 1600 1550 1656 ἀκριβέστερον
1575 1599 1688 1643 εἶθ-Β

197 1682 280 1720 νος,
308 1664 437 1719 ἔξεισι
462 1667 553 1710 κατ’
582 1666 721 1708 αὐτῶν
747 1664 823 1715 τὰς
842 1663 1084 1719 Ῥωμαϊκᾰς
1113 1665 1324 1720 ἀθροίσας
1350 1666 1552 1719 δυνάμεις
1578 1667 1653 1709 καί

198 1732 256 1782 ὥς
282 1734 380 1788 ἐνῆν
419 1731 697 1786 ὁπλισάμενος
734 1728 1036 1786 γενναιότερον,
1067 1731 1119 1772 οὕ
1153 1730 1224 1772 διὰ
1255 1730 1302 1773 τὸ
1334 1735 1495 1787 πλῆθος
1521 1730 1650 1785 μόνον

162 1822 165 1824 ·
198 1800 283 1843 τῶν
311 1800 521 1853 πολεμίων
547 1799 645 1854 μηδ’
671 1797 906 1839 ὑποπῖπτον
934 1794 1089 1850 σχεδὸν
1119 1793 1308 1855 ἀριθμῷ,
1338 1793 1445 1839 ἄλλα
1474 1798 1547 1841 καί
1573 1796 1647 1840 διὰ

296 1931 323 1953 ι.
347 1916 388 1952 τὸ
415 1919 485 1952 τοῦ
509 1917 734 1962 πακτιαρίου
762 1913 1007 1959 στρατήγημα
1030 1914 1070 1946 Α.
1199 1924 1230 1948 2.
1255 1914 1435 1957 παριέναι
1460 1915 1499 1947 Α.
1611 1915 1643 1960 4.

0 1984 3 1994 ›
287 1963 383 2000 κατὰ
407 1965 527 1999 νώτου
553 1964 592 1996 Α.
734 1961 857 2007 σφῶν]
896 1959 1019 1993 αὐτῶν
1032 1960 1072 1993 Δ.
1183 1961 1234 1994 16.
1261 1960 1508 2006 ἱερακοφίιης
1548 1961 1644 1998 ⁰576-

0 2024 4 2051 ι
289 2022 435 2060 μασται
459 2011 510 2052 A,
532 2009 639 2054 vulgo
662 2007 964 2054 Ἱερακοκορυφή
987 2018 1044 2044 τις
1068 2005 1185 2052 ω’νομ.
1597 2005 1606 2012 ”

196 2107 452 2155 praetervecti,
475 2108 797 2151 persequerentur,
820 2102 970 2136 Romani
995 2102 1059 2147 qui
1088 2101 1126 2134 in
1153 2101 1295 2135 insidiis
1322 2108 1442 2144 erant,
1466 2115 1546 2138 cum
1560 2106 1642 2139 Per-

197 2169 253 2190 sas
291 2166 433 2189 securos
470 2158 548 2186 toto
587 2153 725 2196 impetu
750 2150 884 2183 instare
921 2149 994 2182 suis
1022 2148 1218 2190 viderent,
1242 2160 1309 2182 nec
1347 2156 1509 2195 spectare
1533 2152 1642 2197 quid..

195 2215 303 2249 quam
329 2201 430 2235 aliud
470 2199 541 2233 nisi
573 2204 612 2231 ut
636 2198 777 2231 hostem
809 2195 1177 2242 comprehenderent,
1208 2196 1331 2229 subito
1356 2205 1576 2242 consurgunt
1601 2212 1642 2232 ac

195 2250 400 2295 Sozopolim
424 2251 564 2292 petunt.
589 2245 699 2290 paulo
724 2248 808 2289 post
835 2243 880 2276 iis
904 2243 1014 2276 etiam
1035 2242 1100 2287 qui
1126 2242 1316 2286 fugiebant
1338 2245 1530 2285 conversis,
1547 2246 1641 2279 Tur-

196 2297 229 2330 ci
253 2298 292 2330 in
316 2295 437 2329 medio
463 2291 708 2332 circumventi,
736 2302 816 2323 cum
840 2301 908 2324 nec
932 2290 978 2323 ad
998 2289 1124 2322 urbem
1147 2290 1194 2322 ob
1212 2290 1390 2324 Romanos
1416 2303 1460 2324 ex
1486 2292 1642 2334 insidiis,

196 2343 242 2377 ad
265 2341 492 2388 occupandos
519 2339 638 2373 aditus
669 2348 874 2383 progressos
911 2336 1102 2377 accedere,
1137 2347 1257 2381 neque
1296 2349 1316 2369 a
1343 2343 1442 2382 tergo
1466 2339 1651 2373 instante!

195 2393 350 2435 effugere
374 2392 539 2435 possent,
564 2387 696 2431 partim
711 2385 913 2429 capiuntur,
938 2384 1068 2428 partim
1085 2383 1311 2424 occiduntur,
1336 2385 1441 2429 pauci
1466 2396 1642 2431 equorum

196 2437 382 2471 celeritate
405 2434 572 2469 evadunt.
597 2433 646 2466 sic
661 2441 734 2466 uno
758 2431 985 2476 imperatoris
1004 2429 1176 2475 prudenti
1202 2431 1354 2463 consilio
1369 2432 1511 2476 capitur
1533 2432 1641 2466 Sozo-

195 2485 300 2529 polis.
325 2482 458 2517 deinde
487 2480 696 2519 castellum,
731 2478 829 2522 quod
866 2477 1046 2511 Cacumen
1079 2477 1261 2521 accipitris
1285 2484 1450 2519 vocatur,
1474 2479 1512 2512 in
1538 2479 1643 2512 dedi-

196 2532 334 2564 tionem
358 2529 520 2573 accepit3
560 2532 598 2560 et
620 2525 776 2571 plurima
797 2525 869 2558 alia
894 2524 1028 2570 oppida
1052 2529 1090 2556 et
1111 2523 1344 2566 munitiones,
1368 2525 1455 2558 olim
1473 2526 1641 2560 Romanis

197 2577 401 2618 tributaria,
427 2581 505 2615 tum
526 2585 610 2607 vero
634 2573 749 2606 Persis
774 2572 986 2612 coniuncta,
1011 2570 1163 2614 subegit.

0 2624 7 2646 ³=
290 2624 429 2670 Quinto
458 2621 601 2667 imperii
625 2620 702 2653 eius
727 2629 843 2659 auno,
868 2629 947 2652 cum
969 2617 1122 2661 Scythae
1146 2617 1277 2651 Istrum
1300 2618 1511 2662 transgressi
1523 2616 1641 2650 Thra-

199 2670 289 2703 ciam
311 2670 572 2716 popularentur
596 2672 634 2701 et
658 2666 765 2700 obvia
789 2674 957 2710 quaeque
982 2665 1201 2697 locustarum
1221 2664 1334 2696 instar
1357 2669 1550 2704 vastarent,
1571 2665 1641 2697 Ro-

199 2727 322 2750 manas
347 2717 468 2761 copias
491 2714 653 2759 undique
677 2709 888 2746 convocatas
906 2717 942 2744 et
965 2722 1071 2756 quam
1091 2711 1356 2755 accuratissime
1375 2715 1528 2744 armatas
1553 2721 1641 2744 eon-

199 2768 254 2796 tra
278 2773 340 2797 eos
364 2762 505 2803 educit,
524 2772 601 2806 non
625 2759 675 2793 ob.
706 2758 977 2793 multitudinem
1010 2756 1186 2792 duntaxat
1208 2768 1300 2802 pene
1325 2756 1638 2799 innumerabilem,

0 2384 11 2416 -ε
0 2225 13 2374 *avt-,7:⁴⁸¹-
0 2160 11 2171 ;
0 2126 7 2150 ··⁴‘
0 2102 3 2115 -
0 2086 2 2092 ’
0 2065 3 2079 -2
0 2004 3 2013 “
