1838 3210
446 171 518 211 m:
564 168 817 210 MANUELE
857 167 1118 210 commo
1159 169 1259 210 Lm.
1285 171 1357 209 lv.
1525 152 1624 225 167

185 270 292 323 μετὰ
322 269 493 325 ἰσχύος,
523 272 567 313 οἳ
591 272 664 311 καί
687 257 744 317 ὧς
769 267 843 310 τὸν
876 267 1056 323 Χράμον
1086 269 1337 323 κατέλαβον,
1366 269 1423 318 ὥς
1451 270 1548 324 ἐνῆν
1576 269 1628 312 τὰ

186 335 291 391 πρὸς
319 336 457 391 α’ρχην
483 332 797 390 διεπράττοντο,
840 334 1171 387 ὑποποιούμενοί
1191 350 1238 377 τε
1263 334 1413 390 δώροις
1434 333 1532 385 τούς
1557 338 1631 389 με’-

185 419 238 455 γα
266 401 382 458 παρὰ
409 405 573 444 Παίοσι
603 401 860 452 δυναμένους
887 399 960 440 καί
986 403 1178 458 κολακείᾳ
1205 400 1532 457 ὑποφθείροντες
1560 400 1669 443 καίΒ

185 468 440 522 ὑποσχέσεσι
465 470 684 522 μεγίσταις
707 467 967 520 ἐπαίροντες·
998 467 1217 519 ἐπέραινον
1250 470 1298 508 δὲ
1323 466 1447 508 οὐδὲν
1477 463 1505 522 ἢ
1533 465 1634 509 ὅσον

157 535 514 587 5Βλαδίσθλαβον
544 531 617 575 τόν
637 532 715 574 τοῦ
733 531 948 587 Στεφάνου
980 533 1224 587 κασίγνητον
1259 528 1442 582 Οῧννους
1471 535 1531 583 εἰς
1555 528 1634 589 ὅρ-

186 615 314 654 χοντα
342 601 560 649 δέξασθαι.
628 593 735 638 ἄλλά
776 599 850 638 καί
881 594 1029 638 τούτου
1058 596 1227 652 βραχύν
1252 614 1342 640 τινα
1364 597 1519 653 χρόνον
1544 599 1636 640 ἐπι-

185 663 419 718 βιώσαντος
445 666 497 722 τῇ
527 664 653 719 ἀρχῇ,
682 664 725 712 ἐς
756 661 828 703 τὸν
852 665 924 703 τοῦ
951 663 1087 714 Ἰατζᾶ
1107 662 1200 704 υἱὸν
1214 665 1427 720 Στέφανον
1456 663 1494 706 οἱ
1525 660 1634 707 Οὖν-

185 745 249 772 νοι
275 727 402 772 πάλιν
437 731 747 785 προσέρρεψαν.
814 728 905 769 ἀλλ’
933 722 1028 769 οὔτε
1074 727 1276 781 βασιλεὺς
1318 727 1464 784 πράως
1491 724 1635 785 ἤνεγκε

184 793 229 837 τὸ
259 793 446 850 γεγονός,
474 796 548 836 καί
575 794 597 835 ὃ
630 795 707 835 τοῦ
737 794 873 845 Ἰατζᾶ
911 793 1151 848 κασίγνητος
1180 794 1399 850 Στέφανος
1427 797 1633 848 βασιλέως

127 880 174 906 ιο
185 863 487 916 συναιρομένου
516 857 650 902 πάντα
670 855 723 914 ἦν
750 858 1071 915 μηχανώμενος,
1100 858 1147 902 εἴ
1163 876 1252 909 πως
1271 862 1347 914 τῆς
1378 861 1513 915 ἀρχῆς
1539 863 1631 903 ἐπι-

183 925 383 977 τειῖξεται.
438 928 600 967 πολλῶν
629 921 705 967 οὖν
731 927 851 967 ἕνεκα
878 924 1029 967 τούτου
1059 923 1382 980 συμβεβηκότων
1409 927 1599 979 πολέμων
1618 959 1629 979 ‚

184 992 360 1035 καὶτοῦ
397 995 602 1046 βασιλέως
637 991 709 1034 τὸν
748 993 824 1033 τοῦ
847 987 984 1043 Ἰατζᾶ
1023 990 1118 1034 υἱὸν
1156 990 1229 1034 τὸν
1265 994 1405 1034 Βελᾶν
1432 994 1495 1042 εἰς
1521 1009 1631 1047 γαμ-

180 1057 290 1114 βρόν
317 1058 565 1111 ἀνελομένου
594 1057 666 1099 ἐπὶ
692 1059 745 1115 τῇ
772 1060 956 1111 θυγατρί
982 1057 1141 1099 ἐκείνου
1161 1059 1330 1114 ΙΙξῐαριζι,
1362 1055 1409 1098 ὃν
1436 1060 1509 1100 καί
1536 1057 1630 1100 διά-

187 1127 310 1178 δοχον
327 1125 399 1179 τῆς
417 1125 633 1176 βασιλείας
664 1124 838 1176 ἐμελέτα
859 1125 1057 1176 ποιῆσαι,
1089 1122 1127 1164 οἱ
1154 1123 1237 1165 τῶν
1269 1120 1437 1165 Οὕννων
1465 1123 1671 1166 dmm-c

127 1184 362 1245 ιόθήμενοι
403 1190 462 1246 τῷ
490 1190 688 1246 Στεφάνῳ
723 1186 798 1236 τάς
838 1186 1007 1242 πρώτας
1052 1190 1134 1230 τῶν
1165 1188 1347 1230 ἐλπίδων
1374 1190 1632 1244 ἑκριζοῦντες

183 1256 367 1310 βλάστας
400 1256 474 1296 καί
518 1254 838 1307 ἀποτέμνοντες,
881 1252 927 1295 τὸ
966 1256 1014 1296 ἐκ
1051 1252 1264 1309 περιόδων
1301 1269 1346 1294 τε
1389 1255 1531 1312 ἐκείνῳ
1561 1256 1636 1297 καὶ

183 1319 342 1363 κύκλων
367 1321 541 1374 μακρῶν
568 1321 856 1374 α’ντιπράττειν
878 1318 1153 1367 ἀπολιπόντες
1180 1320 1252 1360 καί
1297 1316 1475 1368 ἑαυτοὺς
1517 1336 1630 1374 πρα-

183 1387 355 1441 γμάτων
398 1386 742 1441 ἅλλοτριοῦντες,
791 1383 979 1439 ἔγνωσαν
1007 1382 1196 1426 ἐκποδών
1226 1385 1488 1439 ποιήσασθαι
1521 1384 1631 1442 δόλῳ

183 1451 254 1495 τὸν
280 1453 450 1507 ιίπεχθῆ
491 1453 716 1508 Στέφανον.
783 1451 852 1492 διὰ
882 1454 1012 1493 ταῦτα
1040 1450 1116 1506 τήν
1147 1449 1504 1506 φαρμακοποσίαν
1530 1452 1633 1508 ἔπῃ-

122 1533 174 1558 20
185 1514 346 1567 νεκότες
389 1516 447 1567 ὥς
500 1516 723 1572 πρόχειρον
773 1518 879 1572 ξωῆς
927 1514 1277 1571 κατευνάστριαν,
1330 1515 1633 1571 περιεσκόπουν

182 1582 255 1625 τὸν
300 1582 376 1638 την
420 1580 718 1638 θανατηφόρον
755 1581 905 1624 κύλικα
943 1586 1000 1640 τῷ
1033 1582 1236 1639 Στεφάνῳ
1276 1588 1364 1633 τοῖς
1409 1581 1630 1630 δακτύλοις

185 1645 405 1703 ὀχησοντα.
426 1646 483 1697 ὥς
503 1650 542 1689 δ’
566 1643 691 1702 εὗρον
707 1646 1001 1702 ὗποδρηστῆρά
1017 1665 1110 1689 τινα
1138 1651 1214 1689 τοῦ
1227 1644 1447 1703 ..τεφάνου
1468 1648 1630 1699 Θωμᾶν

186 1709 430 1767 λεγόμενον,
458 1711 638 1768 ἔστησαν
671 1711 745 1754 τὸν
770 1711 942 1765 μισθόν.
971 1710 1080 1754 οὕτω
1101 1715 1137 1754 δ’
1167 1709 1219 1767 ἦν
1246 1711 1445 1762 ὀξύτατος
1475 1713 1631 1760 ἐκεῖνος

185 1781 260 1820 καί
287 1779 523 1828 δεινότατος
554 1776 782 1833 ἀνθρώπου
808 1780 1043 1819 καταλῦσαι
1072 1776 1186 1832 ζωὴν
1211 1778 1285 1819 καί
1310 1774 1505 1830 σώματος
1535 1779 1629 1819 δια-

122 1842 173 1883 25
187 1845 338 1899 στῆσαι
363 1842 525 1899 ψυχήν,
553 1845 718 1901 πονηρῷ
748 1845 885 1899 κέρδει
911 1849 1036 1899 χεῖρα
1077 1842 1298 1897 ὑποσχών,
1330 1840 1386 1892 ὥς
1415 1841 1489 1884 καί
1517 1842 1627 1885 οἴκο-

277 1950 310 1994 4.
340 1947 432 1984 ὅσον
456 1947 524 1983 τὸν
545 1950 597 1993 βλ.
623 1951 664 1983 A.
793 1951 842 1984 13.
867 1947 912 1983 δν
936 1966 982 1974 —
1005 1948 1165 1990 ποιῆσαι
1183 1959 1240 1980 om
1266 1949 1306 1980 A.
1391 1949 1446 1993 24.
1476 1947 1629 1991 διαστῆ-

276 1997 354 2044 σαι]
381 1995 596 2039 &neumam
619 1996 659 2029 Δ.
784 1998 841 2031 25.
867 1995 1062 2042 ὗποσχιύν]
1092 1996 1243 2040 ὑπέχων
1267 1995 1306 2027 Α.

184 2092 236 2136 git
259 2090 453 2135 Stephano.
501 2091 566 2136 qui
608 2102 686 2123 cum
712 2090 902 2123 Clu-amum
934 2090 1155 2130 tenuissent,
1195 2100 1260 2134 pro
1284 2089 1380 2122 virili
1406 2094 1557 2132 egerunt
1584 2101 1626 2123 ea

184 2149 278 2184 quae
301 2137 348 2170 ad
372 2148 519 2182 regumn
545 2137 784 2170 obtinendum
816 2137 1058 2182 pertinebant.
1082 2137 1244 2182 quamvis
1269 2143 1389 2173 autem
1416 2137 1626 2170 pannonum

184 2195 348 2230 proceres
373 2190 410 2217 et
445 2184 698 2228 largitionibus
729 2196 770 2217 ac
806 2184 1078 2217 adulationibus
1104 2188 1376 2226 corrumperent
1400 2187 1436 2215 et
1459 2183 1624 2216 maximis

182 2231 510 2276 pollicitationibus
534 2230 726 2272 inflarent,
754 2231 848 2264 nihil
878 2236 999 2264 tamen
1024 2228 1285 2274 proficiebant,
1323 2229 1394 2261 nisi
1427 2234 1468 2261 ut
1501 2229 1626 2262 Hunni

183 2277 433 2311 Biadisthlabo
468 2277 641 2322 Stephani
677 2278 779 2310 fratri
814 2277 1054 2321 principatum
1082 2275 1274 2308 deferrent.
1300 2286 1372 2319 quo
1406 2275 1516 2319 paulo
1543 2283 1627 2321 post

185 2324 355 2357 defuncto
384 2335 504 2356 rursus
529 2324 574 2356 ad
600 2325 702 2356 Iazae
729 2324 845 2356 filium
869 2322 1090 2367 Stephanum
1116 2322 1240 2355 Hunni
1265 2322 1496 2355 inclinarunt.
1524 2323 1625 2368 quod

183 2371 317 2404 factum
347 2381 467 2414 neque
504 2370 700 2414 imperator
740 2381 857 2415 aequo
891 2371 1011 2402 animo
1038 2370 1144 2411 tulit3
1181 2375 1216 2402 et
1242 2379 1284 2401 eo
1308 2369 1502 2402 adiuvante
1521 2370 1625 2403 Iazae

185 2418 293 2450 frater
317 2417 519 2462 Stephanus
547 2416 639 2448 nihii
668 2427 741 2450 non
771 2416 917 2460 agebat,
947 2417 1069 2461 siquo
1093 2415 1202 2448 modo
1228 2427 1337 2459 regno
1362 2416 1552 2460 potiretur.
1581 2427 1624 2449 ea

184 2462 230 2496 de
267 2475 373 2496 causa
409 2463 532 2496 multis
562 2463 670 2496 bellis
705 2463 886 2504 conflatis,
920 2475 1000 2496 cum
1030 2464 1225 2508 imperator
1260 2463 1362 2495 Iazae
1390 2463 1466 2495 filio
1494 2463 1622 2504 Belae,

184 2520 290 2553 quem
315 2511 456 2555 imperii
497 2521 735 2542 successorem
770 2509 961 2554 designare
979 2511 1019 2543 in
1047 2511 1166 2543 animo
1191 2509 1375 2550 habebat,
1400 2509 1553 2542 Mariam
1580 2509 1624 2542 fi-

183 2555 270 2587 liam
310 2555 584 2600 despondisset,
620 2556 769 2596 Hunni,
802 2562 843 2590 ut
866 2556 1032 2590 omnibus
1070 2557 1246 2590 molestiis
1271 2561 1308 2588 et
1329 2556 1500 2600 periculis
1525 2567 1624 2588 com-

133 2641 138 2644 *
183 2601 318 2646 pendio
355 2602 658 2646 defungerentur,
694 2604 849 2636 invisum
882 2603 1104 2648 Stephanum
1142 2603 1227 2635 dolo
1261 2613 1390 2635 necare
1414 2602 1622 2635 instituunt.

185 2659 293 2692 quam
316 2648 448 2681 adrem
472 2660 650 2682 venenum
665 2650 887 2694 aptissimum
912 2651 1047 2690 visum,
1073 2649 1172 2695 quod
1198 2661 1263 2694 per
1286 2649 1488 2681 ministrum
1507 2659 1624 2693 quen-

185 2693 266 2727 dam
295 2694 371 2727 eius
396 2694 571 2728 Thomam
597 2697 851 2740 largitionibus
879 2703 1086 2742 corruptum
1114 2697 1170 2729 illi
1194 2696 1455 2740 propinaretur.
1479 2695 1509 2727 is
1538 2706 1622 2727 vero

186 2740 348 2777 veneficii
375 2739 523 2784 insignis
549 2743 701 2782 artifex,
728 2753 747 2775 e
773 2755 836 2776 suo
862 2742 1006 2787 ingenio
1031 2743 1103 2777 alia
1127 2743 1267 2776 ratione
1291 2741 1518 2786 deprompta,
1541 2752 1622 2775 cum
