1878 3230
295 167 404 222 802
488 158 490 161 ’
706 180 930 221 memma
979 177 1288 219 ci-ioNiATAE

293 281 446 327 παντὸς
488 280 735 332 δρέπεσθαι,
776 276 796 318 ὅ
830 278 875 318 δὲ
902 275 1023 318 παισὶ
1053 281 1137 324 τοῖς
1162 273 1263 316 κατὰ
1297 275 1457 325 πνεῖμα
1484 273 1554 317 τὸν
1579 278 1710 329 Σγου..

294 345 368 401 ρὸν
395 346 610 398 ἐνέγραφε.
667 332 739 382 καί
763 343 938 383 τοιοῖσδε
985 339 1200 396 χρώμενος
1228 335 1369 386 ὅπλοις
1395 339 1552 380 ἐκεῖθεν
1577 357 1711 397 παρῃ-

291 415 402 451 τεῖτο
448 405 518 449 τὸν
548 403 680 461 ἄνδρα
708 411 983 460 μεταχωρεῖν.
1050 405 1070 445 ὃ
1102 407 1146 446 δὲ
1179 403 1222 446 τὸ
1256 402 1464 445 δύνασθαι
1492 401 1714 456 βιάζεσθαι

292 473 506 528 πρόφασιν
545 472 821 526 ἀπαραίτητον
860 473 932 513 καί
971 467 1319 525 ἀπαρακάλυπτον
1352 466 1712 522 προβαλλόμενος,

293 537 365 578 καί
386 536 457 579 τὸν
484 535 630 590 καιρὸν
649 535 805 590 ἐνάγων
834 535 935 590 δρᾶν
961 537 1084 576 παντί
1109 534 1154 576 τὸ
1185 531 1288 588 πρὸς
1317 531 1460 586 ἰσχύος
1480 535 1584 587 ὁρᾶν
1611 531 1750 575 ὕπο-5

292 603 496 654 βάλλοντα
546 601 600 650 ὥς
627 597 694 643 οἷα
739 605 810 655 τῆς
837 603 919 642 τῶν
946 600 1100 641 πόλεων
1137 601 1280 652 πασῶν
1309 598 1530 652 κορωνίδος
1555 597 1608 639 τὰ
1635 600 1716 640 τῶν

293 663 400 707 ὅλων
428 666 670 720 πασχούσης
692 668 897 720 χείριστα,
919 662 979 707 ἔτι
1009 666 1055 706 δὲ
1082 667 1155 705 καί
1179 679 1274 704 τινα
1301 665 1466 704 νεανίαν
1493 664 1723 717 ἐκδοθῆναί

255 731 331 773 Coi
361 730 464 786 πρὸς
504 730 683 773 θάνατον
727 730 855 787 πολύς
882 732 1053 772 ἐνέκειτο
1081 730 1287 782 ἐκζητῶν,
1320 725 1363 769 ὃν
1391 723 1514 776 ἄλλος
1540 731 1616 780 μὲν
1645 726 1719 769 καί

291 795 348 850 μὴ
380 797 636 852 αἰτησαμένῳ
657 795 759 848 μετὰ
781 795 1048 851 περιχαρείας
1079 791 1316 847 προύδωκεν
1344 788 1406 844 ἄν,
1431 794 1595 846 σπέρμα
1623 788 1718 835 ἅδι-
1803 848 1807 852 .

291 877 360 902 κον
386 862 467 901 καῖ’
492 856 643 912 ἄνομον
680 863 829 916 κρίνων
854 861 909 908 ὡς
951 862 1116 906 πολλοῖς
1144 856 1360 911 παραίτιον
1391 859 1617 910 α’πωλείας,
1647 856 1720 899 καί
1734 874 1780 900 ro

291 927 374 966 πᾶν
407 921 428 965 ὃ
455 940 494 966 τι
534 926 746 979 χείριστον
791 923 894 965 κατά
936 925 1008 978 τῆς
1044 920 1198 964 ἑαυτοῦ
1221 923 1418 976 πατρίδος
1444 924 1514 976 τῆς
1535 922 1719 982 Ἀττικῆς

291 991 364 1030 καί
387 988 503 1043 χειρί
529 989 599 1030 καί
623 989 765 1045 γνώμῃ
799 988 1158 1042 διαπραξάμενον
1193 986 1214 1026 ὁ
1232 987 1278 1028 δὲ
1303 985 1374 1028 τὸν
1401 986 1592 1041 λαμπρὸν
1619 988 1718 1029 διώ-

291 1071 389 1108 κτην
417 1056 488 1107 τῆς
516 1055 756 1108 ἐνεγκούσης
782 1056 853 1095 καί
881 1055 954 1107 τῆς
980 1051 1083 1094 κατὰ
1114 1054 1277 1104 πνεῦμα
1309 1054 1480 1106 τιθηνοῦ
1504 1054 1720 1107 ἐκκλησίας

292 1118 493 1172 ὑβριστὴν
530 1120 602 1160 καί
624 1120 866 1172 ἐπίβουλον,
906 1119 977 1159 καί
1003 1116 1075 1172 τὴν
1101 1122 1226 1171 χεῖρα
1254 1117 1340 1158 κατ’
1365 1117 1498 1158 αὐτοῦ
1525 1115 1720 1167 πολλάκις

293 1184 530 1236 ὁπλίσαντα,
557 1189 641 1232 τοῖς
663 1186 926 1239 φιλουμένοις
954 1185 1227 1236 εὕαγγελικαῖς
1247 1181 1466 1237 ἐγγράφων
1482 1181 1554 1223 καί
1581 1177 1719 1238 περιέ-
1735 1187 1782 1229 15

292 1265 380 1289 πων
409 1248 466 1296 ὥς
492 1248 725 1304 ιπρόσφυγα
743 1281 755 1300 ,
793 1246 864 1290 τὸν
908 1247 1093 1301 Σγουρὸν
1134 1249 1425 1300 παρεβλέπετο.
1492 1246 1549 1296 ὥς
1578 1249 1615 1289 δ’
1644 1249 1719 1289 ov’x

293 1311 379 1366 εἶχε
409 1313 480 1354 καί
507 1316 666 1355 πείθειν
696 1319 788 1361 ταῖς
814 1319 965 1368 σοφαῖς
992 1310 1173 1359 ,ταύταις
1205 1311 1543 1365 ὖποθημοσύναις
1568 1315 1720 1354 ἐκεῖνον

290 1377 357 1419 τὸν
385 1380 675 1432 θηριώνυμον,
704 1380 861 1430 μᾶλλον
886 1379 963 1430 μὲν
995 1371 1068 1418 οὖν
1094 1377 1166 1418 καί
1190 1379 1281 1417 κατ’
1312 1377 1469 1418 domim
1500 1378 1718 1433 nmcpev'ov-

291 1459 368 1484 σαν
395 1440 530 1484 ἑκοντὶ
566 1441 616 1484 τὰ
646 1439 730 1484 uita
758 1441 862 1497 πρὸς
890 1440 1043 1491 ταύτας
1071 1438 1181 1496 ἑώρα
1208 1439 1360 1494 βύοντα
1387 1440 1460 1482 κατ’
1487 1445 1586 1497 βέλη
1615 1458 1717 1484 παν-

291 1507 451 1548 τοδαπὰ
481 1513 567 1556 τοῖς
608 1509 677 1548 ἐπὶ
701 1510 770 1561 τῆς
798 1506 1059 1560 ἀκροπόλεως
1090 1507 1289 1561 ἀφιέντα,
1317 1505 1421 1547 κατὰ
1451 1509 1524 1548 τοῦ
1552 1508 1719 1548 ἀνοσίου
1733 1523 1782 1548 20

246 1575 365 1613 1)καί
395 1571 532 1620 αἰτίου
569 1574 650 1614 τῶν
700 1575 920 1627 φυομένων
968 1575 1103 1613 κακῶν
1130 1569 1241 1612 ἅπαν
1267 1571 1551 1626 ἀποτρόπαιον
1566 1576 1719 1627 τραπέ-

292 1641 397 1678 σθαι
427 1635 526 1678 θεὸν
555 1636 826 1690 ἱλασάμενος,
854 1639 936 1678 τῶν
963 1638 1113 1690 τειχῶν
1134 1631 1296 1677 ἄνωθεν
1321 1638 1504 1685 κοῖκεῖνος
1523 1638 1721 1693 ‹infitiam-

292 1718 334 1743 σι
373 1701 652 1756 μηχανήματα
663 1735 675 1754 ,
713 1704 785 1743 καί
826 1709 911 1750 τοῖς
950 1704 1128 1755 τείχεσιν
1175 1703 1370 1757 ἐφίστησι
1405 1700 1452 1742 τὸ
1480 1701 1649 1756 βάλλειν
1673 1705 1720 1745 ἐκ

388 1823 418 1865 [Ι.
444 1821 698 1866 ἀπαραίτητον
725 1823 787 1856 καὶ
815 1834 870 1856 om
893 1824 931 1857 A.
1061 1834 1093 1867 9.
1120 1820 1252 1857 ἄδικον
1275 1823 1339 1855 καὶ
1365 1833 1420 1854 om
1443 1823 1481 1858 A.
1579 1833 1630 1858 ιι.
1656 1823 1719 1866 τῆς

384 1867 545 1910 Ἀττικῆς
568 1880 625 1901 οιιι
648 1870 687 1901 Α.

296 1979 499 2012 huiusmodi
527 1982 631 2013 armis
656 1993 738 2013 usus
764 1982 919 2014 Michael
939 1981 1149 2026 precabatur
1173 1985 1214 2013 ut
1237 1980 1321 2012 inde
1348 1980 1540 2013 recederet.
1587 1981 1716 2014 Scurus

293 2036 376 2057 vero
403 2037 475 2058 non
499 2025 764 2059 dissimulanter
787 2027 1024 2071 praetendens
1055 2038 1091 2059 se
1115 2027 1184 2058 vim
1208 2038 1311 2070 posse
1336 2027 1471 2067 facere,
1498 2033 1534 2060 et
1556 2033 1718 2072 tempora

295 2072 428 2103 intueri
461 2072 610 2113 iubens,
643 2084 735 2118 quae
773 2085 836 2118 pro
878 2073 1010 2106 viribus
1045 2084 1222 2117 quemque
1257 2084 1359 2116 agere
1393 2079 1596 2113 monerent,
1637 2085 1716 2106 cum

294 2118 451 2149 omnium
476 2118 617 2151 urbium
658 2120 822 2163 princeps
863 2120 1087 2152 afflictissima
1123 2123 1238 2159 esset,
1266 2119 1423 2163 denique
1447 2119 1654 2163 postulabat
1675 2125 1717 2152 ut

295 2162 440 2205 quidam
466 2163 673 2197 adolescens
701 2165 746 2197 ad
770 2177 892 2198 necem
920 2167 990 2198 sibi
1017 2165 1216 2198 dederetur.
1244 2176 1349 2209 quein
1376 2166 1442 2198 etsi
1469 2166 1560 2197 alius
1583 2165 1715 2209 aliquis

296 2209 404 2240 etiam
426 2221 499 2241 non
525 2211 662 2253 petenti
690 2211 925 2244 libentissime
943 2211 1151 2251 dedidisset,
1169 2216 1209 2243 ut
1226 2222 1345 2243 semen
1360 2211 1520 2256 iniquum
1541 2216 1577 2243 et
1591 2211 1714 2244 multis

295 2259 474 2286 auctorem
493 2256 668 2296 interitus,
686 2259 836 2301 pessima
856 2269 1019 2302 quaeque
1040 2263 1076 2290 et
1087 2268 1192 2289 manu
1212 2262 1247 2289 et
1263 2257 1411 2289 consilio
1426 2262 1547 2293 contra
1565 2257 1716 2300 patriam

294 2299 490 2332 machinari
514 2301 680 2342 solitum,
719 2303 782 2335 ille
807 2310 967 2347 apertum
1001 2304 1138 2348 patriae
1164 2310 1424 2346 persecutorem
1459 2308 1495 2335 et
1518 2303 1714 2347 spiritualis

293 2346 442 2379 nutricis
470 2347 639 2380 ecclesiae
661 2348 869 2381 violatorem
893 2356 928 2383 et
953 2349 1215 2388 insidiatorem,
1243 2349 1342 2380 cuius
1364 2349 1539 2381 violentos
1565 2354 1714 2382 conatus

295 2392 435 2436 saepius
461 2398 496 2424 et
520 2393 596 2436 ipse
625 2400 790 2436 expertus
815 2401 910 2434 erat,
942 2396 979 2427 iu
1011 2406 1131 2427 eorum
1168 2405 1314 2426 numero
1340 2393 1470 2427 habuit
1494 2405 1582 2439 quos
1608 2405 1715 2428 evan-

295 2438 406 2482 gelice
433 2438 615 2482 diligeret,
639 2441 873 2483 neglectoque
899 2442 1006 2473 Scuro
1032 2439 1425 2484 supplicein·defendit.
1451 2441 1515 2473 sed
1533 2452 1611 2473 cum
1637 2441 1716 2474 leo-

293 2495 378 2516 nem
402 2484 504 2516 illum
535 2485 754 2528 sapientibus
791 2486 888 2518 hisce
913 2487 1055 2518 monitis
1080 2486 1220 2529 placare
1243 2497 1315 2517 non
1340 2492 1462 2529 posset
1478 2512 1487 2527 ‚
1517 2487 1652 2531 aspidis
1677 2488 1716 2520 in

294 2541 428 2562 morem
452 2530 546 2563 ultro
571 2541 671 2563 aures
709 2531 933 2564 obturantem
960 2538 996 2564 et
1033 2531 1146 2563 omnis
1172 2531 1307 2574 generis
1332 2532 1403 2564 tela
1428 2533 1465 2565 in
1492 2544 1607 2565 arcem
1630 2543 1716 2565 con-

294 2576 495 2616 ficientem,
519 2582 618 2610 orato
643 2576 709 2609 deo
735 2582 775 2609 ut
800 2579 836 2610 in
860 2578 1035 2610 nefarium
1062 2577 1238 2609 hominem
1265 2583 1300 2609 et
1324 2579 1613 2612 subnascentium
1639 2589 1716 2611 ma-

292 2622 409 2654 lorum
443 2628 621 2655 auctorem
659 2623 795 2655 cladem
831 2635 969 2656 omnem
1005 2628 1246 2663 converteret,
1287 2624 1466 2657 machinas
1499 2630 1536 2658 et
1566 2626 1642 2669 ipse
1674 2625 1715 2658 in.

292 2668 479 2711 moenibus
503 2669 673 2713 disponit,
699 2669 904 2714 ibidemque
937 2669 1136 2714 sagittarios
1163 2675 1199 2701 et
1236 2669 1433 2703 funditores
1458 2671 1618 2703 collocat.
1634 2681 1715 2702 nam

294 2713 382 2757 quid
406 2714 469 2747 ille
498 2714 542 2747 ad
581 2715 839 2761 propulsandos
871 2715 990 2751 hostes
1028 2726 1100 2750 non
1125 2716 1319 2757 effecisset,
1357 2717 1410 2749 vir
1433 2717 1526 2750 omni
1553 2716 1714 2750 doctrina
