1878 3230
430 174 501 213 DE
539 171 857 213 ANDRomco
900 167 1162 212 coMNENo
1202 169 1297 207 Lm.
1339 170 1391 208 n.
1520 149 1625 214 461

209 273 282 313 καί
308 275 511 326 λαμπροῖς
548 269 722 325 η’γλάῖσε
750 268 915 321 κόσμοις
952 267 1025 308 καί
1050 263 1293 319 ἀναθήμασι
1323 269 1530 318 περιττοῖς
1548 262 1636 305 ’κα-

209 334 452 389 τεκὰλλυνε,
488 338 562 377 καί
595 337 639 376 ἐν
683 328 715 393 ᾧ
745 333 816 375 τὸν
857 335 934 375 τοῦ
961 334 1151 386 σώματος
1170 331 1273 384 χοῦν
1296 321 1636 384 α’ἷιοθησαυριὶῐαι

209 400 566 458 προεμηθεύσατο.
1091 438 1094 440 .

312 463 532 508 Ἐκλείπων
560 466 607 506 δὲ
637 459 688 518 ἦν
704 463 778 518 τήν
802 461 947 516 ψυχὴν
973 459 1118 509 εἰςτὰς
1140 462 1217 501 τοῦ
1243 458 1498 515 θεοκῆρυκος
1511 460 1638 501 Παύ-

174 535 286 578 5λου
326 529 572 581 ἐπιστολάς,
615 528 686 570 καὶ
725 530 911 580 συνεχῶς
948 528 1021 567 τοῦ
1049 527 1095 567 ἐκ
1132 524 1291 567 τούτων
1337 525 1640 575 ἀποστάζοντος

211 599 446 652 ἐνεφορεῖτο
470 598 644 646 μέλιτος,
673 596 743 634 καί
765 589 916 648 ἄριστα
949 592 1199 633 ἐπιστέλλων
1222 591 1268 632 ἐκ
1284 591 1355 644 τῆς
1383 590 1524 632 αὐτῶν
1554 605 1640 630 πει-

210 659 421 714 θανοίγκης
464 658 514 701 τά
553 659 682 699 οἰκεῖα
713 659 980 712 περιέβαλλεν
1015 653 1245 698 ἐπιστόλια.
1301 656 1446 708 α’μέλει
1475 670 1540 696 τοι
1570 654 1644 696 καὶ

211 722 393 780 ἀρχαίας
411 723 558 777 χειρὸς
585 722 721 764 εἰκόνα
748 724 825 763 τοῦ
849 721 1262 775 πνευματορρὴτορος
1280 723 1476 774 Ταρσέως
1501 718 1642 776 κόσμῳ

210 790 461 844 λαμπρύνας
489 790 560 846 Fufi
598 789 645 829 ἐκ
679 788 847 843 χρυσοῦ
879 786 1055 840 ἀνέθηκε
1097 787 1152 842 τῷ
1184 785 1352 839 ῥηθέντι
1378 787 1483 841 ναῷ·
1540 785 1565 838 ἦ
1594 786 1644 825 δὲ

151 857 283 910 ιοτῆς
305 855 571 910 Ἀνδρονίκου
589 854 879 908 καταστροφῆς
905 848 1144 906 ἐγγιζούσης
1175 853 1259 892 τῶν
1285 849 1519 906 ὀφθαλμῶν
1543 849 1645 891 εἷπε-

209 918 413 963 στάλαττε
450 918 645 974 δάκρυον.
706 919 828 960 τοῦτο
871 918 913 959 δ’
962 914 1148 971 α’κηκοαὶς
1179 911 1445 970 Ἀνδρόνικος
1484 918 1771 971 στέλλειΡΛη

208 983 306 1034 τούς
347 986 707 1039 α’κριβωσομένους
745 981 798 1024 τοὶ
826 985 899 1037 τῆς
929 980 1070 1035 ἀκοῆς.
1127 975 1180 1036 ἦν
1207 983 1255 1022 δὲ
1280 983 1380 1034 μεθ’
1404 977 1556 1035 ἑτέρων
1583 982 1645 1028 εἰς

209 1052 334 1093 τοῦτο
359 1050 563 1103 ε’πιλεγείς
605 1047 678 1090 καὶ
702 1048 725 1089 ὅ
753 1047 1196 1103 Ἅγιοχριστοφορίτης
1233 1047 1469 1101 Στέφανος,
1499 1043 1546 1094 ὃς
1571 1046 1648 1086 καὶ

212 1114 283 1158 διοὶ
302 1115 512 1168 βαθμίδος
542 1112 732 1155 ἀνελθών
775 1109 846 1167 (ἧν
871 1110 949 1167 γάρ
979 1112 1004 1166 ἢ
1033 1111 1154 1152 εἰκών
1179 1112 1403 1166 μετέωρος)
1430 1111 1647 1165 οἶπὲψησεν

152 1184 198 1224 ι5
212 1181 429 1237 ὑφάσματι
457 1177 648 1235 ἅκηράτῳ
674 1176 748 1226 τὰς
774 1179 852 1219 τοῦ
880 1175 1064 1218 Παύλου
1093 1172 1234 1230 κόρας,
1290 1175 1335 1216 αἱ
1364 1177 1410 1217 δὲ
1437 1173 1539 1217 nard
1567 1173 1645 1225 τᾶς

211 1247 504 1299 διασμωμένας
543 1241 698 1299 κρήνας
734 1241 796 1284 ἔτι
825 1246 964 1283 πλεῖον
998 1239 1044 1283 τὸ
1075 1238 1256 1295 δάκρυον
1297 1242 1517 1292 ἑξεκένουν.
1572 1243 1646 1282 καί

209 1309 438 1364 θαυμάσας
467 1307 492 1350 ὃ
518 1305 701 1363 ἑώρακεν
716 1307 966 1365 Ἀνδρονίκῳ
989 1303 1125 1348 ἀπιών
1154 1304 1390 1361 διηγήσατο.
1429 1305 1451 1347 ὅ
1480 1308 1527 1348 δὲ
1551 1308 1645 1361 μέγ’

209 1375 398 1430 ὀχθήσας
428 1375 501 1415 καί
524 1371 598 1428 την
627 1373 758 1428 κάραν
790 1372 911 1414 ἔνθεν
938 1373 1012 1413 καί
1034 1369 1155 1413 ἔνθεν
1182 1370 1463 1420 ταλάντευσας
1490 1373 1644 1424 ἐπέμυ-

209 1445 278 1495 ξε,
311 1440 384 1482 καί
421 1438 581 1495 εἴρηκεν
618 1440 683 1480 ἐπ’
718 1434 834 1494 αὐτῷ’
863 1434 947 1492 ἄρα
986 1433 1183 1491 δακρύειν
1212 1438 1387 1478 ἐοικέναι
1419 1435 1490 1478 τὸν
1517 1439 1646 1479 Παῦ-

148 1512 303 1560 2ολον,
327 1505 399 1547 καὶ
425 1504 551 1546 κακὸν
578 1504 692 1561 αὐτῷ
715 1503 925 1558 χείριστον
941 1503 1241 1557 προσημαίνειν
1254 1500 1302 1542 τὸ
1332 1498 1641 1556 οἷγγελλόμενον·

211 1577 348 1628 φιλεῖν
390 1569 469 1625 γάρ
510 1569 707 1622 ἐκθύμως
743 1567 815 1610 τὸν
841 1569 1017 1609 Παῦλον
1054 1569 1128 1608 καί
1162 1569 1243 1608 τῶν
1293 1563 1425 1609 αὐτοῦ
1453 1565 1647 1622 ῥημάτων

209 1633 347 1694 ἄκρως
371 1637 612 1690 ἐξέχεσθαι,
640 1633 714 1675 καί
749 1634 1062 1689 ἀντιφιλεῖσθαι
1097 1630 1307 1688 δήπουθεν
1341 1631 1420 1674 ὑπὸ
1451 1634 1645 1680 Παύλου,

303 1747 337 1769 2.
361 1734 686 1781 α’ποθησαυρίσαι]
712 1732 931 1768 ἀποθέσθαι
955 1735 994 1766 A.
1144 1734 1178 1767 6.
1217 1734 1281 1766 καὶ
1315 1732 1467 1781 ἄριστα]
1509 1737 1574 1776 καὶ
1610 1737 1646 1768 εἰ

302 1784 457 1830 ἐμελέτα
487 1781 636 1827 γράψαι
674 1783 738 1813 καὶ
764 1780 860 1824 πρός
898 1790 1004 1816 τινας
1031 1778 1223 1823 α’νιὶγκαια
1246 1779 1544 1826 προστάγματα,
1566 1777 1643 1815 οἷπό

301 1831 379 1864 τῶν
403 1828 470 1862 τοῦ
493 1827 663 1874 μεγάλου
687 1827 829 1860 παύλου
844 1827 1052 1860 ἐπιστολῶν
1078 1823 1144 1862 τὰς
1176 1823 1297 1870 α’ρχιὶς
1320 1826 1438 1860 ἐτίθει
1470 1828 1508 1862 Β.
1576 1828 1646 1862 αὖ.

302 1875 390 1922 τῶν]
417 1874 558 1908 τούτων
585 1874 626 1908 A.
720 1875 772 1908 13.
798 1874 862 1906 καὶ
885 1869 965 1920 διὰ]
990 1873 1054 1906 καὶ
1089 1870 1230 1908 σκάλαν
1257 1874 1339 1910 θεὶς
1362 1873 1398 1905 Β.
1532 1876 1583 1910 18.
1611 1886 1643 1908 κ.

305 1923 441 1960 ἱκαναῖς
463 1933 492 1955 τ.
514 1920 733 1959 ἐπεστέναξε
755 1920 794 1952 A.

214 2022 386 2069 putabat,
414 2033 489 2055 non
523 2021 651 2054 annuit
674 2024 715 2053 ut
745 2018 786 2052 id
819 2019 1001 2053 sublatum
1041 2019 1254 2064 sepeliretur
1291 2019 1411 2052 autin
1435 2019 1646 2054 Sanctorum

214 2069 453 2114 quadraginta
479 2067 604 2101 aedem
628 2066 891 2108 transferretur,
917 2077 1023 2112 quam
1044 2066 1269 2100 Andronicus
1299 2077 1341 2099 ea
1369 2065 1414 2099 de
1439 2078 1545 2100 causa
1569 2073 1647 2101 stu-

215 2117 316 2150 diose
341 2114 553 2148 condiderat
576 2119 613 2147 et
647 2118 845 2146 exornarat.

308 2162 407 2196 Pauli
432 2161 546 2194 divini
579 2160 765 2205 praeconis
799 2158 970 2204 epistolas
995 2168 1100 2202 supra
1124 2159 1269 2192 modum
1296 2159 1449 2199 amavit,
1476 2165 1513 2193 et
1537 2160 1645 2193 melle
1665 2162 1670 2166 ’

215 2209 302 2243 inde
324 2213 558 2254 promanante
581 2206 736 2240 subinde
764 2211 819 2238 est
846 2205 1012 2244 refectus,
1038 2210 1075 2237 et
1096 2205 1234 2238 litteras
1259 2217 1339 2238 suas
1364 2206 1646 2249 elegantissimas

215 2256 302 2289 inde
327 2255 373 2288 ad
395 2253 684 2300 persuadendum
707 2252 880 2286 efficacius
903 2251 1083 2284 instruxit.
1106 2251 1222 2296 imago
1245 2263 1329 2285 vero
1354 2253 1518 2285 caelestis
1546 2254 1646 2286 illius

217 2302 392 2342 oratoris,
416 2301 586 2346 antiquae
611 2311 736 2332 manus
772 2310 883 2343 opus,
907 2308 1015 2342 quam
1052 2309 1138 2331 auro
1174 2304 1378 2331 exornatam
1405 2299 1443 2332 in
1468 2300 1531 2331 illa
1557 2300 1647 2332 aede

218 2349 390 2393 reposuit,
415 2348 626 2380 imminente
651 2347 685 2379 ei
711 2346 822 2378 exitio
846 2344 1055 2378 lacrimavit.
1081 2355 1153 2389 quo
1177 2346 1206 2378 is
1234 2345 1358 2378 audito
1385 2346 1563 2390 explorari
1590 2348 1647 2379 iu-

218 2395 283 2428 bet
306 2407 351 2428 an
374 2405 496 2427 verum
533 2394 590 2427 sit.
627 2392 672 2425 ad
697 2392 736 2425 id
770 2391 1008 2424 ministerium
1030 2396 1174 2435 praeter
1198 2398 1356 2425 caeteros
1379 2392 1648 2436 Hagiochristo-

218 2440 362 2485 phorita
386 2440 588 2485 Stephanus
605 2438 765 2472 delectus
787 2445 852 2483 per
873 2437 1001 2481 gradus
1017 2437 1180 2471 ascendit
1202 2441 1298 2481 (nam
1323 2439 1361 2471 in
1385 2438 1531 2471 sublimi
1558 2451 1648 2483 pen—

221 2486 330 2520 debat
369 2487 522 2533 imago),
558 2486 729 2531 Paulique
768 2485 925 2530 pupillas
962 2484 1153 2528 purissimo
1178 2485 1331 2518 linteolo
1358 2485 1546 2525 abstersit3
1573 2497 1645 2530 quo

221 2533 316 2566 facto
343 2533 511 2566 lacrimae
526 2533 636 2576 magis
653 2533 770 2564 'etiam
794 2537 967 2575 tanquam
991 2541 1036 2563 ex
1060 2531 1161 2564 fonte
1178 2531 1428 2564 exuberarunt.
1458 2530 1556 2575 quod
1582 2533 1647 2564 ubi

221 2590 301 2611 cum
325 2579 559 2612 admiratione
603 2579 749 2619 retulit,
783 2577 1007 2610 Andronicus
1042 2578 1139 2621 gravi
1163 2577 1288 2610 dolore
1311 2579 1494 2622 perculsus
1519 2581 1554 2608 et
1585 2577 1648 2610 diu

223 2625 356 2669 agitato
383 2626 499 2669 capite
522 2636 601 2658 cum
625 2625 759 2669 gemitu
785 2624 878 2656 dixit
900 2624 1047 2656 Paulum
1074 2624 1190 2656 videri
1217 2635 1279 2656 sua
1303 2635 1407 2656 causa
1435 2623 1648 2665 lacrimasse,

225 2683 266 2704 ae
290 2671 527 2715 gravissimam
551 2671 620 2704 sibi
638 2671 776 2703 cladem
799 2669 1019 2714 impendere.
1040 2680 1077 2702 se
1093 2671 1190 2703 enim
1217 2681 1259 2702 ex
1277 2671 1395 2703 animo
1418 2679 1535 2701 amare
1558 2670 1649 2704 Pau-

225 2718 300 2752 lum
325 2722 362 2751 et
385 2717 462 2751 eius
489 2716 584 2751 dicta
605 2717 752 2751 maximi
777 2717 914 2757 facere,
939 2721 977 2750 et
999 2727 1020 2749 a
1043 2717 1154 2750 Paulo
1178 2716 1305 2761 utique
1334 2715 1518 2748 redamari.
