1878 3230
465 195 686 237 ALExms
727 195 994 239 Mmmzms
1033 196 1272 240 commm
1313 199 1357 239 r.
1519 178 1624 246 341

203 298 275 338 καὶ
298 294 397 345 τούς
438 297 511 349 τῆς
555 297 792 349 συγγενείας
829 296 981 347 νόμους
1010 296 1220 351 ἦγνοηκός.
1275 296 1348 338 καὶ
1374 294 1634 350 Ἀνδρόνικος
1647 307 1685 342 v.
1705 311 1767 354 ¹39

199 362 278 412 μὲν
305 362 488 411 ὁπλίζειν
514 359 615 415 ἔγνω
644 359 744 402 κατὰ
772 363 846 402 τοῦ
874 360 1070 416 Βατάτζη
1103 361 1177 404 τόν
1204 363 1440 418 Λαπαρδᾶν
1463 360 1634 417 Ἀνδρό-

200 441 335 479 νικον,
366 422 501 480 ἄνδρα
526 424 691 481 βραχὺν
720 428 799 478 μὲν
823 426 868 467 τό
904 428 1047 479 δέμας,
1079 427 1328 482 δραστήριον
1356 429 1403 470 δὲ
1428 425 1482 469 wi
1514 429 1633 468 πολέ-

199 507 303 543 μια,
331 490 409 533 οὔκ
436 489 572 545 ὀλίγον
599 492 712 548 αὐτῷ
737 489 1066 545 στρατολογήσας
1095 491 1328 534 ὁπλιτικόν·
1394 491 1415 534 ὅ
1454 493 1503 534 δὲ
1543 494 1634 534 Κο-

163 560 189 600 5
199 555 360 611 μνηνὸς
390 555 580 610 Ἰωάννης
617 554 724 612 νόσῳ
767 555 856 598 τότε
883 558 1185 611 συνισχημὲνος
1217 556 1292 599 καί
1317 558 1423 614 περί
1442 573 1524 599 που
1561 556 1636 613 τὴν

199 623 503 677 Φιλαδελφέων
530 621 651 662 πόλιν
677 622 949 675 ἐσκηνημένος
976 622 1188 676 α’ντεξάγει
1214 623 1273 679 τῷ
1293 624 1510 679 Λαπαρδᾷ
1537 621 1637 673 τούς

197 685 330 739 υἱεῖς,
370 685 440 728 τόν
478 700 522 727 τε
555 684 766 740 Μανουὴλ
805 687 879 727 καί
909 685 983 728 τὸν
1013 686 1211 737 Ἀλέξων.
1270 690 1348 729 τοῦ
1378 689 1424 730 δὲ
1450 689 1635 740 πολέμου

198 749 359 804 συχνὰς
397 752 699 804 μεταλαβόντος
738 750 895 805 τροπὰς
937 749 1082 801 ὁποίας
1110 751 1242 803 αὐτὸς
1270 751 1409 807 ἴσησι,
1437 754 1510 795 καί
1534 756 1636 794 πολ-

197 817 282 858 λῶν
309 816 610 871 ἑξεκατέρωθεν
638 816 950 871 ἀναιρουμένων
977 822 1070 866 ταῖς
1099 818 1322 874 ἐμφυλίοις
1352 822 1634 870 συμπλοκαῖς,

141 880 467 937 ιοβαρυπενθὴς
499 875 551 936 ἦν
589 882 611 923 ὁ
641 882 860 936 Βατάτζης
886 884 936 939 τῇ
967 884 1207 941 ἑνσκηψάσῃ
1256 885 1427 940 καχεξίᾳ
1465 885 1634 938 ἐπιστυ-

195 945 357 1001 γνὰζων
385 943 728 1003 ὦςοῖμφοτέραις
743 944 871 989 αὖτὸν
887 946 1102 1004 συσχοόσῃ
1131 951 1203 990 καί
1217 946 1509 1004 καταβαλοόσῃ
1533 950 1634 990 δυσ-

195 1013 333 1066 τυχῶς
374 1009 446 1054 ἐπὶ
474 1014 633 1067 κλίνης,
664 1010 730 1054 ὅτε
766 1013 1031 1067 δημοσιεύειν
1056 1011 1143 1055 ἔδει
1162 1013 1236 1056 καί
1257 1017 1462 1070 παριοτᾶν
1495 1011 1520 1054 ὃ
1538 1015 1635 1069 τρέ-

195 1093 271 1133 φει
302 1080 400 1132 περὶ
424 1077 476 1119 τὰ
507 1077 706 1130 πολεμικοὶ
734 1084 929 1132 γενναῖον,
952 1078 1022 1120 καί
1050 1078 1124 1128 τὰς
1141 1079 1213 1121 ἐπὶ
1228 1081 1319 1135 νίκῃ
1339 1081 1634 1132 νενομισμένας
1646 1091 1679 1126 Ρ.
1696 1103 1757 1138 ¹70

198 1142 344 1197 φωνὰς
363 1142 467 1199 πρὸς
484 1145 567 1185 τῶν
584 1140 698 1200 ἑῴων
716 1141 872 1184 πόλεων
886 1145 1103 1197 δέχεσθαι,
1127 1142 1190 1186 ἔτι
1209 1146 1258 1185 δὲ
1273 1145 1528 1186 πιστοῦσθαι
1547 1149 1636 1194 τοῖς

139 1206 332 1263 ι5ἔργοις
358 1207 461 1264 πρὸς
498 1204 586 1251 οἷον
626 1207 895 1264 α’ντιφέρεται
923 1207 1105 1264 α’ρχηγὸν
1133 1209 1155 1249 ὁ
1183 1211 1428 1265 βαρυγέρων
1459 1208 1634 1264 Ἀνδρό-

195 1288 319 1322 νικος.
350 1272 568 1330 πράγμασι
600 1275 648 1316 δὲ
675 1273 1007 1323 καθυποδεικνύς
1035 1274 1091 1323 ὥς
1117 1276 1336 1329 προθυμία
1365 1275 1438 1316 καί
1462 1275 1633 1330 νεκροὺς

194 1339 387 1393 α’νίστησι
414 1340 488 1381 καί
513 1338 571 1388 ὥς
599 1339 735 1393 ,οὐδὲν
762 1339 937 1394 καρδίας
964 1341 1213 1395 αἰσθητικῆς
1242 1338 1513 1395 ἰσχυρότερον
1522 1372 1535 1393 ,
1564 1339 1633 1382 αἴ-

194 1420 282 1460 ρειν
308 1403 440 1447 αὐτὸν
475 1404 547 1448 ἐπὶ
587 1407 786 1447 κλινιδίου
817 1401 1071 1448 aizoum-2501,
1101 1407 1400 1461 προτρέπεται,
1434 1407 1507 1448 καί
1531 1408 1631 1461 στῆ-

196 1486 271 1513 σαι
309 1471 513 1526 φέροντας
554 1472 602 1513 ἐν
628 1471 817 1528 γηλόφῳ,
855 1467 957 1513 ὅθεν
996 1469 1125 1527 ὁρατά
1167 1470 1205 1513 οἱ
1231 1471 1284 1513 τὰ
1313 1470 1420 1513 κατὰ
1450 1473 1631 1524 πόλεμον

133 1555 184 1582 20
196 1534 340 1578 ἔσοιτο.
383 1530 435 1577 οὗ
466 1534 518 1590 δὴ
547 1534 774 1590 γεγονότος,
812 1539 888 1578 καί
915 1535 1014 1586 τούς
1038 1536 1143 1586 υἱεῖς
1172 1533 1308 1579 adro&
1331 1536 1408 1593 τὴν
1430 1536 1629 1591 στρατιάν

194 1596 301 1643 κατὰ
334 1600 406 1644 τὸν
442 1602 637 1643 δοκοῦντά
683 1601 723 1643 οἱ
758 1602 909 1656 τρόπον
948 1599 1115 1653 ἐκτάξαι
1155 1601 1443 1654 κελεύσαντος,
1482 1602 1508 1656 ἦ
1536 1604 1628 1656 νίκη

195 1669 436 1722 περιφανῶς
475 1666 579 1721 πρὸς
619 1666 663 1709 τὸ
708 1669 864 1708 ἐκείνου
904 1669 1055 1722 μετέβη
1093 1665 1356 1722 στράτευμα,
1395 1666 1440 1708 τὸ
1480 1668 1528 1708 δὲ
1554 1669 1629 1708 τοῦ

196 1733 414 1788 Λαπαρδᾶ
441 1731 492 1775 τὰ
521 1735 629 1774 νῶτα
656 1731 895 1785 μεταβαλὸν
917 1733 988 1774 ἐπὶ
1011 1737 1200 1775 πλεῖστον
1226 1728 1277 1787 ἧν
1300 1732 1452 1787 χρόνον
1479 1730 1627 1772 διωκό-

289 1865 320 1887 2.
351 1854 578 1900 λαμπαρδᾶν
601 1855 639 1888 Α.
825 1857 856 1888 3.
876 1849 1036 1902 βραχῦν]
1071 1854 1137 1897 τὴν
1160 1856 1233 1901 μὲν
1255 1854 1405 1897 ἡλικίαν
1429 1852 1565 1888 κοντὸν
1589 1854 1625 1885 Β.

285 1903 318 1935 8.
344 1901 614 1948 μεταβαλόντος
639 1901 679 1934 Α.
772 1913 804 1946 9.
829 1903 867 1941 ἐξ
891 1901 1078 1945 ἑκατέρων
1102 1903 1143 1937 Α.
1244 1904 1292 1936 ¹3.
1321 1894 1412 1937 τοὺς
1434 1901 1624 1946 πολέμους

290 1949 329 1981 A.
426 1951 476 1983 15-
500 1949 719 1992 βαρυγέρων
742 1948 789 1979 A:
815 1948 918 1992 vulgo
944 1949 1173 1994 βαθυγέρων.
1295 1959 1349 1990 ¹7·
1369 1946 1505 1993 αἴρειν]
1530 1945 1624 1992 μετὰ

286 1995 357 2028 τοῦ
383 1993 591 2039 κραββοέτου
617 1997 785 2036 σηκῶοαι
807 1992 925 2028 αὐτὸν
950 1995 985 2026 Β.
1093 2006 1148 2029 21.
1171 1991 1213 2028 τό
1243 1992 1382 2029 δοκοῦν
1406 1995 1537 2038 ἐκείνῳ
1565 1993 1626 2028 ἐκ·

286 2040 396 2080 τάξαι
419 2041 457 2074 Α.
576 2050 631 2072 22.
654 2038 801 2087 μετέβη]
827 2040 953 2085 ἔβλεψε
977 2041 1018 2074 Δ.

195 2153 292 2176 more
318 2142 383 2174 alii
407 2142 445 2174 in
469 2141 557 2174 alios
583 2140 843 2185 grassabantur.
869 2153 909 2174 ac
935 2142 1160 2175 Andronicus
1186 2143 1224 2174 in
1249 2143 1368 2175 animo
1402 2140 1532 2173 habuit
1553 2141 1626 2174 An-

196 2189 383 2222 dronicum
406 2188 603 2233 Lapat-dam
631 2188 736 2220 iustis
765 2189 876 2232 copiis
902 2188 994 2221 datis
1020 2200 1100 2221 cum
1124 2190 1267 2221 Batatze
1295 2188 1539 2227 committere,
1573 2188 1627 2220 vi-

196 2247 273 2268 rum
297 2247 442 2280 parvum
466 2235 569 2267 illum
595 2234 741 2279 quidem
768 2235 830 2267 sed
855 2235 1078 2269 bellicosum.
1104 2242 1141 2268 at
1164 2236 1316 2268 loannes
1341 2234 1543 2266 Comnenus
1561 2243 1626 2277 op-

194 2293 337 2326 pressus
361 2281 505 2321 morbo,
534 2281 627 2314 circa
658 2280 944 2325 Philadelphiam
973 2287 1262 2321 castrametatus,
1298 2281 1391 2313 filios
1422 2280 1626 2313 Manuelem

196 2334 235 2361 et
255 2328 420 2361 Alexium
446 2333 568 2360 contra
595 2328 792 2371 Lapardam
816 2329 938 2361 mittit.
963 2338 1043 2360 cum
1066 2334 1185 2360 autem
1210 2328 1307 2360 vario
1336 2332 1465 2360 eventu
1490 2337 1626 2371 pugna-

197 2379 296 2407 retur
322 2380 360 2407 et
385 2374 489 2407 multi
515 2374 685 2418 utrinque
719 2374 885 2407 civilibus
919 2375 1024 2407 armis
1057 2374 1248 2414 caderent,
1288 2374 1328 2406 in
1366 2383 1493 2417 magno
1525 2373 1627 2405 luctu

197 2426 276 2453 erat
301 2422 478 2460 Batatzes,
507 2431 547 2452 ac
570 2421 730 2454 fortunas
756 2432 836 2453 suas
859 2421 1117 2461 miserabatur,
1145 2420 1243 2466 quod
1266 2425 1342 2453 tum
1367 2419 1565 2452 infeliciter
1588 2419 1628 2451 in

197 2465 291 2499 lecto
316 2466 568 2507 decumberet,
594 2478 673 2499 cum
700 2467 738 2499 in
761 2467 908 2511 publico
933 2473 971 2500 et
997 2468 1034 2499 in
1067 2468 1144 2500 acie
1178 2466 1392 2500 versandum
1424 2471 1461 2499 et
1493 2465 1628 2498 bellica

196 2512 308 2545 virtus
333 2513 547 2546 declaranda
571 2524 611 2545 ac
634 2513 874 2546 Orientalium
900 2515 1041 2547 urbium
1068 2524 1172 2547 voces
1198 2513 1244 2545 ob
1268 2513 1452 2546 victoriam
1477 2511 1629 2544 audien-

198 2557 266 2590 dae
292 2565 431 2599 essent,
458 2566 499 2592 ut
523 2570 559 2592 re
587 2560 664 2604 ipsa
692 2560 913 2603 intelligeret
937 2572 1046 2593 senex
1067 2560 1303 2599 Andronicus,
1331 2570 1410 2592 cum
1434 2557 1534 2602 quali
1558 2556 1630 2588 sibi

197 2603 399 2637 adversario
417 2617 470 2638 res
488 2611 589 2639 esset.
616 2606 677 2639 sed
693 2607 781 2650 quid
805 2618 877 2639 non
897 2607 982 2639 facit
999 2607 1164 2639 alacritas
1194 2612 1229 2639 et
1254 2607 1392 2638 animus
1417 2606 1454 2637 iu
1480 2615 1515 2636 re
1534 2602 1629 2635 mala

196 2650 342 2684 bonus?
368 2651 470 2684 iubet
491 2664 527 2684 se
548 2653 584 2685 in
610 2653 798 2692 tumulum,
827 2653 921 2685 unde
947 2664 1067 2698 pugna
1092 2653 1249 2696 conspici
1270 2657 1402 2696 posset,
1428 2652 1465 2683 in
1491 2648 1625 2681 lectulo

199 2696 352 2737 deferri,
383 2703 419 2729 et
444 2697 526 2730 filiis
555 2705 594 2730 ut
617 2699 826 2732 instruenda
853 2700 899 2732 sit
924 2701 1018 2732 acies
1034 2700 1219 2744 praecipit.
1249 2700 1299 2731 sic
1322 2698 1469 2730 victoria
1494 2695 1626 2726 illustri

197 2744 336 2788 potitur
368 2745 442 2777 eius
480 2745 673 2785 exercitus,
709 2750 744 2782 et
769 2745 997 2791 Lapurdanos
1026 2746 1130 2790 longe
1168 2745 1393 2790 persequitur
1426 2754 1465 2775 ac
1498 2741 1623 2774 caedit.
