1878 3230
309 135 418 204 544
759 152 988 203 ΝιοετΑΕ
1040 151 1351 195 Gnosium

305 256 378 296 ἐπὶ
404 256 498 308 γόνυ
525 249 682 299 κλιθεὶς
711 249 732 290 ὁ
762 251 885 298 ἵππος
912 248 973 291 ἔτι
1010 249 1082 291 τὸν
1114 247 1324 305 α’ναβάτην
1358 253 1616 307 ἐρειδόμενον
1656 251 1744 310 εἶχε

304 322 356 376 τῇ
382 317 618 374 ἑφεστρίδι,
650 315 836 364 ἐκτείνας
882 315 905 356 0‘
935 313 1168 367 Ἀλαμανός
1196 312 1265 356 τόν
1298 315 1503 370 βραχίονα
1540 320 1639 363 κατὰ
1665 323 1743 374 μὲι

306 400 380 437 σης
404 386 478 436 τῆς
502 382 578 423 τοῦ
608 382 785 436 Πέρσου
813 383 962 436 κόρσης
1001 378 1075 435 τήν
1110 380 1277 435 σπάθην
1313 380 1572 437 κατήνεγκεν.
1642 386 1668 440 ἧ
1697 388 1748 429 δὲ

305 450 355 504 τῇ
384 447 511 503 οἰκεία
538 461 579 488 τε
600 447 821 503 α’ντιτυπία
849 449 922 488 καί
947 446 996 502 τῇ
1021 446 1096 487 τοῦ
1127 447 1323 501 φέροντος
1339 447 1596 504 γενναιότητι
1617 447 1746 500 οὕτως

306 510 645 564 εἶξιοθαύμαστον
674 509 896 565 εἰργάσατο
927 509 1001 566 την
1037 509 1170 565 τομὴν
1211 510 1267 560 ὥς
1312 511 1385 554 τὸν
1429 514 1508 566 μὲν
1546 516 1782 570 πληγένταό

307 579 573 632 διαιρεθῆναι
601 579 702 633 διχῇ
712 610 722 632 2
753 578 887 626 κακῶς
914 578 960 617 δὲ
989 576 1061 617 καί
1086 574 1158 617 τὸν
1182 575 1306 617 ἵππον
1337 578 1379 627 ές
1406 577 1475 620 τ’ὸν
1504 582 1637 622 νῶτον
1662 598 1744 624 παι-

303 647 398 684 θεῖν
422 643 670 691 διαπτὰντος
696 641 772 697 την
801 640 1013 696 ἀστράβην
1032 642 1108 683 τοῦ
1122 642 1370 696 πλήγματος,
1389 641 1487 693 τούς
1502 645 1548 686 δὲ
1573 645 1745 695 λοιπούς

304 711 478 764 Πέρσας
504 707 609 764 πρὸς
635 707 713 762 τὴν
741 708 940 762 τοιαύτην
967 710 1073 749 θέαν
1100 710 1432 761 καταπλαγέντας
1460 712 1609 764 μηκέτι
1637 711 1741 752 ἀποε-

303 777 520 830 θαρρῆσαι
548 772 616 817 τόν
641 775 739 827 μεθ’
783 770 871 822 ἑνὸς
899 771 1092 825 πόλεμον.
1149 775 1220 814 καί
1247 772 1287 814 οἱ
1315 776 1393 826 μὲν
1434 771 1592 829 οὕτως,
1629 775 1653 817 ὅ
1698 778 1746 818 δὲ

305 838 361 889 ὥς
391 843 494 882 λέων
519 838 733 888 πεποιθώς
760 840 814 896 τῇ
840 838 969 896 οἰκείᾳ
998 838 1118 896 ῥώμῃ
1140 840 1215 879 οὔκ
1242 840 1422 881 ἐπέτεινε
1448 839 1527 895 την
1558 845 1744 897 πορείαν,
1761 860 1809 886 ιο

303 905 409 947 ἀλλά
442 903 596 960 βάδην
623 905 781 946 ὁδεύων
818 905 916 959 περὶ
951 902 1080 957 ὄψιάν
1119 909 1206 952 τοῖς
1247 901 1459 958 ὄμογενέσι
1495 909 1742 961 προσέμιξεν

302 969 406 1013 ἔνθα
435 971 670 1026 ηὐλίσαντο.
728 971 836 1025 φασί
862 970 902 1010 δ’
926 969 983 1017 ὥς
1015 968 1053 1010 οἱ
1090 970 1134 1020 ἐξ
1159 968 1338 1024 Ἰσμαὴλ
1376 969 1641 1026 ὑφορώμενοι
1680 972 1741 1027 μή

302 1053 389 1086 πως
416 1038 475 1084 εἰς
501 1034 579 1090 την
606 1031 745 1077 αύτῶν
771 1034 918 1089 χώραν
945 1031 1008 1089 εἴη
1035 1035 1236 1089 χρονίσας
1265 1033 1288 1074 ὃ
1319 1031 1392 1090 ῥηξ
1420 1035 1478 1084 ὥς
1505 1031 1586 1092 ἤδη
1617 1053 1743 1079 κατα-

303 1101 512 1151 παλαίσας
536 1101 674 1156 σφᾶς,
704 1100 1017 1156 φιλοφροσύνην
1053 1101 1096 1148 ἐς
1125 1095 1255 1141 αὐτὸν
1288 1101 1572 1157 προσποιητὴν
1610 1104 1743 1145 ἐνόει-

174 1176 209 1211 Ρ.
223 1177 290 1210 266
303 1165 470 1220 ’ξάμειόι
502 1164 646 1216 ἔδοξάν
676 1182 763 1215 πως
802 1163 929 1207 αὐτόν
972 1166 1291 1218 έκμειλίξασθαι
1316 1162 1440 1207 οὕτω·
1467 1165 1541 1209 τὸν
1566 1169 1613 1209 δὲ
1639 1164 1744 1224 ὅμη-
1761 1170 1807 1212 ι5

302 1249 356 1286 ρα
382 1234 463 1273 τῶν
490 1232 597 1285 μέγα
625 1234 724 1286 παρ’
752 1231 895 1279 αὐτοῖς
925 1231 1167 1283 δυναμένων
1202 1230 1300 1280 τούς
1326 1234 1482 1281 παῖδας
1523 1231 1745 1286 δεξάμενον

300 1296 374 1338 καί
400 1295 602 1351 ἡγεμόνας
631 1296 734 1337 ὁδοῦ
760 1294 1095 1350 προσλαβόμενον
1123 1297 1342 1344 πλείστους
1370 1296 1421 1338 τά
1464 1296 1607 1339 αὐτῶν
1644 1294 1742 1353 ὅρια

303 1359 434 1410 οὕτως
462 1361 739 1416 ὑπερβαλεῖν,
769 1359 891 1418 ὀλίγῳ
922 1363 967 1401 δὲ
996 1358 1174 1415 ὕστερον
1212 1363 1286 1415 τῆς
1310 1361 1533 1415 ἶΑρμενίας
1571 1362 1743 1417 ἁψάμε-

302 1444 371 1469 νον
394 1429 447 1468 ου’
474 1431 648 1481 βραχεῖς
675 1428 719 1468 ἐκ
749 1424 908 1468 τούτων
939 1427 1085 1468 δοῦναι
1115 1427 1170 1482 τῷ
1199 1428 1308 1482 ξίφει
1325 1458 1338 1479 ,
1367 1425 1465 1476 τούς
1490 1429 1538 1470 δὲ
1569 1428 1742 1478 λοιπούς

302 1493 553 1545 ἀποπέμψαι
581 1491 731 1538 ὀπίσω.
1751 1511 1804 1539 20

410 1561 453 1599 8.
512 1557 754 1610 Φιλοτίμως
783 1559 829 1599 δὲ
858 1557 938 1598 ὖπὸ
973 1557 1054 1599 ταῖν
1083 1551 1326 1612 Ἀρμενίων
1346 1559 1644 1613 προσδεχθείς,
1671 1560 1744 1603 καὶ

301 1621 461 1676 συχνάς
489 1624 620 1665 suetos
646 1621 806 1678 ἡμέρας
835 1624 1182 1678 προσδιατρίψας,
1212 1626 1256 1672 ἐς
1282 1623 1358 1677 την
1379 1620 1598 1678 Ἀντιόχου
1620 1625 1741 1668 πόλιν

299 1684 468 1743 ὥρμητο
496 1693 780 1743 μεταχωρεῖν,
807 1690 914 1742 μέγα
944 1687 1014 1729 αἐἰ
1039 1687 1384 1742 περιβαλλόμενος
1414 1682 1543 1742 ὄνομα
1586 1691 1661 1732 ἐπί
1693 1706 1740 1732 τε

298 1757 463 1796 συνέσει
491 1755 564 1795 καί
589 1756 648 1811 τῷ
690 1750 1005 1810 ἆκαταμαχήτῳ
1034 1752 1319 1810 στρατεύματι
1351 1755 1434 1807 ,καί
1467 1757 1599 1810 μηδὲν
1631 1754 1739 1810 ἔχων

390 1867 420 1899 3.
445 1866 654 1910 καταφέρει
677 1864 744 1907 τὴν
769 1864 923 1906 σπάθην
946 1865 984 1897 A.
1085 1867 1134 1909 ¹4·
1158 1863 1208 1912 ἐς]
1234 1857 1332 1910 πρός
1354 1866 1391 1899 Λ.
1494 1864 1736 1906 ἐνδείξασθαι

389 1910 606 2002 ιὲἵίὶγοὸζιοὲξοὲ·
627 1912 665 1944 A.
810 1923 859 1955 ¹7·
888 1910 1025 1957 αὐτῶν]
1052 1911 1205 1947 ἐκείνων
1232 1912 1270 1944 A.
1416 1923 1466 1958 ¹9-
1491 1912 1537 1947 οὐ
1566 1913 1731 1960 βραχεῖς]

301 2075 406 2109 quam
437 2065 582 2096 foenum
615 2069 828 2109 amputasse.
864 2064 926 2108 qui
954 2074 1033 2095 cum
1070 2065 1107 2096 in
1132 2075 1247 2108 genua
1283 2065 1470 2109 prolapsus
1498 2064 1732 2099 nihilominus

299 2121 473 2143 sessorem
497 2111 535 2143 in
560 2111 648 2143 sella
677 2111 894 2151 sustineret,
919 2120 1038 2142 ensem
1064 2111 1102 2143 in
1126 2110 1283 2143 medium
1307 2111 1433 2144 Persae
1459 2116 1567 2154 caput
1589 2111 1639 2144 ita
1664 2112 1732 2144 im-

298 2157 454 2201 pegisse,
479 2162 520 2189 ut
547 2158 669 2201 equite
704 2157 743 2190 in
779 2157 866 2189 duas
902 2162 1020 2200 partes
1058 2157 1211 2190 dissecto
1246 2157 1353 2189 etiam
1384 2157 1535 2189 iumenti
1572 2161 1731 2201 tergum,

299 2203 387 2235 sella
414 2213 559 2246 quoque
583 2202 758 2243 dissecta,
791 2203 1006 2236 vulneraret.
1033 2212 1148 2247 eoque
1176 2203 1380 2247 spectaculo
1405 2204 1524 2235 Persas
1556 2204 1730 2238 attonitos

296 2260 370 2282 non
397 2249 549 2292 amplius
577 2259 653 2281 esse
687 2259 792 2281 ausos
815 2260 925 2281 unum
953 2259 1034 2281 eum
1074 2250 1271 2289 lacessere,
1307 2249 1369 2294 qui
1402 2248 1493 2280 nihil
1532 2250 1730 2284 accelerato

296 2296 427 2328 itinere
453 2294 675 2339 pedetentim
700 2296 840 2339 vesperi
866 2295 902 2326 in
928 2300 1041 2327 castra
1069 2306 1211 2328 suorum
1234 2295 1448 2339 pervenerit.
1474 2295 1576 2329 aiunt
1598 2297 1731 2330 Ismae-

296 2342 400 2382 litas,
423 2341 555 2373 veritos
582 2352 627 2373 ne
654 2352 714 2374 rex
739 2342 777 2374 in
803 2340 941 2373 ditione
965 2341 1123 2384 ipsorum
1141 2366 1150 2381 ,
1182 2346 1223 2373 ut
1246 2352 1335 2385 quos
1365 2340 1577 2382 devicisset,
1613 2355 1730 2376 mora-

296 2393 417 2428 retur,
444 2387 673 2420 simulatione
699 2387 933 2431 benignitatis
963 2397 1044 2419 eum
1072 2388 1141 2420 sibi
1172 2387 1314 2432 placare
1338 2387 1503 2420 voluisse.
1542 2398 1623 2421 eum
1644 2400 1729 2423 vero

295 2445 482 2480 procerum
508 2433 592 2466 filiis
627 2433 814 2466 obsidibus
853 2433 1008 2476 acceptis
1035 2439 1071 2466 et
1097 2434 1260 2477 plurimis
1286 2434 1455 2466 itinerum
1485 2434 1637 2468 ducibus
1673 2447 1730 2468 as-

297 2480 467 2525 sumptis,
495 2479 546 2512 ita
571 2479 659 2512 fines
687 2490 808 2512 eorum
842 2490 1036 2523 superasse.
1064 2480 1173 2524 paulo
1197 2490 1280 2511 vero
1305 2485 1409 2524 post,
1439 2491 1517 2512 cum
1541 2481 1729 2515 Armeniae
1783 2491 1815 2506 '¹-

297 2528 385 2559 fines
401 2526 598 2570 attigisset,
628 2536 701 2559 non
724 2536 856 2571 paucos
886 2536 928 2558 ex
962 2525 1006 2557 iis
1033 2525 1287 2567 obtruncasse,
1314 2531 1473 2559 caeteros
1502 2526 1647 2562 domum
1672 2539 1728 2562 re-

297 2573 448 2608 misisse.

389 2622 420 2656 8.
449 2619 500 2652 Ab
529 2619 704 2652 Armeniis
728 2617 923 2651 honorifice
951 2622 1150 2662 susceptus,
1177 2622 1213 2650 et
1239 2618 1315 2651 dies
1337 2620 1535 2664 complures
1563 2620 1726 2654 ibicom-

300 2671 477 2707 moratus,
508 2665 732 2698 Antiochiam
761 2666 812 2697 ire
839 2665 876 2696 in
909 2665 1028 2696 animo
1055 2663 1201 2704 habuit,
1239 2671 1452 2708 augescente
1477 2667 1515 2699 in
1544 2666 1620 2700 dies
1648 2667 1724 2699 eius

299 2713 410 2755 gloria
437 2718 472 2746 et
494 2712 639 2748 nomine
657 2712 836 2746 illustrato
863 2716 936 2744 tum
965 2710 1010 2744 ob
1036 2710 1262 2756 prudentiam
1290 2717 1363 2745 tum
1383 2719 1529 2757 propter
1554 2713 1723 2749 invictum
