1878 3230
266 212 336 254 DE
373 211 571 252 ALExlo
607 208 804 252 isAAcn
848 210 1047 253 Auem
1081 210 1164 253 FP..
1202 211 1301 254 Lm.
1337 215 1370 254 1.
1449 194 1554 251 611

139 310 367 363 οἷνέβλαστε
411 311 517 351 κατὰ
569 308 735 351 κώνειον
783 304 1038 365 φθοροποιόν
1054 346 1066 365 ,
1118 312 1141 354 ὅ
1175 313 1394 368 Κομνηνὸζ
1445 307 1566 363 οὗτος

136 375 355 428 ’[σαακιος,
395 374 440 425 ὃς
467 377 510 417 έν
538 381 624 424 τοῖς
652 374 888 430 ἔμπροσθεν
916 380 1093 430 βιβλίοις
1117 381 1272 435 ἐρρέθη
1300 394 1374 432 μοι
1413 375 1475 421 ὅτι
1502 382 1565 433 ε’γ-

138 440 290 495 κρατὴς
333 439 422 494 ἅμα
461 443 534 484 καί
574 440 722 495 ὄλετὴρ
762 440 831 495 τῆς
857 444 939 483 τῶν
964 446 1171 497 Κυπρίων
1199 443 1325 499 νήσου
1350 442 1565 498 γενόμενος

138 504 246 547 ἑάλω
271 507 350 559 μὲν
376 505 481 561 πρὸς
507 509 584 548 τοῦ
612 505 735 561 ῥηγὸς
759 505 968 559 Ἰγγλινίας
995 510 1037 556 ἐς
1055 510 1342 563 Παλαιστίνην
1368 506 1567 565 ἆφικνουυ

103 571 265 623 5μένου
297 573 550 623 διαποντιόυ,
577 572 648 612 καί
678 568 734 619 ὥς
764 572 912 620 δοῦλος
938 576 1158 626 μαστιγίας
1183 573 1266 616 τινί
1292 577 1376 616 τῶν
1402 575 1566 631 ὁμοφύ-

136 640 220 678 λων
247 635 385 694 ἑκείνῳ
425 635 743 690 ἀποκεχάριστο.
813 638 884 678 καί
913 633 960 690 ἦν
990 637 1212 694 ἁπανταχῇ
1239 639 1480 693 διαδόσιμος
1510 638 1568 690 uie,-

136 704 384 757 κατέστρεψε
411 699 478 742 τὸν
503 703 597 753 βίον
613 704 749 750 κακῶς
776 701 797 743 ὅ
832 700 955 751 κακός
971 719 982 729 ·
1042 702 1159 759 φήμῃ
1191 705 1249 756 δ’,
1278 704 1334 753 ὥς
1363 707 1569 748 δέδεικται

134 764 333 821 ὕστερον,
359 764 468 822 μόνῃ
498 766 719 819 α’ποβιούς,
755 770 828 808 καί
855 768 1022 820 δεσμῶν
1051 769 1303 823 α’παλλαγείς
1333 772 1405 812 καί
1434 786 1567 825 φρου-

137 835 211 887 ρᾶς
237 833 490 883 ἀπολυθείς,
538 831 595 880 ὥς
638 831 697 886 μὴ
726 827 898 888 ὤφελε,
929 831 1001 875 τὸν
1028 833 1203 876 παλαιὸν
1230 830 1466 876 ἇναθάλπει
1495 829 1589 890 τῆς

75 913 121 938 ro
133 898 374 952 τυραννίδος
415 895 564 951 ἔρωτα.
632 897 872 939 ἀνεκαλεῖτο
902 900 981 951 μὲν
1022 894 1098 940 οὖν
1137 897 1243 953 πρὸς
1282 902 1360 941 τοῦ
1399 901 1567 951 βασιλέ·
1580 912 1620 946 V.
1634 913 1699 958 245

132 976 187 1011 ως
210 958 406 1012 Ἀλεξίου
433 960 523 1003 ’διὰ
562 961 818 1017 γραμμάτων
844 966 1033 1018 συχνῶν,
1071 964 1299 1019 ἐναγούσης
1340 959 1469 1006 αὐτὸν
1508 965 1568 1015 εἷς

131 1029 251 1069 τοῦτο
291 1028 364 1082 τῆς
399 1028 615 1080 βασιλίδος
653 1026 934 1084 Εὖφροσύνης
958 1031 1012 1070 δι’
1051 1029 1102 1084 ἢν
1143 1031 1190 1071 ἐκ
1221 1032 1471 1085 συγγενείας
1499 1032 1606 1084 &qt-C

130 1091 283 1147 γύτητα
324 1089 435 1146 εἶχεν
474 1090 580 1148 αὕτη
620 1092 722 1148 πρὸς
761 1091 980 1137 Ἰσαάκιον.
1038 1093 1061 1135 ὅ
1102 1096 1149 1136 δὲ
1188 1096 1462 1136 α’πεδυσπέτει
1498 1094 1571 1137 καὶ

132 1159 236 1212 πρὸς
261 1156 392 1213 μόνην
431 1159 650 1214 ἠγανάκτει
696 1160 781 1200 τῶν
798 1160 1162 1212 »ἑπιστελλομένων
1187 1158 1408 1215 ἐνήχησιν,
1443 1163 1569 1212 βασι-

73 1222 296 1276 ιόλεύειν,
343 1224 396 1265 ου’
439 1222 524 1278 μην
569 1222 871 1276 βασιλεύεσθαι
919 1227 1049 1279 λέγων
1093 1226 1272 1278 εἰδέναι,
1317 1223 1391 1266 καὶ
1429 1222 1569 1266 ἄλλων

130 1290 367 1344 ἐξηγεῖσθαι
382 1321 395 1343 ,
421 1287 479 1344 μή
506 1289 606 1343 γοῦν
633 1286 791 1344 ἑτέροις
826 1293 1062 1332 πείθεσθαι.
1104 1289 1243 1343 συχνοὶ
1270 1291 1411 1332 τοίνυν
1435 1289 1570 1346 γράμ-

129 1370 245 1407 ματα
275 1355 484 1396 συνετίθει
510 1355 615 1410 πρὸς
648 1354 747 1403 τούς
783 1356 856 1409 τῆς
881 1354 1128 1404 Ἀσιάτιδος
1152 1357 1228 1410 γῆς
1255 1353 1570 1410 πρωτεύοντας,

129 1423 174 1462 τί
193 1421 271 1473 μὲν
313 1422 396 1462 τῶν
430 1422 717 1475 α’πειρημένων
757 1420 835 1461 οὐκ
859 1419 1156 1475 εἷσηγούμενα,
1185 1424 1231 1462 τί
1258 1422 1304 1461 δὲ
1333 1423 1415 1463 τῶν
1439 1423 1568 1462 καθε-

131 1485 302 1527 στώτων
328 1486 429 1539 ου’χί
458 1488 677 1539 κινοῦντα,
712 1484 786 1527 καὶ
814 1484 948 1533 πάντα
975 1491 1060 1534 τοῖς
1091 1488 1353 1538 πειθομένοις
1379 1483 1565 1541 βραβεύ-

67 1564 118 1591 zo
133 1566 252 1605 οντα,
280 1550 324 1593 εἴ
346 1568 432 1600 πως
457 1555 534 1592 τοῦ
561 1552 636 1606 τῆς
660 1553 875 1604 βασιλείας
903 1542 1103 1604 ὄνόματος
1129 1549 1403 1602 ἑπιτεύξεται.
1459 1550 1565 1593 ἀλλὰ

132 1616 204 1658 καὶ
229 1614 372 1670 πρώην
399 1615 560 1658 διώκων
588 1613 640 1671 ἦν
662 1615 715 1658 τοὶ
745 1617 948 1671 α’κίχητα,
977 1618 1050 1656 καί
1075 1615 1102 1656 ἃ
1130 1615 1189 1669 μή
1215 1615 1315 1664 θεὸς
1340 1618 1565 1668 βεβούλευ-

130 1698 223 1735 ται,
256 1684 448 1735 διακενῆς
474 1679 798 1736 μηχανώμενος·
856 1680 927 1722 καί
953 1678 1047 1722 τότε
1077 1679 1231 1732 ὁμοίως
1258 1681 1455 1735 ἠλέγχετο
1482 1680 1564 1733 μά-

129 1763 203 1802 την
250 1745 574 1800 διατεχνώμενος
611 1747 662 1788 τὰ
703 1745 902 1801 α’νήνυτα.
966 1741 1061 1787 οὔτε
1087 1744 1167 1799 γὰρ
1194 1745 1308 1802 αὐτῷ
1337 1747 1607 1799 προσέσχενῦ

130 1809 152 1853 ὃ
182 1814 354 1868 Πέρσης
381 1809 519 1868 ὥσπερ
547 1811 729 1869 ἱμείρετο
761 1814 963 1870 (ἐγλίχετο
985 1812 1031 1853 δὲ
1061 1813 1160 1864 μεθ’
1187 1807 1284 1865 ὅλης
1310 1814 1383 1866 τῆς
1414 1813 1566 1860 οἰκείας

229 1947 255 1969 ¹.
283 1926 406 1983 οὗτος]
422 1936 544 1970 ’τοιῖτο
570 1936 609 1968 A.
732 1945 763 1969 2.
789 1933 849 1969 ὅτι
874 1933 1013 1967 codices
1039 1945 1106 1967 om.

131 2055 311 2089 exaruisse
334 2055 448 2088 visum
473 2059 589 2096 esset,
614 2054 724 2087 instar
749 2052 882 2086 letiferi
907 2053 1040 2086 aconiti
1064 2050 1232 2085 refloruit.
1258 2038 1339 2085 nam
1364 2052 1565 2089 comnenus

131 2103 310 2142 Isaacius,
335 2112 355 2133 a
380 2112 451 2146 quo
483 2106 657 2134 vastatam
694 2111 771 2133 esse
796 2100 948 2144 Cyprum
976 2110 1082 2144 supra
1118 2101 1390 2133 memoravimus
1407 2126 1415 2141 ‚
1441 2107 1565 2145 captus

132 2149 278 2193 quidem
305 2148 374 2180 fuit
400 2159 420 2180 a
445 2158 524 2192 rege
549 2146 698 2191 Angliae
724 2147 762 2179 in
788 2147 1024 2180 Palaestinam
1048 2146 1258 2190 navigante,
1284 2152 1320 2179 et
1347 2157 1412 2191 pro
1437 2148 1567 2180 verbe-

132 2206 218 2228 rone
245 2206 345 2227 servo
369 2194 510 2227 cuidam
529 2194 695 2239 populari
721 2194 796 2226 eius
824 2193 989 2234 donatus,
1013 2193 1106 2225 fama
1131 2193 1268 2237 ubique
1286 2204 1404 2237 sparsa
1429 2194 1563 2227 malum

131 2241 311 2274 hominem
335 2241 428 2274 male
451 2241 611 2286 periisse.
636 2240 699 2273 sed
725 2245 765 2272 ut
790 2250 844 2272 res
874 2245 999 2284 postea
1014 2239 1219 2280 declaravit,
1244 2239 1320 2272 sola
1343 2239 1437 2272 sama
1466 2252 1562 2273 mor-

133 2293 214 2320 tuus
239 2288 384 2328 revixit,
416 2293 454 2320 et
485 2287 637 2321 vinculis
665 2291 702 2320 et
725 2296 866 2318 carcere
891 2286 1005 2332 (quod
1040 2287 1176 2318 utinam
1199 2286 1329 2319 factum
1354 2297 1426 2319 non
1446 2287 1561 2334 esset)

132 2333 304 2367 liberatus
328 2335 516 2378 pristinam
541 2334 682 2378 imperii
709 2332 942 2378 cupiditatem
970 2337 1128 2365 renovat.
1146 2333 1208 2377 qui
1228 2343 1305 2364 cum
1324 2332 1560 2377 imperatricis

132 2380 386 2424 Euphrosynae
403 2381 571 2426 impulsu,
597 2391 701 2425 quam
727 2379 928 2424 propinqua
954 2379 1167 2424 cognatione
1190 2378 1402 2423 attingebat,
1426 2379 1560 2412 crebris

134 2426 249 2458 Alexii
264 2427 393 2460 litteris
412 2432 650 2468 revocaretur5
664 2427 764 2459 illam
783 2425 1025 2459 conditionem
1042 2437 1120 2458 cum
1145 2425 1394 2469 indignatione
1417 2437 1562 2470 prorsus

136 2472 347 2516 respuebat,
374 2484 411 2506 se
435 2475 609 2518 imperare
624 2498 634 2514 ,
657 2484 730 2505 non
765 2483 889 2517 parere
918 2472 1110 2513 didicisse,
1135 2477 1172 2504 et
1194 2472 1318 2505 ducem
1334 2498 1343 2512 ‚
1369 2484 1441 2504 non
1467 2473 1563 2503 mili-

136 2523 208 2550 tem
249 2530 349 2562 agere
381 2522 522 2553 novisse
550 2519 734 2552 affirmans.
771 2519 923 2564 proinde
949 2519 1155 2564 frequentes
1181 2519 1320 2552 litteras
1344 2518 1389 2550 ad
1412 2519 1560 2550 Asianos

135 2575 300 2609 proceres
341 2567 471 2607 mittit,
513 2577 605 2611 quae
642 2566 735 2598 nihil
771 2576 847 2607 non,
874 2566 1025 2599 vetitum
1063 2564 1290 2605 suadebant,
1325 2565 1418 2597 nibil
1444 2575 1515 2596 non
1542 2574 1562 2594 a

137 2611 332 2644 maioribus
356 2612 557 2646 institutum
580 2613 816 2657 abrogabant‚
842 2611 935 2644 nihil
959 2623 1031 2644 non
1055 2611 1390 2656 obtemperantibus
1413 2611 1563 2654 promit-

138 2657 287 2696 tebant,
319 2657 349 2689 si
378 2669 448 2702 quo
471 2659 576 2692 modo
602 2660 743 2704 imperii
768 2659 914 2691 titulum
947 2663 1238 2703 consequeretur.
1266 2667 1385 2689 verum
1412 2661 1452 2686 ut
1475 2655 1562 2687 olim

140 2715 180 2736 ea
209 2702 411 2736 sectabatur
443 2715 534 2748 quae
574 2706 716 2750 assequi
757 2716 830 2738 non
869 2711 1028 2749 poterat,
1069 2710 1105 2737 et
1130 2715 1170 2736 ea
1193 2704 1323 2736 frustra
1345 2701 1562 2734 moliebatur

140 2761 232 2795 quae
260 2751 297 2785 in
324 2750 406 2783 fatis
429 2761 501 2784 non
526 2756 650 2791 erant,
689 2752 739 2785 ita
763 2756 838 2785 tum
864 2752 970 2786 etiam
998 2751 1116 2785 irritos
1142 2755 1289 2784 conatus
1313 2749 1388 2781 eius
1415 2753 1560 2781 eventus
