1878 3230
247 210 354 284 740
717 219 946 262 mcum:
990 214 1300 260 monime

243 327 307 367 ἐπ’
325 339 416 377 ισης
441 322 675 372 τεινομένας
707 316 852 371 βολάς,
887 313 984 358 ὅθεν
1021 313 1059 355 οῖ
1089 315 1195 368 μηδὲ
1221 311 1295 361 τὰς
1323 312 1459 361 θέσεις
1487 314 1571 355 τῶν
1597 328 1670 353 πε-

242 390 379 444 ράτων
414 384 603 426 ὁπωσοῦν
645 383 908 435 ἑπιστάμειοι
936 383 978 429 ἐς
1015 377 1196 434 ἑσπέραν
1238 377 1406 433 ἀφορᾶν
1434 375 1480 424 τὸ
1507 373 1670 431 αγαλμα

242 455 481 494 διετείνοντο
511 466 580 490 και
611 444 696 490 οἷον
724 449 980 489 ἐπισπᾶσθαι
1008 447 1124 499 χειρί
1149 444 1199 486 τὰ
1227 442 1272 485 ἐκ
1304 442 1515 495 ὃνσμόθεν
1543 458 1671 495 στρα-

240 515 452 569 τεύματα,
498 517 633 564 κακῶς
682 514 883 569 κρίνοντες
917 527 987 552 και
1018 509 1076 566 μὴ
1106 507 1210 567 πρὸς
1236 506 1398 551 ε’ννοιαν
1427 505 1558 563 ο’ρθην
1586 512 1674 556 τοῖς

242 581 403 638 ὁρατοῖς
431 581 738 633 ἐπιβάλλοντες.
1683 575 1710 617 5

357 645 407 688 Οἱ
434 648 511 698 μὲν
552 640 627 686 ουν
660 641 766 697 μετὰ
810 641 1008 684 τοιούτων
1047 637 1281 696 κινημάτων
1314 641 1388 695 τῆς
1419 639 1604 688 διανοίας
1629 635 1675 679 τὸ

243 714 317 766 τῆς
342 713 522 765 Ἀθηνᾶς
548 712 807 764 συνέτριψαν
837 704 1018 762 αγαλμα,
1046 704 1072 762 ἢ
1101 708 1258 759 μᾶλλον
1286 711 1372 754 τοῖς
1397 704 1582 760 χείροσιν
1609 702 1680 744 da·

245 779 536 832 προβαίνοντες
568 777 640 816 καί
666 776 760 816 καθ’
787 770 946 815 ἑαυτῶν
982 769 1146 814 ὁπλῖται
1178 769 1384 827 γινόμενοι
1412 770 1488 825 τήν
1516 770 1680 824 α’νδρεί-

246 860 296 892 ας
323 844 394 883 καί
431 840 672 897 φρονήσεως
709 837 926 881 ἑπιστάτιν
964 834 1041 879 κᾶν
1079 842 1163 887 τοῖς
1199 834 1346 886 τύποις
1377 839 1523 884 αὐτοῖς
1549 833 1681 877 ‹insob-

248 922 384 950 σαντο.
442 906 480 947 οἱ
509 907 556 947 δὲ
583 909 770 959 βασιλεῖς
798 903 921 945 οὐδὲν
960 900 1027 945 ὅτι
1054 901 1111 958 μὴ
1136 900 1211 957 τὴν
1238 901 1442 957 συλλογὴν
1466 903 1549 945 τῶν
1575 918 1682 956 χρη·
1698 915 1745 942 ιο

248 972 391 1025 μα’των
421 970 539 1026 ἔργον
567 972 769 1025 α’σχολιάς
797 969 932 1024 πάσης
952 965 1066 1023 εἶχον
1092 970 1166 1010 καί
1189 966 1315 1010 πάλιν
1343 965 1564 1023 α’νώτερον,
1592 969 1686 1009 ἐπεὶ

125 1038 356 1091 Ρ,36ομηὸὲ
387 1035 508 1091 κόρος
536 1031 588 1092 ἦν
617 1034 733 1092 παρὰ
768 1041 854 1085 τοῖς
892 1031 1156 1088 λαμβάνουσι
1181 1035 1348 1088 λήψεως
1365 1067 1377 1086 ,
1402 1035 1490 1076 ἀλλ’
1517 1028 1612 1076 ὅσον
1639 1030 1685 1075 αἱ

254 1101 391 1151 δόσεις
420 1103 694 1157 προύβαινον,
724 1103 919 1142 τοσοῦτον
946 1096 1148 1152 ἐνήκμαζε
1175 1098 1220 1141 τὸ
1253 1098 1528 1155 φιλόχρυσον.
1583 1099 1687 1152 ἆμέ-

251 1173 315 1209 λει
344 1168 423 1208 κάκ
450 1169 532 1208 τῶν
574 1169 750 1208 πολιτῶν
781 1165 921 1222 φόρων
961 1166 1154 1206 ω’δίνοντο
1194 1166 1405 1218 συλλογαί.
1460 1164 1610 1207 τούτου
1640 1165 1688 1205 δὲ

252 1232 309 1287 μὴ
342 1230 508 1284 ὁμαλῶς
547 1233 860 1286 προχωροῦντος
901 1230 944 1287 (ο
985 1247 1065 1285 γαρ
1109 1231 1239 1284 λεώς,
1287 1226 1367 1272 ο’σα
1404 1247 1474 1272 και
1513 1227 1753 1286 πέλαγοςιὸ

253 1299 407 1351 α’χανὲς
446 1314 515 1338 και
561 1294 757 1352 ἀόριστον
785 1297 923 1353 α’νέμω
943 1328 958 1346 ,
1000 1301 1086 1345 τοῖς
1129 1295 1186 1350 μή
1232 1294 1443 1350 θυμήρεσι
1481 1297 1693 1352 διαρριπι-

255 1359 427 1415 ζόμενον
455 1364 705 1417 ἐπέφρισσεν
735 1363 794 1410 εἰς
811 1359 1061 1418 α’πόστασιν)
1083 1363 1157 1414 τῆς
1180 1362 1258 1414 μὲν
1276 1363 1514 1415 προθέσεως
1543 1360 1695 1416 ταύτης

256 1429 514 1481 α’πὲστησαν,
541 1424 636 1476 τούς
665 1428 711 1468 δὲ
750 1426 1003 1476 ζαπλούτους
1033 1427 1252 1480 ἑπιλέγδην
1279 1426 1499 1481 ἐσύλησαν,
1530 1422 1638 1474 ὅπως
1666 1424 1693 1479 ἢ

256 1490 465 1547 Λατινικη
496 1490 760 1546 γαληνιοέσειε
786 1489 1001 1546 βούπεινα.
1070 1491 1144 1533 καί
1167 1490 1220 1533 τὰ
1248 1491 1409 1546 χρύσεα
1441 1493 1488 1533 δὲ
1513 1492 1591 1532 τοῦ
1620 1506 1695 1544 με-

256 1559 400 1611 γίστου
434 1556 512 1599 νεώ
554 1556 710 1598 ἔπιπλα
739 1555 1036 1611 βαρυτάλαντα
1080 1551 1204 1611 ὄντα,
1251 1556 1322 1598 καὶ
1351 1555 1395 1598 αἱ
1422 1559 1590 1610 λυχνιάι
1617 1555 1760 1597 mirato

516 1618 528 1632 ³

261 1624 402 1670 αύτοῖς
430 1621 474 1664 αἱ
503 1621 703 1677 αργύρεοι
735 1622 1049 1678 ἀφαιρούμεναι
1090 1621 1164 1664 καὶ
1201 1621 1533 1677 παραδιδόμεναι
1564 1623 1697 1677 πυρί,

362 1740 412 1773 18.
437 1742 515 1775 τοῖς
546 1737 586 1772 δὲ
625 1738 850 1779 ζαπλούτοις
875 1737 1096 1785 ἐπιλέγδην,
1129 1737 1178 1776 ὥς
1206 1738 1386 1783 υπέβαλεν
1411 1737 1431 1780 ἦ
1457 1737 1591 1796 φήμη,
1616 1738 1699 1773 ἐπι-

358 1797 387 1830 q
395 1785 550 1830 υόιιενοι
590 1783 754 1831 ἤμελγον
788 1785 860 1841 ov’y
889 1785 981 1819 ὅσον
1015 1786 1090 1819 ἔδει
1113 1788 1173 1819 καὶ
1199 1785 1248 1823 ως
1272 1786 1376 1819 ἔσται
1398 1785 1600 1845 βούτυρον,
1622 1785 1699 1818 ἄλλ’

360 1832 461 1868 ὅπως
491 1832 528 1865 Α.
653 1844 702 1877 ¹9—
726 1834 789 1865 καὶ
812 1843 880 1869 τας
915 1832 1059 1876 χρυσᾶς
1082 1831 1123 1866 δὲ
1144 1832 1282 1869 ποδέας
1304 1844 1378 1866 των
1400 1832 1519 1889 ᾰγίων
1541 1831 1610 1866 τοῦ
1631 1841 1699 1888 με-

359 1878 482 1923 γιίίου
514 1879 610 1911 ναοῦ
633 1881 695 1911 καὶ
723 1872 767 1912 ret
793 1876 888 1935 ἅγια
912 1879 1160 1925 σκεπάσματα
1184 1892 1229 1913 τα
1258 1878 1448 1924 πολύτιμα
1471 1876 1515 1912 τὰ
1541 1879 1584 1912 ἐκ
1610 1876 1701 1922 σύρ-

361 1935 477 1981 ματος
501 1924 649 1969 χρυσοῦ
673 1925 764 1960 ὄντα
782 1950 791 1965 ,
831 1924 876 1958 τά
901 1934 939 1958 τε
973 1926 1187 1980 μανουιίλια
1226 1927 1289 1959 καὶ
1314 1925 1501 1961 κανδύλας
1535 1937 1582 1959 τω
1609 1927 1701 1967 uvat

362 1970 651 2051 ΞίιγτιὲμεναΒκαὶ
684 1970 927 2018 χωνευόμενα
965 1974 1018 2010 εἰς
1052 1971 1194 2018 βρωσιν
1226 1974 1291 2006 καὶ
1317 1971 1435 2007 πόσιν
1457 1983 1532 2007 των
1556 1971 1702 2007 σκύλων
1751 2003 1758 2013 ,

408 2030 419 2049 ι
450 2028 535 2051 οντο

277 2123 446 2155 clinatum
471 2123 683 2156 sustinebat.
710 2124 895 2158 oculorum
922 2125 1016 2158 acies
1050 2124 1176 2158 eodem
1201 2124 1481 2164 intendebatur,
1507 2128 1548 2157 ut
1571 2123 1633 2169 qui
1656 2123 1704 2156 si-

277 2175 354 2202 tum
398 2170 605 2212 angulorum
629 2181 703 2203 non
732 2171 822 2204 satis
847 2177 1000 2212 norant,
1031 2172 1259 2204 simulacrum
1288 2171 1519 2204 Occidentem
1547 2176 1706 2214 spectare

280 2221 317 2247 et
341 2215 453 2247 veluti
475 2226 582 2248 manu
607 2216 752 2249 allicere
777 2217 1026 2251 Occidentales
1051 2218 1225 2251 exercitus
1253 2217 1474 2258 affirmarent,
1498 2216 1596 2249 haud
1620 2225 1707 2250 sano

281 2261 417 2293 iudicio
442 2262 626 2294 oculorum
650 2262 802 2307 decepti.

374 2308 423 2340 Ac
445 2307 502 2338 illi
526 2307 592 2339 hac
617 2309 789 2353 opinione
816 2310 960 2354 impulsi
983 2310 1166 2343 Minervae
1191 2309 1417 2342 simulacrum
1453 2309 1710 2351 contriverunt;

284 2365 326 2387 ac
349 2354 468 2398 potius
494 2353 648 2386 subinde
673 2361 814 2388 ruentes
843 2357 881 2388 in
906 2356 1083 2396 deterius,
1111 2362 1147 2390 et
1171 2362 1293 2389 contra
1317 2361 1429 2388 semet
1453 2356 1548 2400 ipsos
1572 2355 1710 2396 armati,

286 2399 506 2434 fortitudinis
543 2406 579 2433 et
620 2401 833 2444 prudentiae
864 2402 1065 2446 praesidem
1098 2413 1164 2435 nec
1193 2402 1286 2446 typis
1327 2413 1527 2446 expressam
1553 2401 1657 2456 apud
1672 2411 1711 2435 se

286 2447 379 2480 ferre
421 2452 624 2490 potuerunt.
662 2447 914 2491 imperatorum
950 2460 1033 2480 vero
1070 2459 1204 2481 summa
1236 2453 1272 2481 et
1294 2449 1399 2480 unica
1427 2449 1612 2493 occupatio
1635 2453 1713 2482 erat

287 2493 463 2538 pecuniae
487 2493 664 2534 collectio,
683 2493 781 2538 quod
806 2494 906 2526 nulla
933 2500 1010 2527 erat
1033 2494 1229 2539 accipiendi
1252 2495 1418 2527 satietas.
1444 2494 1508 2527 sed
1539 2500 1713 2540 quantum

291 2540 460 2572 donativa
499 2538 741 2583 augebantur,
791 2545 941 2573 tantum·
976 2541 1158 2574 crescebat
1190 2541 1267 2573 auri
1299 2541 1487 2585 cupiditas.
1519 2541 1715 2586 cupiebant

293 2587 400 2619 etiam
423 2597 444 2618 a
466 2585 600 2620 civibus
625 2586 764 2630 exigere
786 2587 972 2619 tributum.
998 2586 1061 2619 sed
1086 2598 1164 2620 cum
1197 2598 1239 2620 ea
1264 2598 1318 2620 res
1347 2599 1419 2620 uon
1444 2588 1611 2638 expedite
1634 2599 1715 2620 suc-

293 2632 438 2665 cederet
473 2632 567 2677 (nam
589 2633 742 2677 populus
778 2633 891 2665 invisa
916 2634 1161 2677 postulatione
1185 2635 1365 2674 irritatus,
1394 2632 1505 2667 instar
1527 2634 1618 2667 vasti
1640 2645 1716 2667 ma-

295 2680 343 2712 ris
367 2684 474 2711 vento
508 2678 733 2719 conturbati,
765 2678 1001 2712 defectionem
1030 2680 1248 2726 spectabat),
1283 2681 1410 2714 omisso
1439 2681 1503 2714 illo
1530 2680 1715 2734 proposito

297 2736 357 2757 eos
381 2726 443 2769 qui
466 2724 633 2758 ditissimi
655 2735 730 2758 esse
755 2725 963 2758 ferebantur
986 2727 1206 2782 spoliarunt,
1231 2733 1272 2759 ut
1298 2727 1503 2760 Latinorum
1527 2726 1718 2772 cupiditati

297 2772 488 2805 immensae
525 2771 627 2806 fieret
662 2772 757 2806 satis.
790 2778 975 2817 praeterea
1010 2774 1154 2808 maximi
1176 2773 1300 2820 templi
1324 2784 1429 2807 aurea
1456 2773 1718 2820 suppellectilia
1875 2726 1878 2780 1
