1878 3230
297 172 412 242 846
717 189 944 231 menne
990 186 1302 229 CHONIATAE

294 294 479 348 (μεγέθει
515 292 560 332 δὲ
602 284 719 337 οὗτος
762 289 952 341 σώματος
989 285 1215 344 θαυμασίῳ
1260 287 1453 328 ἐκέκαστο
1482 290 1554 330 καί
1579 291 1725 344 ’ψυχῆς

291 356 464 412 γενναίῳ
500 356 790 409 περιεβλέπετο
828 353 1136 407 παραστήματι)
1155 383 1167 404 ,
1207 356 1299 401 ταῖς
1336 354 1504 405 Πηγαῖς
1529 354 1579 408 τῇ
1607 354 1725 396 πόλει

294 421 605 474 προσδεχθῆναι
645 419 891 474 φιλονεικῶν
932 415 1005 458 ἅτε
1039 416 1112 457 καί
1151 417 1311 457 δίκαιον
1349 414 1412 457 ἐπ’
1441 416 1589 466 αὐταῖς
1614 418 1727 472 ἔχειν

297 483 608 538 ἰσχυριζόμενος
626 516 637 534 ,
688 484 743 532 ὥς
771 479 837 524 οἷα
875 482 1049 536 πρώτως
1077 484 1166 523 ἐκεῖ
1187 484 1414 535 καταχθείς
1445 479 1564 535 ἧνίκα
1592 488 1727 526 Λατῖ-

295 565 358 591 νοι
386 548 490 590 κατὰ
530 552 612 591 τῶν
638 547 737 604 πρὸς
764 546 900 601 αὐγάς
941 547 1060 601 ἡλίου
1083 546 1298 599 Ῥωμαίων
1327 549 1582 590 ἐπανείλοντο
1611 547 1767 595 πόλε-5

295 631 390 668 μον,
420 616 494 655 καί
524 610 671 655 ἄλλοτε
697 616 774 666 μὲν
790 615 976 671 εἰσδῦναι
996 611 1151 660 ταύτας
1174 613 1218 653 ἐκ
1245 615 1323 653 τοῦ
1349 616 1589 668 προφανοῦς
1617 617 1730 656 ἐπει-

294 678 472 734 ράσατο,
508 675 799 734 ἆποπεμφθείς
828 680 863 718 δ’
891 676 948 726 ὥς
972 679 1052 718 τῶν
1076 675 1220 718 ἔνδοθι
1250 676 1514 732 φρονούντων
1543 681 1646 733 φίλα
1674 681 1733 736 τῷ

298 744 524 798 Λάσκαρι,
564 743 677 795 ἔδοξε
715 745 792 797 μὲν
827 743 1092 796 α’ποσχέσθαι
1116 744 1296 796 ταυτησί
1320 745 1394 797 τῆς
1421 745 1683 798 προθέσεως,
1710 742 1734 783 ὅ

253 813 334 856 nd·
363 810 591 864 ἐνεδρεύων
635 805 687 863 ἦν
730 809 874 861 πάλιν,
905 804 966 850 ὅτι
1003 809 1110 861 μηδὲ
1138 807 1358 862 προύπτως
1385 804 1471 861 εἶχε
1497 806 1732 861 βιάζεσθαι.

295 878 382 922 τῶν,
424 876 525 929 γοῦν
553 876 784 930 Πηγαϊτιόν
820 872 934 922 τινὰς
981 873 1221 925 ὑποκλέψας
1249 871 1322 914 καί
1353 874 1629 928 διαφθείρας,
1662 872 1733 915 λά-
1752 892 1799 919 10

294 945 380 998 θρα
402 942 481 982 ’καί
507 939 612 982 κατὰ
645 943 819 995 βραχεῖς
861 938 956 988 τούς
987 939 1160 987 οἰκείους
1185 944 1277 986 ταῖς
1304 941 1473 993 Πηγαῖς
1501 939 1732 995 ἐπεισάγει,

295 1007 664 1060 πολυωρουμένους
693 1003 806 1059 παρὰ
837 1002 1035 1058 Σθλάβου
1062 1002 1173 1052 τινὸς
1201 1005 1397 1058 Βαρηνοῦ
1427 1005 1500 1045 καὶ
1525 1007 1607 1046 τῶν
1635 1003 1734 1046 τού-

295 1086 372 1114 του
401 1071 669 1122 συνωμοτῶν.
744 1071 876 1124 πέρας
905 1070 951 1110 δὲ
975 1070 1050 1110 καί
1076 1067 1203 1118 αὐτὸς
1232 1067 1254 1109 0‘
1281 1069 1448 1123 Πέτρος
1476 1074 1742 1126 καιροφυλα-ι,

298 1134 430 1190 κήσας
477 1133 555 1182 τὰς
586 1133 738 1189 Πηγὰς
779 1135 1066 1186 ἐπεισδέδυκε,
1109 1134 1185 1174 καί
1206 1132 1355 1183 νυκτὸς
1385 1135 1630 1187 ἐπιθέμενος
1658 1133 1737 1178 miv

299 1200 442 1267 οιξδενί
468 1200 580 1257 πόνῳ
603 1198 701 1248 τούς
728 1200 939 1248 ἐναντίους
968 1197 1147 1241 διώσατο
1177 1199 1250 1241 καί
1273 1200 1344 1253 τῆς
1377 1195 1475 1253 δ’λης
1513 1198 1736 1256 κεκράτηκε
1754 1202 1801 1243 15

299 1260 474 1304 πολεως.

413 1319 582 1362 Οὗτωσί
610 1320 656 1360 δὲ
683 1320 974 1374 πραττομένων
1001 1315 1159 1360 τούτων
1187 1317 1226 1358 οἷ
1254 1315 1327 1373 τὴν
1352 1317 1576 1372 Ἀδριανοῦ
1600 1333 1736 1360 κατει-

298 1385 476 1441 ληφότες
498 1388 677 1426 Λατῖνοι
709 1382 760 1424 τὰ
795 1386 873 1436 μὲν
894 1385 1037 1437 πρῶτα
1065 1384 1163 1434 περὶ
1189 1383 1323 1436 αὐτὴν
1351 1385 1635 1437 ἐνηυλίσαντο,
1668 1383 1740 1424 καί

301 1449 433 1505 ἀγορὰ
459 1450 530 1504 τῆς
557 1450 713 1498 πόλεως
746 1447 825 1498 ἔξω
852 1450 1044 1502 πεποίητο
1065 1464 1075 1475 ·
1135 1444 1224 1489 εἶτα
1254 1449 1326 1488 καί
1352 1449 1607 1501 συναιχμίαν
1631 1447 1738 1501 μετὰ

296 1516 516 1568 Ῥωμαίων
545 1510 859 1565 ἀποδειξάμενοι
886 1515 968 1553 τῶν
1008 1511 1167 1554 πόλεών
1195 1528 1309 1561 τινας
1337 1513 1630 1567 περιέρχονται
1662 1529 1735 1554 κα-
1750 1531 1802 1558 20

304 1581 386 1628 κῶς
414 1577 631 1626 παθούσας
673 1576 755 1618 ὑπὸ
787 1578 980 1630 Σκυθῶν,
1019 1576 1091 1618 καί
1128 1577 1313 1628 ταύτας,
1351 1576 1409 1625 ὥς
1437 1576 1459 1617 ὃ
1481 1576 1625 1631 καιρὸς
1653 1578 1738 1620 ἐδί-

308 1646 384 1686 δου
399 1677 411 1696 ,
449 1641 803 1696 καταστησάμενοι
845 1640 934 1684 εἶτα
973 1641 1042 1683 καί
1067 1645 1146 1683 τῶν
1173 1644 1245 1696 τῆς
1267 1642 1466 1696 Ῥοδόπης
1493 1643 1739 1695 σχοινισμά-

305 1726 388 1752 των
417 1706 627 1753 ἅπτονται.
664 1709 828 1762 ’μηδένα
859 1710 904 1749 δὲ
938 1709 1136 1759 πολέμιον
1164 1705 1326 1760 ἔχοντες
1355 1705 1630 1760 έξαπτόμενον
1657 1705 1739 1762 μή·

306 1790 352 1816 τε
390 1773 474 1829 μὴν
517 1770 621 1821 δ’λως
663 1774 807 1828 σφίσιν
831 1761 1193 1827 ὖποφαινόμενονκ,
1230 1773 1383 1813 εἰσίασι
1421 1771 1468 1812 τὸ
1501 1770 1638 1824 ἔρυμα
1666 1770 1740 1814 τὸν

307 1841 585 1892 Στενίμαχον,
623 1839 697 1878 καί
733 1839 991 1890 μεθιστῶσιν
1035 1839 1196 1879 ἐκεῖθεν
1235 1834 1333 1885 τούς
1361 1834 1570 1890 ὁμογενεῖς
1595 1837 1734 1893 σφῶν,
1751 1841 1803 1884 25

309 1966 469 2008 peresset
510 1961 571 2005 qui
598 1959 735 1993 cladem
754 1960 852 1992 illam
878 1959 1006 1992 Davidi
1033 1959 1224 1991 nuntiaret.
1253 1957 1315 1991 sed
1344 1963 1379 1991 et
1402 1958 1527 1991 Petrus
1551 1956 1737 1999 Plancius,

309 2010 408 2041 cuius
446 2012 527 2040 ante
551 2007 720 2047 memini,
758 2006 891 2050 insigni
923 2006 1078 2049 corporis
1106 2004 1350 2048 magnitudine
1376 2003 1597 2037 admirabilis
1621 2009 1657 2037 et
1678 2015 1740 2048 ge·-

305 2055 426 2088 'nerosi
450 2054 560 2085 animi
584 2053 717 2085 invicto
745 2053 873 2085 robore
909 2052 1081 2092 illustris,
1107 2062 1144 2083 se
1169 2051 1269 2095 Pegis
1295 2051 1383 2083 urbe
1410 2051 1520 2094 recipi
1538 2060 1602 2082 suo
1625 2049 1740 2083 veluti

308 2102 385 2133 iure
408 2100 639 2144 postulabat,
676 2099 774 2143 quod
807 2100 960 2143 primum
986 2099 1038 2130 ibi
1079 2097 1296 2142 appulisset,
1322 2109 1400 2129 cum
1430 2097 1550 2129 Latini
1572 2096 1738 2129 Romanis

308 2146 554 2179 Orientalibus
588 2146 735 2178 'bellum
771 2146 987 2178 intulissent.
1023 2155 1064 2177 ac
1088 2145 1175 2176 alias
1200 2149 1321 2188 aperte
1349 2144 1544 2188 irrumpere
1569 2147 1739 2182 conatus,

309 2191 374 2225 sed
402 2204 422 2224 a
445 2192 581 2224 civibus
609 2192 748 2224 Lascari
776 2191 977 2225 faventibus
1009 2190 1237 2235 repudiatus,
1270 2195 1425 2222 mutasse
1461 2189 1648 2222 consilium
1671 2199 1740 2232 pu-

310 2239 462 2272 tabatur,
488 2238 573 2281 quia
597 2249 680 2270 vero
706 2249 830 2282 parum
867 2243 989 2282 aperto
1016 2238 1130 2270 Marte
1164 2237 1384 2281 profecerat,
1410 2234 1455 2267 ad
1479 2234 1625 2267 insidias
1651 2245 1739 2267 con-

311 2296 451 2323 versus,
477 2284 625 2326 Peganis
652 2284 792 2328 aliquot
824 2284 1032 2328 interceptis
1067 2288 1103 2316 et
1136 2284 1260 2315 occisis
1277 2308 1286 2323 ‚
1322 2294 1365 2315 ex
1388 2282 1461 2314 suis
1487 2281 1575 2313 clam
1605 2291 1738 2325 paucos

311 2331 419 2364 simul
445 2330 554 2373 Pegas
579 2329 777 2362 introducit
819 2330 1002 2362 cuiusdam
1041 2328 1180 2362 Sthlabi
1215 2329 1347 2361 Vareni
1380 2333 1416 2360 et
1443 2326 1549 2358 huius
1575 2327 1740 2360 coniura-

312 2384 429 2410 torum
455 2386 572 2420 opera.
599 2374 682 2406 dein
698 2375 773 2419 ipse
799 2386 944 2420 quoque
970 2376 1191 2408 occasionem
1215 2380 1339 2407 nactus
1363 2372 1588 2412 subintravit,
1617 2378 1654 2406 et
1676 2371 1741 2406 ad-

309 2422 472 2456 versariis
498 2426 606 2454 noctu
630 2421 731 2453 nullo
757 2422 901 2465 negotio
925 2422 1076 2465 repulsis
1096 2420 1282 2454 totasurbe
1301 2420 1437 2464 potitus
1462 2425 1524 2452 est.

402 2470 496 2501 Dum
519 2467 608 2499 haec
630 2472 817 2510 geruntur,
851 2467 971 2499 Latini
999 2467 1173 2511 principio
1207 2468 1306 2498 iuxta
1329 2465 1601 2509 Adrianopolim
1627 2469 1741 2498 castra

310 2521 505 2554 metantur,
532 2513 608 2546 foro
634 2518 732 2546 extra
760 2512 885 2545 urbem
909 2513 1087 2546 instituto.
1115 2511 1245 2545 deinde
1267 2511 1357 2544 belli
1383 2513 1554 2545 societate
1579 2522 1657 2544 cum
1671 2512 1741 2543 Ro-

310 2563 425 2596 manis
450 2560 549 2593 inita
565 2559 672 2592 urbes
697 2559 868 2604 quasdam
898 2560 1119 2591 circumeunt
1142 2558 1313 2601 aScythis
1335 2558 1428 2590 male
1452 2563 1631 2594 tractatas,
1659 2557 1741 2601 qui-

311 2609 402 2648 hus,
438 2613 479 2640 ut
516 2612 656 2651 tempus
681 2604 840 2647 ferebat,
868 2605 1072 2638 constitutis
1099 2604 1294 2648 Rhodopae
1319 2604 1451 2637 limites
1480 2603 1738 2647 ingrediuntur.

313 2655 378 2687 ubi
407 2665 484 2685 cum
521 2653 642 2685 nullus
666 2652 791 2685 hostis·
818 2663 890 2684 non
914 2651 1019 2684 modo
1051 2653 1242 2684 lacesseret
1266 2651 1329 2684 sed
1356 2661 1422 2683 nec
1447 2655 1655 2695 appareret,
1682 2659 1741 2681 ca-

315 2701 459 2733 stellum
493 2698 758 2732 Stenimachum
791 2699 941 2742 ingressi
974 2697 1207 2743 popularibus
1242 2699 1313 2730 suis
1349 2699 1468 2740 (erant
1501 2696 1538 2728 hi
1565 2696 1739 2740 reliquiae

316 2757 437 2780 eorum
464 2746 526 2791 qui
563 2745 701 2791 pridem
735 2744 1015 2791 Philippopolim
1052 2744 1308 2791 custodierant)
1344 2742 1429 2777 inde
1458 2742 1620 2777 abductis
1649 2741 1739 2775 Ore-
