1878 3230
294 197 321 251 7
340 197 401 230 10
718 192 947 233 NncETAE
985 190 1297 230 cuoNiATAE

242 305 274 336 D
335 283 337 285 ι
396 297 433 334 8.
488 291 614 332 Ἀλλά
644 293 772 344 μέχρι
802 293 881 341 μὲν
912 290 963 344 δὴ
991 290 1144 331 τούτων
1175 286 1379 344 εῧδρομυς
1405 292 1505 345 ἡμῖν
1536 293 1559 332 ὅ
1601 292 1717 346 λόγος

285 360 357 401 καί
385 357 456 399 διὰ
490 358 603 405 λείας
631 359 770 411 φέρων
802 353 916 408 ὁδοῦ,
944 354 990 397 τὸ
1027 357 1067 396 δ’
1096 357 1290 397 ἐντεῦθεν
1318 357 1393 396 οὐκ
1422 354 1500 397 οἷδ’
1527 353 1638 405 ὅπως
1662 359 1718 414 τῷ

285 426 385 480 λόγῳ
419 423 645 477 χρήσομαι.
701 423 791 462 τίνα
819 420 898 475 γὰρ
919 421 1085 474 γνώμην
1112 421 1223 474 ἔχειν
1249 419 1357 470 εἰκὸς
1383 420 1452 465 τὸν
1480 419 1556 470 τοὶς
1584 420 1718 471 κοινὰς

284 491 480 540 διεξιέναι
510 491 713 541 μέλλοντα
741 489 976 542 συμφοράς,
1010 481 1069 530 ὧν
1099 485 1124 542 ἢ
1147 489 1229 529 τῶν
1258 486 1418 528 πόλεων
1446 484 1553 542 αὕτη
1580 490 1719 528 πεπεί-

283 571 409 610 ραται
436 555 603 606 βασιλίς
628 556 711 594 τῶν
737 553 887 608 γηΐνων
912 553 1095 606 ἀγγέλων
1126 553 1452 606 βασιλευόντωνς
1490 549 1757 605 ἐβουλόμηνό

282 623 360 673 μὲν
390 616 477 668 οἷός
503 634 548 661 τε
580 615 690 660 εἶναι
721 619 946 670 διεξελθεῖν
975 619 1100 669 α’ξίως
1127 620 1185 675 τῷ
1214 616 1320 676 λόγῳ
1355 618 1406 660 τά
1444 615 1606 660 πάντων
1640 618 1723 659 τῶν

284 688 422 727 κακῶν
450 681 737 739 οἶχθεινότατά
763 699 808 725 τε
834 685 908 725 καί
931 685 1223 738 χαλεπώτατα·
1281 682 1373 726 ἐπεὶ
1398 685 1445 726 δὲ
1471 685 1590 726 τοῦτο
1619 682 1723 724 ἁδύ-

282 767 404 793 νατον
419 785 431 803 ,
460 752 505 792 ἐν
532 749 716 807 έπιτόμῳ
745 748 796 804 δὴ
824 752 896 792 καί
912 750 1141 804 ποιήσομαι
1162 748 1237 804 τῆν
1264 748 1464 805 διήγησιν,
1493 749 1723 803 κερδαλεω-

282 818 408 870 τέραν
436 818 635 871 ἐσομένην
661 815 795 869 δήπου
825 821 911 863 τοῖς
941 813 1151 869 ὄψιγόνοις
1185 814 1257 857 διὰ
1285 814 1361 869 τὴν
1401 818 1486 857 τῶν
1524 810 1724 868 α’λγεινῶν

283 880 558 934 ἀκουσμάτων
585 883 806 937 μετρίασιν
833 880 906 923 καί
931 881 1006 936 τήν
1034 883 1226 924 ἐντεῦθεν
1259 883 1330 936 τῆς
1367 881 1550 930 πλειόνος
1592 878 1722 934 λύπης
1741 891 1788 923 10

281 946 522 1004 ὑφαίρεσιν.

390 1011 493 1066 Εἶχε
524 1015 603 1066 μὲν
638 1008 712 1055 οὖν
733 1012 757 1054 ὅ
785 1012 983 1067 βασιλευς
1011 1014 1190 1063 Ἀλέξιος
1209 1011 1279 1055 τὸν
1308 1011 1494 1068 α’δελφὸν
1516 1011 1725 1057 Ἰσαοὶκιον

281 1079 531 1136 καθῃρηκώς
559 1080 633 1134 τῆς
660 1079 816 1135 ἀρχῆς·
875 1081 966 1120 δέον
1000 1080 1045 1120 δὲ
1072 1077 1130 1133 μὴ
1159 1077 1290 1134 πάντῃ
1323 1079 1532 1132 ἀμελῆσαι
1550 1079 1622 1131 τῆς
1642 1093 1723 1132 φυ-

282 1148 408 1200 λακῆς
436 1145 592 1196 αὐτοῦ,
641 1144 663 1184 ὅ
710 1147 757 1187 δὲ
786 1144 1015 1197 λαθόμενος
1044 1144 1101 1194 ὥς
1138 1145 1370 1198 ἐγκαιόνται
1396 1149 1482 1193 τοῖς
1519 1145 1725 1192 πλείστοις

157 1220 272 1263 P.346
284 1210 328 1252 αἱ
354 1212 578 1266 συμφοραί
603 1212 676 1252 καί
700 1210 1114 1263 εἷσίνίἶναπόνιπτοι,
1147 1205 1243 1252 οὔτε
1268 1209 1355 1265 μὴν
1382 1207 1407 1264 ἦ
1429 1211 1521 1265 δι’κη
1550 1211 1606 1252 δι’
1623 1205 1722 1251 ὅλου
1741 1213 1787 1253 ι5

281 1280 345 1324 τίς
371 1278 485 1318 ἐστιν
503 1276 774 1325 οἷδιύπνιστος
791 1277 864 1317 καί
888 1283 980 1324 ταῖς
995 1277 1186 1329 χρονίαις
1205 1278 1442 1331 φιληδοῢσα
1455 1278 1721 1329 μεταβολαῖς,

282 1343 370 1383 ἀλλ’
398 1341 532 1383 ἔπεισι
564 1341 635 1383 καί
660 1338 876 1394 ταχύπους
912 1341 986 1383 καί
1012 1341 1194 1397 ἀψόφως
1222 1343 1452 1384 ἐπιπίπτειν
1498 1345 1623 1396 φιλεῖ,
1639 1346 1725 1389 τοῖς

282 1406 383 1460 ἔργα
411 1407 603 1461 ῥέζουσιν
632 1402 758 1448 ἄδικα
773 1440 786 1460 ,
814 1407 1012 1449 ἐνδίδωσι
1040 1409 1101 1464 τῷ
1126 1407 1352 1464 κασιγνήτῳ
1390 1406 1572 1461 διάγοντι
1618 1403 1723 1447 κατὰ

283 1471 379 1521 τοὺς
406 1473 571 1524 κίονας,
612 1474 657 1515 οἳ
688 1472 788 1527 περὶ
831 1470 904 1514 τὸν
935 1471 1130 1527 πορθμὸν
1176 1472 1338 1514 οἷκταῐοι
1382 1471 1455 1514 καί
1500 1473 1723 1522 δυὰζοντες

282 1537 472 1579 ἵστανται
489 1570 502 1590 ,
525 1540 666 1590 βίοτον
695 1536 807 1590 ἔχειν
844 1533 1009 1590 ἄνετον,
1038 1539 1110 1579 καί
1138 1540 1266 1579 πᾶσιν
1294 1540 1590 1593 α’νεπέγκλητον
1617 1533 1724 1579 εἶναι
1737 1554 1789 1581 20

283 1601 360 1657 τὴν
386 1605 446 1651 εἰς
474 1601 606 1644 αὐτὸν
638 1604 900 1645 διαπλώϊσιν.
955 1599 1008 1656 ἦν
1035 1599 1113 1644 οὖν
1142 1605 1216 1645 τοῦ
1249 1605 1506 1656 βουλομένου
1544 1601 1724 1658 παντός,

285 1671 357 1708 καί
382 1668 428 1710 οἲ
450 1670 496 1710 ἐκ
522 1669 665 1721 γένους
692 1668 877 1722 μάλιστα
914 1671 997 1711 τῶν
1034 1672 1256 1721 Λατίνων,
1297 1670 1356 1718 εἰς
1386 1666 1587 1711 Ἰσαάκιον
1621 1669 1725 1710 α’να-

285 1739 413 1776 πλεῖν·
471 1730 533 1784 οἷς
574 1735 649 1776 καί
691 1737 881 1792 κρυφίων·
927 1735 1122 1785 κοινωνὸς
1159 1736 1366 1778 ἐδείκνυτο
1408 1735 1723 1788 βουλευμάτων,

376 1855 407 1893 5
434 1869 508 1891 των
533 1858 598 1892 ἐπὶ
626 1859 695 1902 γῆς
719 1857 861 1903 γηΐνων
888 1857 1059 1912 ἀγγέλων
1082 1858 1120 1891 Β.
1232 1869 1282 1903 ¹7·
1310 1856 1487 1915 ἅψόφως]
1519 1856 1664 1914 οἷψηφει
1683 1858 1721 1891 Α.

382 1907 434 1938 18.
458 1903 585 1951 ἄδικα]
609 1903 739 1939 ἔνδικα
763 1904 803 1937 Α.
947 1897 1039 1938 κατὰ
1065 1897 1168 1953 τους]
1208 1905 1298 1951 περὶ
1331 1901 1374 1939 τοὶ
1401 1906 1588 1950 οἰκήματα
1611 1903 1655 1938 τά
1682 1906 1724 1940 ἐν

377 1954 424 1984 τώ·
451 1950 704 1986 &antenorem
728 1952 826 1997 πέρα
853 1950 946 1987 ὄντα
973 1952 1009 1984 Β.

379 2054 410 2085 8.
460 2051 639 2085 Hactenus
672 2052 860 2097 expeditus
896 2053 966 2086 fuit
995 2058 1139 2086 nostrae
1173 2053 1344 2086 orationis
1374 2064 1517 2094 cursus,
1548 2057 1586 2086 et
1621 2054 1722 2087 molli

287 2099 460 2142 processit
476 2099 542 2131 via.
570 2099 739 2144 deinceps
764 2111 848 2133 vero
868 2099 954 2144 quid
981 2099 1096 2132 (licam
1123 2101 1263 2132 nescio:
1291 2106 1363 2144 qu‘o
1389 2100 1485 2132 enim
1507 2100 1626 2132 animo
1641 2111 1723 2132 eum

289 2155 366 2177 esse
393 2156 455 2188 pir
493 2151 564 2185 est,
593 2146 656 2189 qui
683 2146 846 2190 publicas
882 2146 1022 2187 clades,
1062 2146 1195 2191 quibus
1232 2147 1352 2189 regina
1387 2145 1531 2178 urbium
1570 2147 1721 2180 terrenis

288 2192 367 2223 istis
391 2191 534 2234 Angelis
561 2192 822 2236 imperantibus
856 2193 986 2226 afflicta
1010 2198 1086 2233 est,
1114 2191 1434 2225 commemorabit?
1466 2192 1595 2224 vellem
1619 2193 1723 2237 equi-

289 2236 370 2269 dem
396 2248 451 2268 me
475 2239 632 2270 omnium
656 2239 859 2282 gravissima
884 2245 921 2272 et
951 2218 1151 2272 tristiss'ima
1183 2239 1275 2271 mala
1307 2249 1371 2283 pro
1408 2238 1583 2281 dignitate
1618 2250 1723 2282 posse

291 2294 479 2326 exponere.
506 2284 569 2316 sed
586 2285 671 2328 quia
695 2285 733 2317 id
759 2286 837 2318 fieri
861 2298 934 2318 non
956 2291 1086 2330 potest,
1111 2285 1294 2318 historiam
1317 2284 1529 2328 compendio
1555 2295 1723 2329 exequar,

292 2330 472 2362 utiliorem
499 2330 652 2363 futuram
678 2332 830 2375 posteris
857 2332 904 2364 ob
933 2331 1153 2365 moderatam
1186 2331 1340 2365 tristium
1365 2341 1482 2363 rerum
1510 2341 1724 2365 commemo-

292 2377 468 2409 rationem
494 2382 531 2408 et
555 2376 686 2410 doloris
711 2377 998 2411 diminutionem.

385 2423 529 2455 Alexius
554 2423 698 2456 fratrem
722 2425 895 2457 Isaacium
917 2425 1068 2468 imperio
1097 2424 1273 2457 deiectum
1298 2428 1517 2455 excaecarat:
1557 2423 1620 2456 sed
1645 2433 1724 2456 cum

293 2470 370 2501 eius
394 2469 556 2502 custodia
582 2481 653 2502 non
678 2481 820 2513 prorsus
852 2471 1064 2514 negligenda
1096 2476 1206 2510 esset,
1240 2469 1374 2502 oblitus
1408 2469 1592 2514 plerisque
1627 2469 1724 2503 inuri

293 2516 510 2549 calamitates
534 2527 600 2548 nec
623 2516 735 2548 deleri
760 2528 876 2560 posse,
901 2522 938 2550 et
961 2517 1155 2550 vindictam
1179 2527 1252 2549 non
1276 2521 1450 2560 perpetuo
1475 2521 1635 2556 stertere,
1659 2515 1725 2549 sed

292 2564 380 2594 seris
407 2562 560 2606 gaudere
583 2563 867 2603 mutationibus,
894 2569 931 2596 et
953 2563 1118 2596 celeriter
1146 2563 1370 2607 ingruentem
1397 2563 1505 2596 tacito
1534 2572 1595 2596 eos
1629 2561 1722 2606 pede

293 2609 489 2645 consectari
515 2609 577 2653 qui
602 2610 735 2641 nefaria
748 2609 906 2641 facinora
918 2615 1136 2653 perpetrent,
1161 2609 1303 2642 fratrem
1324 2609 1422 2642 iuxta
1440 2609 1527 2642 duas
1541 2608 1723 2642 columnas

293 2667 385 2699 quae
414 2656 451 2688 in
479 2655 563 2688 freti
586 2655 708 2689 littore
732 2661 817 2689 sunt
838 2655 955 2688 libere
978 2657 1096 2688 vivere
1125 2667 1248 2699 passus
1273 2661 1346 2695 est,
1373 2666 1492 2700 neque
1517 2665 1723 2699 quenquam

294 2701 443 2734 adeum
472 2703 632 2735 traiicere
669 2703 792 2735 vetuit.
824 2707 900 2735 erat
939 2702 1051 2746 igitur
1083 2703 1238 2735 cuiusvis
1278 2701 1449 2735 Isaacium
1484 2701 1610 2741 adire,
1646 2706 1722 2735 tum

292 2759 374 2784 vero
406 2749 631 2789 Latinorum,
658 2760 735 2782 cum
760 2747 890 2794 quibus
918 2760 1043 2782 arcana
1070 2749 1220 2784 consilia
1255 2748 1299 2782 de
1333 2748 1548 2783 ulciscendis
1580 2747 1720 2783 iniuriis
