1838 3210
448 197 518 237 DE
557 195 810 238 MANUELE
849 195 1112 239 COMNENO
1153 198 1253 238 Lm.
1281 197 1352 239 Vi.
1517 179 1626 248 243

189 295 499 352 φανταζόμενος
542 296 596 337 ου’
628 302 713 346 τοῖς
743 298 844 348 ζῶσι
870 299 1110 340 συνέταττεν
1145 297 1323 351 ἑαυτόν,
1356 296 1429 340 καὶ
1455 297 1633 351 μάλισθ’

188 358 252 404 ὅτι
277 360 350 404 τὸν
375 363 545 417 χάρακα
574 363 883 418 περιτρέχοντες
919 364 1186 419 διαπρυσίοις
1211 362 1440 405 ἀνεκάλουν
1470 371 1632 420 φωναῖς

188 426 227 468 οἱ
254 425 462 482 βάρβαροι
493 425 594 477 τούς
621 426 835 480 ὁμοεθνεῖς
864 428 1032 482 αὐτοῖς,
1068 430 1112 470 οἳ
1134 427 1239 471 κατὰ
1267 428 1418 486 χρείαν
1447 425 1476 484 ἢ
1501 428 1634 483 μετά-

187 495 307 535 θεσιν
331 494 508 543 πίστεως
537 490 640 549 πρὸς
662 493 897 546 Ῥωμαίους
938 495 1248 550 προυχώρησαν
1275 495 1431 548 πάλαι,
1457 496 1530 538 καί
1555 513 1633 538 πα·
1644 507 1685 541 V.
1700 520 1746 554 99

151 560 343 615 5ρῃνοῦν
380 561 561 608 ἐξελθεῖν
592 556 797 612 αὐτονυχὶ
828 560 907 599 τοῦ
944 561 1193 614 στρατηγίου
1235 559 1292 609 ὥς
1337 562 1635 614 ἀπολουμένων

187 621 318 680 ἄρδην
356 624 490 666 ἕωθεν
521 622 674 666 αὕτίκα
707 626 790 666 τῶν
821 626 866 666 ἐν
907 620 1034 682 αὖτιῖι.
1093 627 1403 682 διενυκτέρευον
1433 622 1509 670 οὖν
1530 628 1634 670 ‘Pm-

186 695 306 742 μαῖοι
341 686 445 731 κατὰ
489 687 683 746 φρήτρας
725 691 798 731 καί
838 691 1019 744 λογάδας
1063 697 1150 740 τοῖς
1186 691 1337 747 φύλοις
1375 694 1490 748 φῦλα
1536 710 1637 735 συν-

188 753 472 812 αγειρόμενοι,
510 755 766 808 ,θαπτόμενοι
806 754 910 811 πρὸς
951 751 1090 810 ὦχρον
1131 756 1211 798 ὑπὸ
1260 759 1401 810 δέους,
1446 760 1505 808 εἷς
1547 751 1636 802 οἷον

186 820 239 862 τὰ
275 822 435 863 πέταλα
474 821 557 862 τῶν
595 821 776 876 δένδρων
818 820 922 862 κατὰ
957 820 1103 877 καιρὸν
1134 821 1208 864 τὸν
1243 822 1480 879 φυλλοχόον
1503 840 1635 876 μετα-

130 886 463 943 ιομορφάζεται.
531 887 596 942 (5)
636 884 764 935 αὐτὸς
808 889 854 929 δὲ
893 886 915 927 ὁ
959 890 1127 940 κρατῶν
1165 887 1441 943 ἄγενεστᾰτας
1477 889 1678 943 βουλὰςι)

189 948 347 996 ὤδινεν.
406 951 463 1001 ὥς
505 953 552 994 δὲ
593 950 753 999 ταύτας
786 951 998 994 ἀποτεκών
1027 953 1086 1002 εἰς
1117 951 1248 1009 α’κοήν
1272 956 1356 996 ταῖν
1387 954 1467 997 συν
1493 956 1634 1013 ἐκείνῳ

187 1019 381 1074 ἐξέφερε,
416 1019 489 1060 καί
531 1012 583 1074 ἦν
618 1015 663 1059 τὸ
703 1016 999 1074 ὑφηγούμενον
1029 1021 1217 1074 λαθραία
1247 1018 1361 1075 φυγή
1392 1023 1464 1062 καί
1489 1019 1637 1063 τοσού-

187 1101 272 1126 των
300 1086 453 1139 ψυχαῖν
480 1085 538 1133 εἰς
567 1085 863 1138 αἰχμαλωσίαν
890 1085 964 1125 καί
991 1083 1176 1126 θάνατον
1202 1082 1391 1138 ἕκδοσις,
1423 1084 1638 1141 ἐκπλήττει

187 1149 286 1199 τούς
327 1152 641 1205 ἀκροωμένους,
681 1151 754 1191 καί
779 1152 939 1202 μᾶλλον
971 1148 1045 1192 τὸν
1078 1153 1445 1207 Κοντοστέφανον,
1480 1152 1538 1201 ὥς
1564 1152 1638 1194 ἄν·

130 1214 284 1272 ι5δρὸς
315 1215 671 1272 ἀλλοφρονοῦντος
699 1218 772 1256 καί
794 1218 1179 1272 περιστρεφομένου
1207 1219 1424 1274 σκοτοδίνῃ
1455 1213 1641 1272 ἆτεχνοὸς

187 1280 469 1339 φθεγγόμενος
498 1281 679 1337 ῥήματα.
738 1281 788 1324 οὔ
819 1280 948 1335 μόνον
969 1284 1016 1323 δὲ
1041 1281 1081 1323 οἱ
1102 1279 1210 1337 πρὸς
1231 1284 1382 1336 σκέψιν
1413 1284 1492 1324 τοῦ
1520 1298 1642 1337 ποιη-

186 1350 282 1389 τέου
311 1347 582 1396 συνελθόντες
623 1350 789 1402 βαρέως
817 1344 989 1403 ἤνεγκαν
1017 1345 1065 1390 τοὶ
1107 1347 1394 1403 η’νωτισμένα,
1427 1347 1535 1390 ἀλλὰ
1567 1350 1646 1390 καί

187 1429 250 1463 τις
280 1411 438 1465 ἔξωθεν
462 1411 593 1464 ἑστώς
620 1416 693 1469 τῆς
719 1417 870 1470 σκηνῆς
887 1416 932 1457 ἐκ
948 1415 1031 1456 τῶν
1059 1412 1283 1469 ἀγνώστων
1309 1415 1384 1455 καί
1409 1417 1494 1457 τῶν
1524 1413 1643 1456 uzel-
1702 1441 1704 1445 ,

186 1495 296 1522 στων
322 1484 605 1536 στρατιωτῶν,
654 1481 711 1530 ὥς
734 1480 781 1523 τὸ
814 1479 1034 1534 βασιλικὸν
1061 1482 1105 1529 ἐς
1139 1474 1213 1529 οὖς
1242 1482 1412 1532 ἐδέξατο
1443 1481 1610 1534 σκέμμα
1627 1513 1641 1534 ,

124 1543 364 1602 αοιῖψώσας
401 1545 480 1601 τήν
508 1546 653 1603 φωνήν
689 1549 763 1589 καί
789 1545 1012 1601 διωλύγιον
1054 1544 1292 1600 ἀνοιμώξας
1337 1549 1473 1602 ,,φεῦ”
1504 1543 1639 1599 εἶπεν,

186 1613 338 1666 »ὁποῖα
358 1611 407 1668 δη
424 1614 497 1654 καί
511 1611 532 1654 ὃ
547 1612 746 1666 βασιλεὺς
763 1613 982 1667 Ῥωμαίων
999 1613 1058 1662 εἰς
1084 1615 1184 1654 νοῦν
1205 1610 1409 1666 ἐβάλετο.”
1439 1611 1512 1654 καί
1536 1610 1643 1668 πρὸς

186 1678 339 1720 ἐκεῖνον
363 1677 439 1733 τήν
466 1681 543 1720 τοῦ
564 1677 684 1734 λόγου
699 1682 887 1735 στρέψας
917 1676 1052 1733 ὁρμήν
1080 1679 1210 1732 ,,οὖχι“
1236 1678 1313 1720 σύ”
1337 1694 1467 1733 φησιν
1484 1677 1535 1730 ,,ὄ
1566 1676 1638 1719 διὰ

185 1745 258 1797 τῆς
284 1741 441 1799 ἐρήμης
482 1743 635 1800 ταύτης
678 1744 753 1786 καί
776 1747 925 1799 στενῆς
958 1744 1057 1785 ὁδοῦ
1091 1746 1302 1796 ἐκθλίψας
1341 1744 1452 1798 ἡμᾶς
1480 1744 1552 1784 καί
1577 1745 1684 1795 εἰς-Ρ,
1705 1767 1764 1794 122

187 1804 395 1851 ἀπώλειαν
424 1809 642 1865 διηθήσας,
673 1807 699 1866 ἢ
728 1813 890 1864 μᾶλλον
923 1807 1056 1852 οἱονεί
1076 1825 1158 1851 τινι
1191 1805 1301 1867 ὅλμῳ
1331 1810 1527 1858 ἐκπιέσας
1553 1813 1638 1858 τοῖς

285 1932 336 1976 14.
359 1931 520 1979 μᾶλλον]
545 1932 660 1966 πλέον
677 1933 717 1965 Λ.
825 1934 878 1967 16.
901 1932 971 1966 τοῦ
997 1931 1175 1974 ποιητέου
1204 1942 1261 1964 om
1288 1931 1327 1966 A.
1490 1939 1547 1965 20.
1574 1932 1641 1964 καὶ

282 1978 500 2026 διωλύγιον]
530 1979 623 2025 μετὰ
653 1978 831 2023 δακρύων
863 1979 992 2022 ἐβόησε
1018 1979 1055 2011 Β.
1177 1989 1231 2011 21.
1257 1971 1301 2020 δή
1330 1976 1410 2024 καὶ]
1441 1980 1504 2011 καὶ
1530 1975 1573 2020 δὴ
1601 1978 1639 2010 Β.

281 2029 337 2070 24.
353 2025 538 2067 διηθήσας
562 2026 609 2058 A:
626 2026 732 2069 vulgo
752 2025 955 2067 διωθὴσας.
1025 2025 1184 2072 μᾶλλον]
1209 2024 1337 2070 ὥσπερ
1364 2026 1418 2062 εἰς
1438 2023 1552 2070 ὀγδὶν
1574 2027 1641 2069 βα·

281 2072 358 2108 adm
383 2073 480 2119 ἡμᾶς
505 2075 762 2119 συνέσφιγξας
785 2073 822 2105 Β.

187 2176 402 2208 cursitantes
417 2175 610 2220 populares
638 2186 732 2216 suos,
757 2175 820 2220 qui
844 2174 902 2207 vel
927 2173 1103 2219 religione
1127 2178 1265 2208 mutata
1292 2173 1349 2207 vel
1375 2173 1456 2207 aliis
1481 2174 1528 2207 de
1555 2185 1639 2207 cau-

187 2223 235 2255 sis
261 2223 348 2255 olim
374 2221 420 2254 ad
453 2223 629 2255 Romanos
670 2233 707 2254 se
736 2222 984 2262 contulerant,
1014 2233 1094 2254 cum
1119 2221 1283 2254 maximis
1311 2220 1530 2254 clamoribus
1554 2221 1639 2254 hor-

189 2269 359 2302 tabantur
387 2274 428 2302 ut
460 2279 501 2301 ea
540 2275 647 2302 nocte
683 2269 806 2302 castris
835 2268 1069 2301 excederent:
1105 2280 1209 2301 mane
1236 2269 1332 2301 enim
1362 2279 1485 2300 omnes
1511 2269 1573 2313 qui
1601 2268 1640 2301 in

190 2316 233 2348 iis
275 2321 396 2349 essent
420 2316 614 2360 perituros.
654 2327 732 2348 eam
764 2320 905 2348 noctem
934 2317 984 2349 ita
1019 2321 1216 2359 exegerunt
1238 2316 1408 2356 Romani,
1435 2320 1533 2347 metu
1560 2315 1640 2360 pal-

189 2363 329 2403 lentes,
366 2368 408 2396 ut
442 2362 596 2396 tribules
621 2374 699 2395 cum
729 2362 950 2403 tribulibus,
990 2363 1096 2395 amici
1123 2374 1202 2395 cum
1230 2363 1352 2396 amicis
1378 2372 1416 2394 se
1441 2361 1640 2405 coniunge-

190 2414 279 2442 rent.
329 2409 382 2455 (5)
408 2410 454 2442 At
485 2409 681 2454 imperator
715 2421 794 2442 cum
823 2410 1091 2454 ignavissimum
1122 2409 1313 2442 consilium
1342 2408 1386 2442 de
1413 2407 1639 2441 clandestina

191 2456 274 2499 suga
303 2461 340 2489 et
362 2461 420 2489 tot
446 2456 608 2489 millibus
645 2457 726 2490 neci
762 2456 979 2489 obiiciendis
1006 2455 1215 2501 proceribus
1245 2457 1466 2500 aperuisset,
1493 2454 1639 2487 audito-

192 2513 268 2542 res,
292 2508 330 2536 et
354 2502 668 2548 Contostephanus
696 2504 734 2536 in
759 2503 906 2548 primis,
940 2503 1231 2548 obstupuerunt,
1257 2503 1361 2547 quasi
1384 2502 1494 2535 verba
1523 2502 1640 2533 homi-

191 2548 248 2580 nis
271 2559 395 2592 parum
421 2550 498 2582 sani
541 2550 762 2595 loqueretur.
787 2561 855 2583 nec
883 2550 927 2583 iis
953 2551 1070 2583 solum
1101 2551 1164 2595 qni
1200 2550 1238 2583 in
1264 2550 1455 2582 consilium
1479 2547 1638 2581 adhibiti

194 2595 358 2636 fuerant,
383 2606 461 2629 eam
485 2597 685 2630 orationem
713 2597 866 2641 graviter
893 2597 1076 2630 tulerunt:
1107 2596 1170 2629 sed
1195 2596 1342 2641 quidam
1369 2597 1542 2629 obscurus
1570 2594 1639 2626 mi-

193 2640 268 2681 les,
306 2642 368 2685 qui
403 2648 502 2675 extra
536 2643 810 2677 tabernaculum
850 2649 1020 2684 steterat,
1056 2643 1181 2677 audito
1211 2644 1287 2676 eius
1322 2643 1532 2687 proposita,
1558 2649 1639 2673 cum

195 2687 332 2731 ingenti
358 2689 509 2732 suspirio
536 2696 572 2723 et
596 2691 669 2724 alta
693 2701 779 2723 voce
804 2690 939 2736 „quid”
966 2691 1110 2735 inquit,
1137 2692 1400 2731 „Romanorum
1427 2688 1639 2732 imperatori

195 2734 232 2766 in
258 2739 412 2766 mentem
440 2736 584 2769 venit?”
614 2743 652 2770 et
674 2738 720 2770 ad
743 2738 861 2781 ipsum
902 2748 1091 2770 conversus
1118 2749 1216 2777 „non
1242 2738 1303 2769 tu’'
1338 2735 1459 2780 inquit
1492 2734 1547 2774 „is
1577 2745 1637 2774 es,

196 2781 257 2824 qui
284 2781 320 2813 in
350 2780 526 2815 desertam
555 2788 592 2816 et
623 2789 806 2828 angustam
831 2784 937 2817 istam
963 2784 1053 2818 viam
1089 2795 1153 2816 nos
1179 2783 1360 2823 intrusisti
1383 2787 1420 2815 et
1443 2781 1482 2815 in
1509 2780 1638 2814 interi-
