1838 3210
461 157 530 196 DE
575 153 831 197 maumam
870 153 1134 198 conmENo
1175 156 1276 196 un.
1309 157 1401 196 vu.
1541 154 1644 210 27¹

198 254 327 310 ἰσχύν
371 253 551 309 ἡρωϊκὸς
589 252 661 295 καί
687 252 819 302 πολύς
857 252 932 308 τήν
957 255 1152 307 σύνεσιν,
1181 253 1301 297 ἔθετο
1329 253 1548 296 παύουσαν
1577 253 1654 302 nit,-

197 320 330 375 μονάς
376 319 719 373 ἑμπλατύνεσθαι
767 316 962 374 πτήσεσι,
989 322 1240 375 τεθνηκυῖαν
1267 319 1400 362 πάλαι
1428 320 1487 375 τῷ
1509 317 1653 376 χρόνῳ

198 387 273 429 καί
298 386 346 428 τὸ
388 387 511 441 κῦρος
558 384 847 439 ἀποθεμένην,
875 386 932 441 τῷ
959 386 1130 443 ἐρυθρῷ
1156 387 1230 440 τῆς
1257 384 1474 440 βασιλείου
1505 386 1652 439 βαφῆς

199 451 258 500 ὥς
305 453 454 506 αἵματι
493 449 751 503 ἅναθάλψας
784 447 989 500 ἐζώωσεν.
1064 452 1118 492 ου’
1144 450 1230 506 μήν
1276 452 1324 493 δὲ
1353 448 1460 492 ἀλλὰ
1491 449 1564 491 καί
1590 450 1650 507 τῷ

162 515 332 573 5πατρί
357 515 431 559 καί
454 517 514 574 τῷ
542 513 696 572 πάππῳ
725 515 798 556 καί
823 521 912 563 τοῖς
939 518 1035 558 καθ’
1068 512 1175 569 αἷμα
1204 514 1464 571 προσήκουσι
1491 519 1651 564 λοιποῖς

198 579 377 636 ἅπασιν,
414 579 560 624 ὁπόσοι
601 578 732 633 μονὰς
772 577 1017 633 δειμάμενοι
1059 577 1138 622 ὅλα
1161 584 1327 636 πλέθρα
1367 584 1445 636 γῆς
1488 594 1648 635 καρπο·

203 648 315 704 φόρα
344 647 418 689 καί
454 647 661 699 λειμῶνας
702 644 904 700 χλοερούς
931 645 1083 695 αὐταῖς
1120 647 1498 702 προσεκλὴρωσαν,
1528 646 1686 699 ἐπεγ-Β

194 716 332 755 καλῶν
359 714 436 754 ου’κ
460 710 660 764 ἐπαύετο,
688 707 739 751 οὗ
767 710 877 753 κατὰ
914 713 1039 754 τοῦτο
1066 715 1368 767 μεμψιμοιρῶν
1394 708 1424 766 ἢ
1448 713 1647 766 μυκτῆρα

195 778 415 832 καταχέων
464 776 627 820 πλατύν
669 779 753 819 τῶν
782 773 1043 832 ἀνθρώπων,
1086 774 1150 821 ὅτι
1191 780 1266 834 τῆς
1306 776 1456 826 οὐσίας
1482 778 1570 834 θεῷ
1603 792 1645 818 τι

134 845 453 898 ιοιῖπένειμαν,
494 840 585 885 ἄλλ’
623 839 687 885 ὅτι
725 841 785 898 μῆ
817 846 955 893 καλῶς
998 843 1045 887 τὸ
1074 842 1203 886 καλὸν
1230 841 1486 899 εἰργάσαντο.
1546 843 1641 884 δέον
1654 848 1697 883 V.
1719 860 1776 882 ιιι

191 908 273 965 γάρ
315 911 361 952 ἐν
396 908 541 957 τόποις
582 906 902 964 δυσερευνήτοις
946 911 1020 952 καί
1059 908 1235 966 χωρίοις
1268 907 1528 965 πανερήμοις
1567 906 1644 950 καὶ

191 977 407 1030 σπηλαίων
434 971 559 1023 ὄπαΐς
585 976 657 1016 κατ’
682 974 791 1030 ὀρῶν
822 980 1056 1030 περιωπαῖς
1082 981 1170 1026 τοῖς
1194 973 1450 1029 μονάζουσιν
1481 973 1642 1016 ἀποτά-

190 1043 258 1091 ξαι
284 1040 333 1082 τό
375 1039 577 1095 σκήνωμα
586 1073 609 1099 ‚A
629 1040 704 1082 καί
727 1042 919 1096 παριδεῖν
960 1041 1136 1096 ταυτηνὶ
1161 1040 1235 1096 τὴν
1267 1042 1340 1098 ἐφ’
1359 1038 1641 1097 Ἑλλησπόντῳ

189 1108 383 1161 κειμένην
421 1106 662 1148 καλλίπολιν
700 1106 757 1155 ὦς
785 1104 853 1148 τὸν
878 1105 1013 1149 λωτόν
1048 1106 1278 1155 Ὀδυσσεύς
1322 1105 1396 1148 καὶ
1419 1104 1639 1161 Σειρήνεια

130 1175 294 1228 ι5μέλη
312 1172 363 1214 τὰ
407 1171 760 1224 δυσαπόσπαστα,
801 1171 840 1213 οἱ
869 1173 916 1213 δὲ
946 1170 1018 1214 τόν
1043 1172 1090 1224 ἐξ
1129 1170 1368 1227 ἀνθρώπων
1397 1169 1638 1227 θηρώμενοι

188 1237 378 1290 ἔπαινον,
410 1236 482 1278 καὶ
518 1235 616 1285 τούς
647 1239 963 1291 κεκονιαμένους
999 1233 1162 1281 ἑαυτῶν
1189 1238 1351 1295 τάφους
1379 1239 1450 1279 καί
1476 1241 1639 1292 ψηφῖσι

187 1303 511 1358 πολυχροόσμοις
532 1302 855 1358 διηνθισμένους
883 1305 943 1354 εἰς
968 1305 1076 1347 θέαν
1096 1309 1182 1355 τοῖς
1209 1305 1390 1347 εἰσιοῦσι
1418 1301 1518 1352 τούς
1534 1300 1640 1350 νεώς

185 1370 465 1424 προτιθέντες,
497 1367 570 1410 καί
587 1371 726 1424 νεκροί
740 1370 917 1424 ἐρῶντες
944 1368 1276 1428 στεφανούμενοι
1295 1371 1542 1412 δείκνυσθαι
1570 1369 1640 1409 καί
1655 1374 1682 1407 C

186 1434 376 1476 στιλπνοί
403 1435 477 1476 καί
504 1433 683 1490 φαιδροὶ
711 1434 763 1476 τὰ
800 1432 1035 1491 πρόσωπα,
1073 1438 1137 1479 ἐπ’
1166 1432 1325 1492 ἆγορᾶς
1351 1450 1399 1478 τε
1426 1435 1501 1477 καί
1527 1435 1644 1489 τριό-

121 1516 175 1543 :to
189 1500 272 1542 δ’ων
298 1497 351 1542 τά
389 1503 491 1542 θεῖα
534 1497 808 1558 ᾠκοδόμησαν
856 1500 1182 1558 φροντιστήρια,
1223 1501 1572 1549 ἐνλακκεύσαντες
1598 1500 1645 1541 ἐν

188 1567 351 1614 τούτοις
378 1567 452 1607 καί
477 1565 779 1620 ἐνσηκὰσαντες
814 1568 891 1608 οὐκ
920 1568 1139 1624 ἐπιλὲγδην
1164 1566 1211 1610 τὸ
1243 1568 1491 1622 ἅρεταῖνον,
1518 1563 1564 1608 τό
1596 1566 1643 1606 ὑὲ

189 1633 318 1685 μέχρι
363 1634 523 1686 τριχῶν
546 1632 766 1688 ζᾰποβολῆς
815 1632 891 1675 καί
914 1636 989 1688 τῆς
1016 1637 1099 1676 τῶν
1127 1632 1382 1689 ἐσθημάτων
1407 1630 1646 1686 μεταβολῆς

187 1696 354 1738 καὶτοῦ
382 1698 615 1753 α’φειμένου
646 1697 840 1751 πώγωνος
876 1701 1188 1754 χαρακτηρίζον
1218 1700 1291 1742 τὸν
1317 1697 1538 1752 μοναστὴν.
1569 1695 1642 1737 διὰ

191 1764 328 1804 ταῦτα
351 1766 491 1804 τοίνυν
526 1761 608 1804 εἴτε
654 1761 730 1818 την
755 1763 990 1819 μοναδικὴν
1031 1764 1266 1819 ὑπερείδων
1304 1759 1532 1818 σεμνότητα
1561 1757 1644 1817 ἤδη

119 1828 175 1870 25
189 1829 509 1885 α’φαντουμὲνην
536 1827 611 1870 καί
635 1829 771 1884 πρηνῆ
799 1827 872 1871 ἐπὶ
898 1828 1038 1882 στόμα
1065 1832 1325 1883 πίπτουσαν,
1349 1828 1432 1871 εἴτε
1458 1826 1545 1883 μὴν
1575 1828 1646 1868 δε-

280 1911 313 1944 3.
338 1912 532 1956 βασιλείου
558 1923 615 1945 om
635 1914 674 1947 Δ.
795 1924 829 1959 7.
853 1914 1153 1960 προσεκὺρωσαν
1176 1915 1216 1949 Δ.
1333 1913 1367 1948 8.
1388 1909 1519 1960 τοῦτο]
1540 1921 1579 1946 τι
1602 1911 1642 1946 Δ.

284 1960 334 1993 16.
359 1960 423 1991 καὶ
460 1964 501 2003 ψ.
524 1970 566 1992 π.
593 1959 888 2006 διηνθισμένους
913 1971 971 1994 om
994 1963 1035 1995 Δ.

186 2033 215 2066 ἰί
229 2032 292 2078 qui
310 2031 417 2066 huius
436 2034 532 2067 vitae
557 2032 700 2067 deliciis
726 2039 959 2079 occupantur,
974 2040 1016 2068 ut
1040 2036 1262 2069 sanctionem
1276 2034 1473 2081 Nicephori
1489 2032 1642 2075 Phocae,

184 2079 374 2113 fortissimi
399 2084 436 2113 et
448 2079 689 2113 coi-(latissimi
711 2081 951 2126 imperatoris,
980 2082 1068 2115 olim
1090 2082 1277 2124 abolitam,
1303 2082 1348 2115 de
1366 2093 1441 2115 non
1467 2079 1643 2125 augendis

184 2126 483 2159 monasteriorum
515 2127 743 2169 latifundiis,
778 2129 882 2173 quasi
901 2129 1128 2174 postliminio
1146 2129 1332 2169 revocarit,
1356 2139 1477 2174 neque
1501 2133 1641 2173 patrem

185 2184 289 2206 avum
307 2179 543 2219 caeterosque
581 2179 751 2219 cognatos
775 2185 859 2208 suos
887 2185 1011 2209 omnes
1026 2201 1036 2218 ,
1074 2177 1138 2222 qui
1162 2176 1392 2209 monasteriis
1419 2174 1642 2219 amplissima

182 2219 331 2265 praedia
354 2219 556 2262 donarant,
581 2221 747 2254 incusare
773 2221 967 2263 destiterit,
1009 2234 1083 2256 non
1110 2223 1210 2269 quod
1234 2222 1278 2256 de
1303 2223 1377 2256 suis
1413 2221 1546 2267 opibus
1569 2220 1640 2254 deo

183 2266 326 2312 aliquid
344 2273 623 2309 consecrassent,
647 2268 712 2301 sed
728 2268 827 2314 quod
849 2280 923 2302 rem
940 2269 1072 2303 bonam
1095 2270 1189 2303 male
1207 2269 1530 2303 administrassent.
1554 2278 1640 2301 nam

183 2324 265 2346 cum
297 2313 482 2347 monachis
509 2313 754 2348 habitationes
778 2315 816 2348 in
848 2315 984 2349 abditis
1010 2322 1047 2351 et
1073 2317 1225 2350 desertis
1254 2317 1361 2358 locis,
1399 2316 1438 2349 in
1463 2314 1575 2348 antris
1601 2320 1640 2348 et

182 2361 360 2393 montium
383 2361 629 2395 cacuminibus
654 2361 888 2406 assignandae
914 2369 1050 2405 essent,
1071 2369 1108 2397 et
1123 2364 1245 2409 Cpolis
1279 2369 1452 2408 tanquam
1468 2362 1638 2395 Sirenum

185 2412 310 2440 cantus
337 2407 483 2440 vitanda
498 2434 507 2449 ‚
533 2408 685 2452 gloriola
712 2409 839 2442 ductos
863 2410 1062 2444 incrustata
1079 2422 1144 2444 sua
1167 2410 1332 2455 sepulcra
1358 2414 1395 2443 et
1416 2410 1515 2443 vario
1542 2418 1637 2441 mar-

185 2463 284 2486 more
313 2460 484 2488 exornata
508 2455 552 2488 iis
580 2455 644 2500 qui
668 2456 805 2501 templa
834 2456 1084 2501 ingrediantur
1107 2457 1304 2502 spectanda
1326 2456 1570 2503 proposuisse,
1599 2459 1637 2486 et

145 2522 147 2525 -
187 2505 346 2533 mortuos
383 2511 529 2546 quoque
567 2503 733 2536 coronari
770 2514 807 2535 se
831 2508 868 2536 et
906 2503 1014 2536 hilari
1043 2503 1311 2550 splendidoque
1347 2503 1450 2537 vultu
1475 2501 1636 2545 conspici

186 2546 355 2587 voluisse,
380 2552 416 2580 et
439 2548 478 2581 in
502 2548 580 2581 soro
606 2559 647 2581 ac
671 2549 786 2582 triviis
810 2551 1028 2584 monasteria
1051 2551 1272 2592 aedificasse,
1298 2555 1335 2584 et
1350 2549 1403 2582 ibi
1427 2548 1530 2582 nullo
1554 2557 1635 2579 cum

187 2591 332 2625 delectu
370 2594 514 2628 virtutis
552 2595 654 2629 velut
686 2597 727 2629 in
753 2607 859 2630 cavea
900 2598 1118 2631 conclusisse
1143 2609 1225 2639 eos,
1256 2598 1319 2643 qui
1343 2594 1537 2629 monachos
1560 2603 1636 2625 non

187 2639 283 2671 ultra
314 2643 455 2672 tonsum
492 2642 664 2686 capillum
703 2648 740 2676 et
776 2649 954 2677 mutatum
987 2644 1153 2678 habitum
1175 2645 1460 2690 promissamque
1484 2639 1635 2672 barbam

188 2685 441 2729 expriinerent.
469 2686 526 2720 his
558 2688 668 2732 igitur
693 2689 738 2722 de
765 2691 905 2731 causis,
938 2691 1014 2724 sive
1038 2697 1080 2724 ut
1102 2692 1336 2724 monasticam
1361 2686 1635 2723 sanctimoniam

187 2737 376 2767 nutantem
401 2743 441 2765 ac
477 2734 598 2778 potius
624 2734 725 2769 humi
755 2737 830 2770 fere
855 2742 1070 2782 prostratam
1102 2737 1270 2779 fulciret,
1298 2738 1372 2772 sive
1396 2739 1559 2769 metuens
1586 2743 1633 2766 ne
