1838 3210
265 207 370 275 148
695 222 922 264 N1CETAE
959 221 1267 266 cnoMATAE

253 325 430 369 κόλασιν.
462 321 795 376 οἷνεξιγχνίαστόν
822 338 898 380 σου
926 323 972 364 τὸ
1004 323 1154 379 κριζιια,
1181 323 1253 364 καί
1296 321 1526 377 ἀνθρώπων
1565 328 1676 380 λογι-

252 396 372 443 σμοῖς
400 390 662 441 α’νεπιβατον.
692 386 801 442 πλὴν
832 385 875 429 εἶ
897 387 1051 445 σοφός’,
1081 387 1175 441 ναί,
1203 386 1276 431 καί
1303 385 1474 440 γνώμων
1501 389 1676 444 α’κριβὴς

251 458 323 496 τοῦ
364 455 642 503 συνοίσοντος,
671 448 747 492 κᾶν
789 452 900 506 ἡμᾶς
946 451 1042 501 τούς
1089 450 1449 507 σμικρογνώμονας
1480 455 1672 508 λέληθας.

249 515 330 573 ἤδη
371 521 449 570 μὲν
494 511 567 558 οὖν
607 532 669 564 τις
709 515 899 571 θηρητὴρ
943 512 1039 572 ὅφιν
1081 516 1276 573 δαφοινὸν
1306 513 1335 571 ἢ
1375 519 1515 559 λέοντα
1557 521 1676 560 λασι-

249 582 404 636 αύχενα
433 582 606 635 εἰσορῶν
647 583 719 622 καί
747 579 851 622 ἀΐων
882 583 925 623 ἐν
953 577 1090 637 ὄρεσιν
1119 581 1276 630 εὐθέως
1303 583 1510 631 ἐξέκλινεν.
1566 583 1711 625 α’λλὰὄ

245 649 317 688 καί
344 646 566 701 κακόεργος
592 641 709 694 ὅστις
735 645 784 700 δὴ
817 645 1068 701 παραιτητός
1096 648 1209 700 ἐστι,
1239 645 1417 702 δάκρυσι
1445 648 1516 689 καί
1540 651 1674 698 λιταῖς

242 711 545 766 παρυπάγεται,
611 708 741 765 ἄνδρα
785 713 831 752 δὲ
870 710 975 752 κακά
1013 714 1068 769 τῷ
1106 711 1277 766 πλησίον
1315 711 1673 766 βυσσοδομεύοντα

241 780 313 819 καί
352 772 458 818 ἄλλα
504 779 581 829 μὲν
604 778 647 818 ἕν
686 775 814 831 φρεσὶ
838 774 1043 818 κεύθοντα
1085 778 1208 830 ἕτερα
1237 777 1282 818 δὲ
1305 771 1485 830 βρίζοντα
1520 779 1673 833 σοφίας

241 844 311 883 δεῖ
352 844 503 897 πολλῆς
549 843 770 898 ἐκφυγεῖν,
815 843 887 883 καί
920 842 1044 897 χρεία
1087 843 1160 896 τῆς
1201 840 1281 883 α’πὸ
1327 843 1401 883 τοῦ
1443 844 1672 898 κρείττονος

239 908 453 963 ἐφάψεως.
677 917 681 920 ’
1689 927 1734 953 ιο

341 968 423 1015 'Hv
452 973 498 1015 δὲ
548 970 568 1012 ὃ
615 973 833 1026 λογοθέτης
859 965 1004 1023 οὗτος,
1034 970 1100 1012 ἳνα
1130 972 1202 1013 καί
1231 969 1290 1013 ἔτι
1317 969 1465 1026 μικρὸν
1495 988 1673 1028 παρακι-

237 1036 345 1093 νὴσω
374 1039 446 1092 τῆς
473 1036 657 1093 ἱστορίας
687 1052 759 1089 μοι
787 1034 856 1078 τὸν
885 1033 1046 1090 εἷρμόν,
1074 1033 1336 1090 μαθημάτων
1363 1038 1439 1088 μὲν
1467 1036 1672 1092 ὑψηλοτέ-

239 1120 323 1157 ρων
354 1098 466 1160 ἄκρῳ
494 1098 651 1158 λιχανῷ
676 1103 918 1156 γεγευμένος
943 1099 1020 1142 καὶ
1036 1102 1107 1156 τῆς
1133 1101 1392 1156 ὑπερσέμνου
1421 1105 1673 1159 φιλοσοφίας

193 1165 314 1211 Βοῦκ
344 1165 518 1223 ἀκριβὴς
549 1165 726 1222 ἐραστὴς
758 1164 849 1208 οὐδ’
877 1162 1067 1220 εὗμαθὴς
1100 1163 1275 1219 ὅπαὸός,
1305 1166 1519 1221 κράτιστος
1549 1169 1595 1209 δὲ
1622 1169 1674 1224 τῇ

238 1235 327 1291 φυᾷ
371 1234 442 1275 καί
484 1235 541 1290 τῷ
585 1228 819 1288 α’μελετήτῳ
861 1230 1024 1287 χαίρων
1064 1233 1136 1286 τῆς
1163 1230 1382 1287 φράσεως,
1412 1232 1519 1287 ῥέων
1545 1248 1588 1274 τε
1615 1234 1733 1290 τῷι5

234 1299 336 1356 λόγῳ
366 1298 473 1340 κατὰ
503 1295 670 1353 πηγάὸα
687 1299 976 1353 καλλίρειθρον
1004 1298 1291 1339 διεκδιὸοῦσαν
1321 1300 1400 1339 τῶν
1430 1300 1598 1352 πρανῶν
1625 1301 1671 1341 ἐκ

233 1366 355 1405 τοῦδε
385 1365 501 1412 κλέος
540 1363 795 1417 α’πηνὲγκατο
834 1364 1037 1417 μέγιστον.
1093 1361 1330 1418 ἀνθρώπων
1361 1364 1407 1405 δὲ
1439 1359 1669 1419 ὄψοφαγοό·

232 1445 353 1478 τατος
394 1424 452 1470 ὢν
491 1427 564 1470 καί
601 1427 858 1483 οἰνοφλύγων
903 1425 925 1468 ὃ
955 1426 1180 1483 ’κράτιστος
1218 1427 1322 1483 πρὸς
1345 1426 1488 1482 λύριον
1511 1426 1670 1483 ἔψαλλε

231 1496 304 1535 καί
332 1493 436 1547 πρὸς
473 1491 654 1548 κιθάραν
689 1492 1044 1548 μετερρυθμίζετο
1081 1494 1155 1534 καί
1180 1492 1362 1546 κόρδακα
1393 1493 1569 1548 ὠρχεῖτο
1599 1496 1672 1535 καί

231 1557 288 1602 τώ
320 1557 422 1600 πόδε
463 1558 659 1606 πολλάκις
696 1555 1012 1611 παρενεσάλευε.
1080 1556 1233 1611 χανδὸν
1261 1559 1306 1599 δὲ
1334 1558 1416 1599 τῶν
1447 1557 1568 1600 οἴνων
1595 1559 1669 1612 ἐμ·
1681 1576 1732 1602 20

233 1622 514 1680 φορούμενος,
552 1624 623 1663 καί
669 1622 775 1663 κατὰ
806 1621 901 1671 τοὺς
939 1623 1190 1670 θαλαττίους
1213 1620 1318 1675 χόας
1349 1625 1420 1664 καί
1445 1621 1518 1672 τὰς
1545 1639 1669 1678 σπογ-

232 1688 326 1744 γιὰς
353 1685 553 1742 συχνάκις
580 1686 624 1729 τὸ
655 1686 779 1729 ποτὸν
817 1686 1088 1740 οἷνιμώμενος,
1117 1687 1167 1727 οὐ
1197 1686 1447 1729 κατεπόντου
1476 1688 1548 1731 τὸν
1573 1689 1670 1731 νοῦν

234 1757 286 1811 τῇ
314 1753 490 1810 (lodda,
532 1753 638 1807 μήτε
683 1748 1084 1808 παρασφαλλόμενος
1124 1751 1180 1800 ὥς
1219 1751 1256 1793 οἱ
1287 1751 1458 1806 ἔξοινοι,
1488 1752 1594 1809 μήτε
1620 1754 1667 1795 τὸ

329 1860 361 1903 4.
391 1857 456 1900 ἤδη
480 1855 567 1914 μὲν]
604 1858 668 1889 καὶ
696 1854 792 1901 ὄφιν
817 1857 889 1901 μέν
922 1867 1007 1890 τινα
1031 1836 1267 1898 (λρακοντιιὲδη
1291 1859 1353 1889 καὶ
1376 1858 1505 1891 λέοντα
1529 1857 1670 1902 α”γριον

329 1907 392 1938 καὶ
418 1903 610 1949 α’νημερον
646 1902 886 1947 θεασάμενός
910 1913 966 1938 τις
996 1901 1173 1958 ἐκφεύγει
1198 1906 1259 1943 τῆς
1283 1901 1412 1946 βλάβης
1435 1902 1581 1944 αὐτῶν,
1602 1904 1668 1938 εἷν-

326 1954 487 2002 θρωμον
511 1948 551 1983 δὲ
574 1946 784 1983 κακοποιὸν
807 1950 869 1981 καὶ
898 1959 1042 1994 πονηρα
1072 1949 1108 1980 Β.
1229 1960 1280 1982 ιι.
1307 1948 1519 1996 λογοθέτης]
1548 1961 1668 1996 καμα-

330 2006 437 2041 τερος
457 1997 494 2028 Α.

239 2097 427 2121 accessum.
464 2090 502 2118 tu
533 2094 617 2118 vero
643 2083 784 2128 sapiens
821 2093 858 2115 es
883 2087 919 2115 et
943 2087 1127 2114 accuratus
1151 2083 1320 2115 utilitatis
1347 2082 1479 2124 iudex,
1506 2086 1667 2128 quamvis

237 2133 452 2167 tenuitatem
472 2130 695 2174 ingeniorum
713 2134 915 2162 nostrorum
932 2129 1121 2161 frustreris.
1139 2128 1327 2162 draconem
1348 2130 1494 2174 quidem
1513 2137 1575 2163 aut
1591 2132 1669 2164 leo-

238 2190 320 2213 nem
346 2179 408 2223 qui
445 2176 545 2210 videt
582 2182 645 2209 aut
671 2175 774 2207 audit
798 2175 836 2207 in
859 2175 1065 2215 montibus,
1105 2175 1225 2207 statim
1237 2175 1428 2217 :declinam
1452 2176 1606 2210 lacrimis
1633 2183 1670 2211 et

238 2225 405 2271 precibus
432 2224 540 2256 etiam
563 2221 656 2254 latro
680 2220 881 2264 mitigatur:
905 2220 952 2253 ad
973 2221 1087 2254 virum
1115 2231 1198 2253 vero
1227 2221 1307 2254 aliis
1332 2221 1576 2265 insidiantem,
1605 2224 1668 2269 qui

241 2271 342 2304 aliud
364 2271 485 2314 lingua
511 2273 714 2314 promptum
739 2266 840 2299 aliud
863 2271 1008 2311 pectore
1033 2266 1191 2299 clausum
1217 2267 1349 2309 habet,
1374 2268 1570 2302 cavendum
1593 2281 1669 2303 ma-

240 2329 308 2363 gna
333 2317 511 2362 sapientia
535 2320 588 2348 est
612 2325 701 2358 opus
729 2318 766 2346 et
787 2313 945 2345 numinis
970 2313 1117 2344 auxilio.

335 2363 524 2396 Caeterum
563 2361 634 2393 fuit
669 2361 698 2392 is
734 2359 932 2402 Logotheta
971 2358 1027 2404 (ut
1052 2358 1224 2391 historiae
1250 2360 1377 2393 seriem
1401 2361 1509 2407 paulo
1532 2361 1667 2400 diutius

241 2409 470 2456 suspendam)
497 2408 581 2441 talis
606 2406 669 2452 qui
690 2405 915 2439 sublimiores
942 2404 1148 2449 disciplinas
1173 2406 1388 2449 primoribus
1416 2407 1590 2442 duntaxat
1615 2408 1670 2442 la-

240 2459 314 2492 bris
339 2457 566 2499 dcgustarat‚
599 2457 843 2486 sacrosanctae
876 2451 1076 2495 sapientiae
1111 2462 1235 2495 parum
1262 2452 1415 2497 diligens
1439 2459 1578 2487 amator
1602 2465 1669 2488 nec

242 2503 370 2538 docilis
394 2501 590 2545 discipulus
605 2525 614 2540 ,
638 2498 702 2532 sed
724 2497 869 2542 ingenio
895 2497 1199 2542 praestantissimo
1222 2498 1391 2532 dictionis
1418 2501 1669 2545 extemporalis

243 2550 445 2588 studiosus,
475 2546 682 2591 eloquentia
701 2544 810 2577 fontis
829 2544 941 2576 instar
967 2543 1184 2576 exuberante
1199 2546 1385 2578 maximam
1411 2547 1558 2590 gloriam
1583 2546 1670 2580 ade-

243 2603 337 2643 ptus.
365 2595 434 2628 fuit
458 2599 495 2627 et
517 2592 721 2626 mortalium
745 2590 902 2623 onmium
927 2589 1171 2633 gulosissimus
1199 2596 1235 2623 et
1257 2591 1463 2625 bibulorum
1486 2594 1669 2638 princeps;

245 2653 373 2677 canere
402 2640 447 2674 ad
470 2641 581 2683 lyram
610 2642 647 2671 et
669 2636 840 2670 citharam
862 2635 1024 2681 pulsare,
1046 2635 1231 2669 cordacem
1255 2637 1385 2671 saltare
1411 2644 1448 2672 et
1473 2639 1583 2683 pedes
1610 2650 1670 2672 ce-

245 2690 370 2723 leriter
405 2687 475 2720 huc
501 2691 608 2730 atque
633 2684 721 2717 illuc
744 2683 877 2727 agitare
898 2687 1094 2727 promptus.
1122 2683 1282 2727 quamvis
1307 2690 1426 2717 autem
1450 2686 1571 2718 vinum
1594 2685 1670 2719 avi-

248 2735 392 2768 dissime
417 2732 665 2778 ingurgitaret,
704 2734 823 2762 tamen
846 2728 986 2762 nullum
1013 2729 1051 2761 in
1078 2739 1120 2762 eo
1146 2730 1282 2773 signum
1309 2729 1495 2765 ebrietatis
1518 2741 1668 2777 appare-

248 2782 333 2817 bat:
362 2781 432 2813 imo
458 2789 530 2826 quo
564 2777 644 2824 plus
667 2775 835 2817 biberat,
874 2785 916 2808 eo
950 2773 1161 2820 prudentius
1185 2776 1391 2821 irrigatione
1414 2777 1478 2811 illa
1505 2777 1579 2813 vini
1606 2788 1667 2811 ex·-
