1878 3230
495 177 716 218 ALEqus
754 175 930 218 DUCAs
967 175 1299 216 Momm-ms.
1504 155 1575 227 76
1587 173 1606 207 1

186 273 323 328 βάντα
353 274 460 330 πρὸς
483 273 527 317 τὸ
563 271 857 330 ἀντίστροφον,
888 270 967 316 ὅσα
998 271 1112 327 παρά
1142 269 1458 327 Χριοτωνὺμοις
1483 270 1614 326 σεμνὰ

189 340 262 382 καί
284 338 356 381 τὸν
382 342 457 394 τῆς
483 342 655 389 πίστεως
683 339 802 394 λόγον
829 340 1143 393 ὲξευγενίζοντα.

305 407 501 459 Tomi-P,
530 406 585 454 ὥς
610 408 656 447 ἐκ
687 408 847 446 πολλαῖν
879 405 1044 458 βραχέα
1073 406 1223 446 δοῦναι
1247 402 1298 460 τῇ
1340 402 1531 461 ἱστορία,
1577 401 1617 444 οῖ

189 473 232 522 ἔξ
260 467 438 523 ἑσπέρας
463 470 636 524 στρατοί
660 469 765 512 κατά
795 473 869 525 τῆς
894 471 1088 524 Χριστοῦ
1123 471 1395 524 κληρονομίας
1435 481 1619 523 παρηνο-

153 535 389 590 5μήκασιν,
421 537 485 578 ἐπ’
510 538 649 577 mmm*
674 539 757 577 τῶν
786 532 893 577 ὅλων
916 533 962 575 τὸ
998 534 1295 590 φιλάνθρωπον
1326 531 1618 586 ἐνδειξάμενοι,

189 600 294 642 ἄλλα
323 600 481 650 πάντας
510 601 838 651 ἄποξενιόσαντες
860 597 1088 654 χρημάτων
1106 598 1179 640 καὶ
1202 599 1418 653 κτημάτων
1447 596 1665 652 οἰκημά-Ι)

186 682 270 709 των
295 681 341 707 τε
368 665 441 707 καί
465 664 737 721 ἐσθημάτων,
768 665 842 707 καί
863 663 1045 720 μηδενὸς
1073 667 1155 707 τῶν
1181 662 1344 706 πάντων
1371 663 1620 716 μεταδόντες

187 737 274 781 τοῖς
302 729 461 785 ἔχουσι,
514 733 647 774 ταῦτα
676 731 700 772 ὅ
735 733 919 785 χαλκοῦς
947 730 1110 785 αὐχήν,
1147 730 1172 785 ἧ
1204 725 1370 781 ἀλαζών
1409 727 1550 785 φρήν,
1590 728 1618 783 ἧ

189 795 300 851 ὄρθι’]
333 797 496 852 ὀφρύς,
523 796 550 851 ἧ
578 796 648 838 0ἷεί
671 799 856 850 ’ξυριαῖσα
885 795 959 838 καὶ
992 796 1333 850 νεανισκευομένη
1376 792 1552 850 παρειά,
1593 794 1619 850 ἦ

127 865 440 919 ῖοφιλαίματος
469 860 606 916 δεξιά,
634 859 660 917 ἦ
691 858 919 915 ἆκρόχολος
959 862 1053 917 ῥίν,
1088 860 1109 904 ὅ
1137 863 1345 916 μετέωρος
1371 858 1623 916 ὀφθαλμός,

186 928 215 983 ἦ
247 923 455 982 ἄπληστος
481 927 658 982 γνάθος,
687 927 714 982 ἦ
736 926 936 982 α”στοργος
962 928 1118 981 γνώμη,
1148 927 1175 981 ἦ
1206 925 1307 981 τορὴ
1338 926 1410 968 καί
1436 925 1619 981 τροχαλῆ

187 992 312 1036 λαλιά
341 995 416 1034 καί
442 993 571 1046 μόνον
599 993 676 1034 οῦκ
703 995 990 1047 ἐπορχουμὲνη
1016 998 1101 1041 τοῖς
1120 993 1294 1045 χειλεσι,
1321 993 1480 1045 μᾶλλον
1507 993 1554 1034 δὲ
1582 991 1622 1033 οἱ

186 1062 288 1111 παρ’
326 1055 489 1107 ἑαυτοῖς
532 1058 801 1113 ἐπιστήμονες
838 1059 911 1100 καί
945 1059 1097 1114 σοφοί,
1137 1057 1177 1099 οῖ
1206 1052 1368 1112 εῦορκοι
1395 1058 1469 1099 καί
1495 1061 1621 1113 φιλα-

187 1122 332 1180 λήθεις
360 1126 434 1165 καί
457 1125 734 1180 μισοπόνηροι
759 1125 832 1166 καί
857 1125 942 1166 τῶν
964 1124 1157 1178 Γραικῶν
1184 1123 1304 1178 ἡμῶν
1332 1123 1627 1178 εὖσεβέστεροί

129 1191 231 1232 15τε
257 1191 330 1231 καί
358 1189 610 1244 δικαιότεροι
635 1191 708 1231 καί
744 1191 827 1232 τῶν
869 1190 1061 1244 Χριστοῦ
1106 1186 1399 1242 διαταγμάτων
1437 1188 1622 1243 φύλακες

188 1257 501 1310 ἀκριβέστεροι,
535 1253 580 1297 τὸ
611 1256 657 1296 δὲ
685 1257 833 1307 πλέον,
863 1254 902 1296 οἱ
938 1252 1013 1296 τὸν
1038 1251 1225 1309 σταυρὸν
1267 1254 1329 1295 ἐπ’
1359 1248 1483 1307 ὤμων
1511 1250 1620 1308 ἆρά-

185 1337 330 1375 μενοι,
358 1320 432 1363 καί
460 1320 654 1370 πολλάκις
681 1319 786 1362 κατὰ
813 1318 961 1362 τούτου
991 1321 1063 1362 καί
1085 1321 1168 1362 τῶν
1191 1319 1321 1361 θείων
1348 1318 1497 1370 λογίων
1524 1320 1619 1360 ἔπο-

185 1386 413 1441 μοσάμενοι
434 1385 508 1436 τὰς
535 1389 612 1440 μὲν
636 1388 718 1428 τῶν
739 1385 1055 1442 Χριοτωνύμων
1075 1382 1219 1440 χώρας
1246 1388 1473 1440 παρελθεῖν
1498 1385 1617 1427 dvm-
1629 1393 1665 1428 Ρ.
1679 1392 1746 1440 37⁰

186 1451 313 1506 μωτί,
343 1451 402 1507 μή
436 1449 763 1507 προσνεύσαντες
790 1449 993 1506 ἀριστερά
1035 1452 1134 1506 μηδ’
1173 1451 1430 1499 ἐκκλίναντες
1473 1450 1615 1503 δεξιά,

123 1533 176 1560 20
188 1518 291 1561 κατά
321 1520 366 1560 δὲ
391 1519 673 1573 Σαρρακηνῶν
699 1516 869 1559 ὁπλίσαι
895 1515 968 1566 τὰς
994 1522 1142 1572 χεῖρας
1175 1517 1250 1558 καί
1285 1515 1337 1558 τά
1376 1519 1476 1572 ξίφη
1514 1532 1618 1573 πορ-

278 1630 315 1663 9.
341 1616 363 1659 ἤ
384 1616 464 1696 dei}
485 1609 524 1651 τὸ
560 1615 619 1650 viel
651 1626 743 1651 ποτε
775 1616 1020 1661 ξυριζόμενον
1057 1617 1123 1650 καὶ
1151 1617 1239 1651 νέον
1271 1615 1509 1661 φαινόμενον
1542 1616 1619 1663 μά-

276 1665 416 1709 γουλον
468 1687 476 1695 .
598 1674 648 1695 ιο.
670 1663 694 1705 ’ἤ
718 1663 815 1709 ἄκρ.]
844 1663 865 1704 ἤ
888 1662 1002 1708 ὀργῆς
1026 1665 1137 1708 μὶτυς
1160 1663 1331 1708 γέμουσα
1355 1663 1394 1696 Β.
1515 1675 1567 1698 ιι,
1594 1663 1619 1706 ἤ

277 1708 382 1758 τορῆ]
409 1710 429 1751 ἧ
453 1711 717 1756 τετορνευμένη
739 1712 803 1742 καὶ
826 1703 991 1754 τραγανῆ
1020 1711 1199 1752 συντυχία
1231 1709 1269 1742 Β.
1370 1710 1420 1744 15.
1438 1710 1514 1743 τῶν
1532 1721 1620 1755 χρι-

280 1760 372 1791 στοῦ
399 1756 471 1800 δογ
503 1756 601 1790 α’των
624 1757 688 1789 καὶ
721 1754 883 1790 ἐντολῶν
913 1755 1172 1799 ἀκριβέστεροι
1242 1753 1393 1792 ύλακες·
1431 1754 1508 1788 ἄλλ’
1540 1751 1617 1801 ἐγῶ

278 1806 390 1838 τοῦτο
415 1801 462 1836 ου’
486 1803 502 1836 ὲ
525 1803 567 1836 ἐν
593 1803 764 1847 εἰρωνείᾳ
787 1799 808 1843 ἧ
832 1802 882 1839 ὥς
906 1803 1056 1846 γελοῖον
1083 1803 1177 1834 εἴπω
1230 1794 1270 1834 ui
1296 1801 1414 1846 λόγου
1438 1803 1540 1836 ποτέ·
1562 1805 1620 1840 τίς

277 1843 357 1895 γὰρ
382 1851 564 1885 κοινωνία
586 1850 684 1895 φωτὶ
707 1845 806 1895 πρός
836 1848 989 1891 σκότος;
1018 1845 1064 1881 *τὸ
1103 1846 1143 1882 δὲ
1165 1847 1462 1895 περισσότερον,
1488 1849 1526 1883 οἱ
1550 1846 1619 1885 τόν

280 1906 336 1930 στ.
359 1897 395 1929 Β.

186 1979 246 2008 tus
270 1975 421 2015 similia,
449 1979 570 2008 tamen
594 1975 631 2007 in
655 1975 871 2008 contrarium
895 1984 1063 2006 conversa
1089 1973 1132 2006 iis
1157 1984 1250 2018 quae
1273 1973 1370 2019 apud
1395 1972 1616 2008 Christianos

187 2020 339 2055 honesta
364 2027 401 2054 et
427 2021 591 2066 religioni
617 2027 856 2054 consentanea
880 2019 1095 2052 iudicantur.

279 2067 377 2100 Haec
398 2079 512 2112 pauca
546 2067 591 2101 de
614 2068 737 2100 multis
762 2067 1050 2100 Occidentalium
1073 2066 1292 2100 exercituum
1320 2065 1359 2098 in
1385 2065 1516 2099 Christi
1551 2064 1618 2098 he·-

187 2114 376 2147 feditatem
402 2114 555 2155 scelera,
583 2115 646 2159 qui
670 2125 752 2158 erga
774 2114 953 2146 neminem
976 2112 1198 2146 humanitate
1223 2113 1279 2145 usi
1304 2123 1426 2145 omnes
1450 2113 1616 2156 pecunia,

186 2160 740 2204 possessionibus·vestimentis,
766 2161 833 2193 aris
864 2165 902 2193 et
930 2160 1018 2192 focis
1044 2160 1263 2204 spoliarunt,
1298 2170 1366 2192 nec
1399 2159 1618 2202 possessori-

186 2205 255 2239 bus
284 2208 477 2253 quicquam
499 2208 771 2252 impertierunt,
795 2207 926 2240 litteris
950 2206 1154 2239 mandanda
1178 2217 1258 2239 esse
1286 2206 1421 2238 censui.
1446 2204 1616 2238 haeccine

187 2253 319 2286 collum
342 2265 484 2287 aereum
501 2279 511 2294 ‚
535 2254 709 2299 superbus
734 2253 895 2295 animus,
926 2259 1101 2286 arrectum
1131 2252 1384 2297 supercilium,
1410 2252 1619 2285 iuveniliter

184 2310 267 2332 >rasa
287 2301 452 2341 maxilla,
480 2301 706 2345 sanguinaria
730 2299 873 2341 dextra,
898 2299 1091 2332 iracundae
1117 2310 1243 2340 nares,
1262 2299 1377 2332 elatus
1402 2299 1539 2338 oculus,
1562 2299 1620 2330 in-

187 2344 383 2379 humanum
403 2347 606 2392 ingenium,
632 2346 786 2380 rotunda
809 2352 847 2380 et
870 2346 1020 2380 incitata
1046 2346 1194 2391 loquela
1217 2357 1259 2378 ac
1282 2350 1422 2378 tantum
1448 2356 1523 2389 non
1547 2344 1620 2376 sal-

188 2396 269 2424 tans
291 2393 330 2426 in
353 2393 486 2428 labiis?
513 2395 585 2427 imo
612 2394 756 2439 potius,
779 2404 841 2426 vos
869 2393 933 2437 qui
964 2398 1081 2427 vestra
1113 2392 1283 2438 opinione
1308 2391 1405 2425 docti
1438 2391 1619 2437 sapientes

189 2437 316 2471 fideles
338 2451 481 2473 veraces
503 2440 620 2485 probi,
645 2439 751 2474 nobis
775 2440 919 2473 Graecis
947 2439 1188 2484 religiosiores
1215 2438 1384 2472 iustiores
1407 2443 1444 2470 et
1472 2447 1620 2481 praece-

190 2488 335 2528 ptorum
362 2486 493 2520 Christi
520 2486 804 2521 observantiores
834 2486 920 2520 estis
945 2485 1026 2531 (ego
1046 2497 1130 2519 vero
1154 2485 1244 2519 haec
1266 2495 1450 2529 nunquam
1473 2494 1538 2526 per
1560 2482 1620 2514 lu-

192 2529 349 2563 dibrium
374 2537 411 2566 et
432 2533 549 2566 iocum
569 2533 739 2566 dixerim:
765 2543 848 2566 nam
871 2532 970 2578 quod
993 2533 1067 2565 luci
1089 2544 1170 2565 cum
1191 2531 1351 2565 tenebris
1377 2535 1431 2562 est
1447 2538 1621 2562 commer-

192 2577 285 2609 cium
297 2576 329 2620 ?)
356 2582 393 2610 et
416 2579 512 2622 quod
539 2581 651 2613 maius
680 2585 752 2620 est,
787 2580 851 2624 qui
879 2589 1018 2612 crucem
1046 2578 1180 2612 Christi
1203 2579 1242 2611 in
1271 2577 1437 2610 humeros
1471 2574 1620 2607 sustuli-

193 2623 256 2655 stis
279 2633 428 2667 eamque
454 2625 634 2660 et-divina
655 2625 798 2660 oracula
823 2636 930 2670 saepe
954 2626 1079 2659 testati
1102 2626 1187 2658 estis
1209 2635 1271 2658 vos
1290 2622 1509 2656 christianas
1535 2630 1621 2664 pro-—
1662 2659 1666 2663 .

190 2669 326 2702 vincias
351 2669 439 2703 citra
465 2673 671 2716 sanguinem
695 2672 926 2714 transituros,
942 2683 1011 2706 nec
1032 2671 1079 2705 ad
1104 2671 1286 2704 dexteram
1313 2679 1380 2701 nec
1412 2667 1457 2700 ad
1482 2667 1620 2700 laevam

193 2715 435 2758 declinantes,
469 2717 533 2751 sed
557 2723 682 2754 contra
706 2719 918 2754 Sarracenos
943 2730 1097 2754 armasse
1123 2728 1272 2757 manus,
1306 2724 1502 2760 eorumque
1536 2724 1618 2751 san.-
