1838 3210
220 189 237 222 1
255 188 281 222 2
374 155 376 158 ’
648 186 874 229 NICETAE
913 184 1224 227 cnomATAE

211 287 529 340 παραγένεσθαι.
595 285 638 325 αἱ
682 283 812 324 πύλαι
857 283 997 324 τοίνυν
1047 283 1118 325 τοῦ
1168 282 1372 323 παλατιόυ
1422 283 1635 334 χαλκείαις

211 348 387 404 ῥάβδοις
417 348 632 398 πλατείαις
670 346 828 402 θάτερα
866 350 946 389 τῶν
992 343 1129 401 ἄκρων
1157 349 1504 401 μετεωρισθεῖσαι
1529 350 1636 400 βρα-

210 413 268 467 χύ
296 431 337 456 τι
372 413 478 456 κατὰ
523 416 596 467 γῆς
633 412 878 466 βάλλονται,
917 412 1142 454 κάντεῦθεν
1179 409 1308 460 αὐτός
1348 425 1394 452 τε
1420 409 1526 463 μετὰ
1558 411 1635 468 ῥᾳ-

210 478 367 533 στώνης
398 475 656 532 εἰσεληλύθει
690 479 769 518 καί.
788 475 993 532 συνεισῂει
1019 475 1064 518 τὸ
1113 475 1347 532 ὁπλοφόρον
1379 474 1453 516 καὶ
1489 490 1636 529 συγγε-

209 545 310 591 νές·
378 542 426 583 οὗ
479 546 654 597 βραχεῖς
696 543 741 582 δὲ
779 542 852 582 καὶ
887 542 976 583 τῶν
1027 543 1071 582 ἐκ
1117 543 1192 583 τοῦ
1243 539 1464 594 ξύγκλυδος
1505 534 1674 593 ὅχλουὸ

210 605 584 662 συνομαρτούντων
603 605 720 647 ἔνδον
737 605 998 660 εἰσήρρησαν,
1027 606 1069 648 οἳ
1085 605 1158 646 καί
1174 605 1416 659 διαρπάζειν
1430 602 1474 646 τὸ
1506 619 1638 657 προσ-

171 671 338 726 (Ζτυχὸν
379 670 639 724 ἐπεβάλοντο.
715 673 795 713 ταῖν
837 672 882 712 δὲ
910 672 1049 713 πυλῶν
1076 666 1205 719 αὖθις
1231 661 1567 711 ἒπικλεισθεισῶν
1598 669 1643 710 οἳ

207 740 242 779 τ’
267 736 382 786 ἐκτὸς
408 739 482 779 τοῦ
510 738 735 792 ἐπεισρέειν
761 737 997 778 ἐπαύσαντο
1006 768 1019 788 ,
1048 737 1120 777 καί
1144 734 1189 777 τὸ
1217 732 1462 790 εἰσεφρηκὸς
1490 728 1640 782 ἐξιέναι

206 801 265 856 μὴ
296 802 638 858 συγχωρούμενον
665 802 734 856 ἐφ’
751 801 913 855 ἡμέρας
930 798 1087 852 συχνὰς
1108 802 1237 841 ἐκεῖσε
1262 802 1319 857 τῷ
1346 801 1517 853 βασιλεῖ’
1541 814 1640 840 συν-

206 868 423 921 διέτριβεν.
480 859 554 921 ἦγε
582 868 661 918 μὲν
690 861 762 906 οὖν
791 865 884 906 τότε
910 865 1096 918 πέμπτην
1122 866 1194 905 καί
1218 863 1392 918 δεκάτην
1423 863 1447 903 ὅ
1470 857 1640 916 Αὕγου-
1657 881 1704 906 ιο

207 945 301 980 στος
327 929 434 985 μήν·
505 928 650 978 νυκτὸς
694 931 733 970 δ’
759 928 955 983 ἐπιούσης
984 926 1006 969 ὅ
1033 928 1232 981 βασιλεύς
1263 930 1440 977 Ἀλέξιος
1463 929 1539 969 τοῦ
1568 929 1641 982 ζῆν

207 992 504 1050 οἷπενήνεκται,
533 991 664 1049 ἄρξας
693 993 912 1042 ἐνιαυτούς
939 992 1041 1036 {nto}
1072 992 1145 1034 καί
1168 993 1419 1047 τριάκοντα,
1448 994 1521 1033 καί
1545 988 1642 1046 ἥμι·

206 1076 260 1102 συ
302 1058 434 1115 μηνὸς
474 1057 552 1101 σύν
600 1065 685 1107 τοῖς
710 1059 922 1114 τέσσαρσι,
979 1056 1083 1099 κατὰ
1109 1059 1155 1099 δὲ
1182 1055 1255 1111 τὴν
1283 1057 1338 1098 ἕω
1370 1055 1499 1105 εῦθύς
1517 1072 1642 1109 μετα·

207 1125 417 1166 στέλλεται
460 1123 488 1179 ἤ
533 1123 669 1178 μήτηρ
699 1122 771 1165 τὸν
801 1120 991 1177 Ἰωάννην
1020 1123 1079 1170 εἰς
1106 1120 1179 1177 τὴν
1206 1123 1281 1163 τοῦ
1311 1122 1518 1176 πατρικοῦ
1545 1120 1642 1176 σκή-

207 1204 303 1238 νους
338 1191 490 1239 ἐξιέναι
530 1186 745 1240 πομπαίαν
782 1186 990 1242 πρόοδον,
1033 1182 1180 1228 αὐτίκα
1207 1184 1323 1239 μάλα
1351 1182 1639 1241 οἷρθησομένου
1657 1191 1705 1232 15

206 1269 250 1296 τε
277 1254 350 1295 καὶ
376 1255 666 1309 ἄχθησομένου
709 1253 769 1301 εἰς
803 1251 855 1306 ἢν
883 1253 1033 1300 ἐκεῖνος
1060 1252 1255 1304 ἑδειζιιατο
1282 1253 1454 1308 Χριστῷ
1483 1253 1540 1308 τῷ
1569 1267 1642 1306 φι-

163 1318 442 1377 Βλανθροόπῳ
483 1319 627 1373 μονήν.
701 1318 777 1360 οὐκ
815 1314 902 1370 εἶχε
931 1318 970 1357 δ’
1007 1313 1118 1372 αύτῇ
1156 1315 1230 1357 καί
1254 1317 1522 1370 πειθόμενον,
1552 1315 1640 1357 ἀλλ’

207 1381 258 1440 ἦν
284 1384 390 1440 πρὸς
418 1383 493 1438 τήν
520 1382 768 1438 μετάκλησιν
799 1382 1036 1432 οἷνανεύων,
1067 1381 1117 1422 ου’
1145 1381 1302 1434 θέσμια
1329 1380 1485 1435 μητρός
1511 1395 1642 1435 napo·-

208 1451 294 1505 ρῶν
320 1446 348 1504 ἢ
373 1447 448 1504 τήν
475 1447 679 1504 πατρικὴν
705 1446 833 1502 τιμήν
859 1446 1180 1499 ἀπωθούμενος,
1210 1445 1298 1486 ἄλλ’
1331 1442 1394 1486 ὅτι
1421 1444 1468 1486 τὸ
1493 1460 1655 1486 νεοπα-·

206 1517 276 1568 γὲς
307 1514 561 1568 ύπεβλέπετο
597 1515 671 1568 τῆς
699 1513 833 1568 ἀρχῆς
869 1511 940 1553 καὶ
967 1510 1066 1560 τούς
1094 1508 1337 1564 α’ντιζὴλους
1367 1509 1518 1551 ἐδεδίει
1542 1513 1640 1564 θερ-
1653 1528 1705 1557 20

206 1577 286 1632 μὸν
313 1577 374 1621 ἔτι
420 1580 749 1633 ἐγκυμονοῦντας
788 1579 863 1631 τῆς
887 1577 1102 1630 βασιλείας
1129 1573 1203 1617 τὸν
1229 1574 1378 1630 ἔρωτα.
1438 1571 1537 1616 ὅθεν
1563 1576 1642 1616 αύ-

207 1642 281 1694 τὸς
303 1647 381 1696 μὲν
414 1645 470 1692 ὥς
499 1642 537 1685 οἱ
570 1644 800 1691 πολύποδες
828 1645 912 1683 τῶν
939 1643 1100 1696 πετρῶν
1129 1643 1307 1694 ἐξειχετο
1336 1643 1418 1681 τῶν
1446 1636 1641 1695 ἀρχείων,

208 1708 254 1751 τό
291 1711 336 1750 δὲ
363 1714 556 1751 πλεῖστον
583 1711 656 1763 τῆς
682 1710 778 1761 μεθ’
807 1706 964 1750 ἑαυτοῦ
983 1708 1220 1762 συγγενείας
1249 1707 1454 1761 διαφῆκεν
1483 1705 1543 1754 εἰς
1570 1705 1642 1760 τήν

210 1772 386 1830 πρόοδον
413 1775 489 1816 τοῦ
516 1773 682 1830 πατρός.

322 1843 362 1882 ’5.
413 1839 611 1894 ἹΙμερῶν
640 1840 685 1880 δὲ
714 1841 880 1893 συχνῶν
902 1839 1200 1892 διαγενομένων
1226 1833 1298 1891 τὴν
1319 1835 1378 1883 εἷς
1404 1833 1463 1876 τοῖ’
1487 1835 1638 1890 α’ρχεῖα
1653 1840 1704 1881 25

302 1930 335 1962 8.
361 1925 631 1974 εἰσεφρονηκός
658 1927 694 1960 Α.
797 1929 853 1962 23.
876 1928 1020 1969 πλῆθος
1047 1927 1086 1960 A.

210 2011 294 2036 vero
319 2000 447 2045 palatii
475 2006 598 2045 aperta
614 2026 624 2041 ,
649 2010 741 2044 quae
765 2001 816 2032 ita
839 2005 963 2044 parata
995 2004 1071 2032 erat
1104 2003 1145 2031 ut
1167 2009 1246 2031 cum
1270 2008 1314 2031 ex
1340 1998 1453 2032 altera
1475 2002 1576 2044 parte
1601 1999 1639 2031 in

210 2057 348 2081 summo
378 2047 462 2079 latis
497 2047 609 2079 aereis
649 2046 792 2078 laminis
830 2046 1017 2090 paululum
1048 2044 1300 2085 attollebatur,
1337 2045 1481 2078 cardine
1522 2050 1640 2077 emota

210 2093 312 2126 humi
335 2093 497 2134 caderet,
522 2093 663 2125 facilem
692 2093 887 2136 ingressum
909 2091 1059 2131 habuit,
1084 2091 1338 2124 comitantibus
1364 2090 1581 2124 satellitibus
1604 2095 1642 2124 et

210 2140 380 2183 cognatis.
406 2150 476 2171 una
499 2139 630 2182 irrupit
654 2139 761 2171 etiam
788 2139 989 2182 promiscua
1015 2136 1140 2179 turba3
1164 2148 1234 2182 qua
1260 2136 1364 2170 obvia
1389 2147 1554 2181 quaeque
1584 2135 1642 2169 di·-

210 2187 328 2230 ripere
353 2196 534 2230 aggressa,
568 2184 704 2217 foribus
743 2185 892 2225 clausis,
919 2189 954 2216 et
979 2184 1041 2227 qui
1068 2188 1166 2215 extra
1192 2189 1317 2223 erant,
1342 2183 1492 2216 introitu
1516 2182 1640 2226 prohi-

208 2231 280 2265 biti
303 2237 406 2272 sunt,
433 2237 469 2264 et
493 2231 556 2276 qui
580 2231 803 2275 irruperant,
834 2229 1075 2274 compluribus
1114 2229 1241 2261 diebus
1266 2229 1394 2261 inclusi
1423 2241 1502 2262 cum
1525 2229 1640 2273 impe-

210 2283 328 2310 ratore
351 2278 527 2311 vixerunt.
553 2278 725 2321 agebatur
747 2282 824 2309 tum
843 2276 973 2309 mensis
997 2275 1152 2319 Augusti·
1170 2275 1245 2307 dies
1274 2275 1534 2319 quindecimus,
1559 2286 1639 2308 cum

209 2325 406 2368 imperator
427 2324 571 2356 Alexius
598 2324 662 2356 sub
686 2328 827 2355 noctem
849 2323 923 2355 vita
947 2322 1089 2354 functus
1117 2327 1193 2362 est,
1214 2332 1306 2353 anno
1332 2321 1472 2365 imperii
1497 2321 1640 2364 trigesi-

209 2381 268 2403 mo
289 2370 452 2414 septimo,
477 2380 596 2402 mense
620 2370 669 2402 IV
687 2380 765 2401 cum
787 2368 948 2401 dimidio.
971 2367 1146 2412 postridie
1170 2378 1273 2400 mane
1298 2368 1418 2400 statim
1445 2372 1558 2400 mater
1580 2368 1640 2399 Io-

210 2416 367 2449 hannem
403 2417 449 2449 ad
486 2421 651 2460 paternas
678 2415 846 2459 exequias
871 2419 992 2454 vocat,
1016 2413 1115 2458 quod
1140 2424 1265 2458 corpus
1290 2414 1366 2446 eius
1393 2425 1475 2446 mox
1499 2414 1537 2446 in
1559 2424 1640 2446 mo-

209 2463 426 2503 nasterium,
454 2461 552 2506 quod
576 2462 653 2506 ipse
679 2461 820 2494 Christo
856 2460 1012 2505 propitio
1037 2460 1314 2501 construxisset,
1343 2459 1559 2492 efferendum
1583 2470 1640 2493 es·

211 2514 276 2542 set.
301 2507 366 2541 sed
396 2519 476 2541 eum
514 2507 610 2540 dicto
638 2507 843 2540 audientem
881 2517 953 2539 non
976 2505 1127 2546 habuit,
1155 2517 1227 2538 non
1251 2504 1348 2550 quod
1371 2506 1493 2539 matris
1515 2510 1640 2538 aucto-

209 2556 353 2588 ritatem
389 2559 637 2599 aspernaretur
661 2559 723 2586 aut
743 2553 854 2598 patris
884 2552 1055 2585 honorem
1079 2553 1298 2596 negligeret,
1325 2551 1389 2584 sed
1413 2551 1511 2596 quod
1530 2561 1640 2596 regno

206 2600 369 2633 nondum
396 2600 534 2633 firmato
561 2600 780 2634 adversarios
808 2599 950 2643 imperii
981 2597 1179 2642 cupiditate
1208 2597 1324 2631 adhuc
1348 2597 1534 2641 flagrantes
1562 2608 1640 2630 me-

207 2646 345 2680 tuebat.
370 2646 520 2692 proinde
544 2652 585 2679 ut
607 2645 803 2690 polypodes
827 2645 919 2678 saxis
937 2671 946 2685 ,
971 2645 1021 2676 ita
1045 2645 1122 2690 ipse
1149 2645 1284 2689 palatio
1307 2644 1538 2684 inhaerebat,
1561 2654 1641 2677 ma«

209 2693 303 2727 xima
326 2698 446 2726 tamen
470 2698 570 2737 parte
595 2697 824 2736 cognatorum
849 2691 895 2723 ad
919 2692 1024 2724 funus
1053 2690 1164 2734 patris
1189 2690 1386 2723 ornandum
1415 2690 1590 2734 ablegata.

300 2741 330 2774 3.
379 2739 515 2774 Diebus
556 2738 796 2784 compluribus
822 2737 950 2782 elapsis
992 2736 1127 2772 aditum
1153 2742 1189 2772 et
1213 2737 1346 2771 exitum
1370 2737 1496 2782 palatii
1525 2736 1638 2770 cuivis
