1838 3210
200 161 285 233 »96
375 168 377 170 ’
620 174 848 215 NlcE'rAE
890 169 1199 212 cuoNlA'rAE

210 276 391 331 ἱστορικὴ
430 277 503 330 τὴν
536 273 660 328 φύσιν
696 269 998 324 ὑπερφωνοῦσα
1026 267 1096 309 καί
1121 269 1178 315 εἰς
1201 267 1338 317 μῦθον
1365 267 1629 327 ἐκπίπτουσα.

209 343 256 383 τό
292 344 328 383 δ’
363 343 407 382 ἐκ
453 339 597 381 τούτου
627 334 833 386 α’πόλεμος
878 332 1015 381 αὐτοῖς
1046 329 1094 385 ἦν
1122 331 1144 384 ἡ
1173 329 1347 384 πορεία,
1378 331 1526 373 ου’δένα
1552 332 1634 372 τῶν

210 405 431 461 βαρβάρων
467 404 524 451 εἰς
547 402 750 454 προῦπτον
774 395 994 440 α’ντίπαλον
1032 398 1254 452 φαίνουσα.

104 617 143 649 v.
163 615 204 650 38
306 605 544 649 TOMOE
582 605 944 647 ΔΕΥΤΕΡΟΣ
988 605 1124 645 ΤΗΣ
1161 600 1563 645 ΒΑΣΙΛΕΙΑΣ

449 706 785 757 ΜΛΝΟῙΉΛ
833 705 963 753 ΤΟΥ
1006 703 1401 753 ΚΟΜΝΗΝΟΥ.
1654 707 1678 749 5

118 875 148 907 P.
166 875 209 919 49
347 878 382 904 ι.
413 845 514 902 Καὶ
550 860 751 907 τοιούτοις
786 861 863 911 μὲν
900 856 940 899 οἱ
967 859 1059 898 ’τῶν
1092 857 1254 898 Ἰταλῶν
1299 858 1442 905 παῖδες
1492 850 1646 908 ἆγαῖσιν

219 925 574 983 ἐγγυμνασάμενοι
600 923 675 978 τήν
703 925 843 977 κοίλην
869 924 1028 977 Συρίαν
1061 922 1304 974 κατέλαβον·
1360 921 1404 963 ὲν
1431 915 1464 978 ᾧ
1495 923 1541 962 δὲ
1572 918 1648 974 τὴν

222 993 294 1036 ἐπὶ
318 993 400 1034 ταῖν
423 987 718 1045 Ἱεροσολύμων
745 983 858 1029 οὗτοι
903 987 1119 1039 ἐβάδιζον,
1146 985 1454 1041 παρημειφότες
1492 987 1570 1038 μὲν
1597 982 1648 1025 ni

217 1056 435 1110 Ῥωμαίων
461 1053 567 1109 ὅρια,
597 1057 668 1109 τῆς
697 1056 735 1095 δ’
762 1049 847 1094 ἅνω
874 1054 1061 1107 Φρυγίας
1089 1048 1312 1103 ἁπτόμενοι
1341 1049 1581 1097 Λυκαονίας
1607 1065 1652 1090 τε

224 1124 296 1164 καί
342 1121 574 1173 Πισιδίας,
613 1119 663 1160 αἳ
697 1122 828 1160 πάλαι
861 1119 938 1170 μὲν
967 1115 1188 1168 Ῥωμαίοις
1227 1116 1458 1167 ὑπέκειντο,
1488 1117 1584 1158 νυνί
1608 1116 1652 1156 δὲ
1673 1130 1717 1157 ιο

225 1190 410 1230 ἀνεῖνται
448 1183 680 1240 βαρβάροις
717 1185 788 1225 καί
827 1182 1066 1237 δορύκτητοι
1105 1184 1201 1236 παρ’
1229 1182 1365 1223 αὐτῶν
1392 1183 1657 1235 καρπίζονται

224 1254 408 1308 μαλακίᾳ
444 1251 603 1299 πάντως
638 1251 710 1291 καί
742 1248 928 1304 οἰκουρίᾳ
956 1249 1038 1290 τῶν
1074 1247 1124 1290 τοὶ
1150 1247 1367 1300 Ῥωμαίων
1392 1245 1470 1302 πρὸ
1504 1247 1659 1288 πολλοῦ

227 1315 455 1360 διεπόντων
483 1315 722 1371 πράγματα,
750 1313 807 1369 ,ιιὴ
839 1313 936 1368 περὶ
961 1315 1153 1355 πλείστου
1173 1313 1400 1365 τιθεμένων
1423 1317 1564 1366 μογεῖν
1590 1310 1663 1352 καί

229 1379 568 1437 προκινδυνεύειν
610 1375 670 1421 ὧν
706 1379 1042 1434 ὑπερεκάθηντο,
1081 1378 1103 1419 ὅ
1151 1378 1420 1433 αὐτοκράτωρ
1451 1374 1660 1430 Μανουὴλ

231 1450 483 1489 διεσκοπεῖτο
513 1446 601 1494 πῶς
646 1440 700 1486 ἂν
727 1444 823 1492 τούς
848 1443 1044 1492 Σικελοὺς
1071 1441 1381 1496 μετελεύσεται,
1410 1443 1527 1496 δίκην
1553 1458 1658 1497 πρα-
1677 1442 1723 1484 15

232 1512 398 1565 ξόμενος
425 1506 483 1553 ὧν
512 1511 806 1564 ἀπανθρώπως
826 1511 885 1557 εἰς
901 1509 1135 1562 Ῥωμαίους
1160 1506 1360 1564 ἔπραξαν,
1389 1506 1462 1563 τήν
1489 1523 1532 1549 τε
1548 1510 1661 1562 Κερ-

195 1575 417 1632 Βκυραίων
446 1570 602 1630 ἄκραν,
632 1573 661 1629 ἢ
691 1576 766 1616 νῦν
793 1575 1053 1629 ἐπικέκληται
1083 1574 1297 1629 Κορυφώ,
1335 1575 1408 1627 τῆς
1436 1574 1482 1614 ἐκ
1508 1569 1662 1614 τούτων

323 1688 356 1731 4.
379 1686 627 1720 ΔΕΥΤΕΡΟΣ
647 1704 694 1710 -
719 1684 994 1717 ΚΟΜΝΗΝΟΥ
1015 1694 1072 1716 om
1097 1685 1135 1717 A.
1227 1684 1260 1717 6.
1285 1682 1323 1717 οἱ
1342 1682 1416 1718 τῶν
1439 1680 1487 1728 '1.]
1514 1681 1552 1716 οἱ
1575 1680 1662 1715 α’λα-

322 1734 440 1780 μανοὶ
463 1732 500 1764 Β.
602 1732 652 1766 15.
677 1729 916 1777 πραξάμενος
932 1731 975 1763 Α.

233 1827 302 1860 nisi
326 1825 635 1871 magniloquentia
659 1824 828 1858 historica
854 1834 908 1856 res
935 1823 1133 1856 Cimbricae
1166 1821 1259 1856 ultra
1287 1824 1361 1857 veri
1386 1822 1492 1856 fidem
1517 1831 1664 1866 exagge-

235 1878 332 1906 ratae
353 1872 612 1917 propemodum
639 1871 677 1904 in
706 1870 865 1903 fabulam
884 1869 1171 1914 degenerassent.
1188 1881 1231 1903 ex
1256 1880 1297 1903 eo
1317 1870 1405 1903 citra
1431 1869 1566 1903 bellum
1584 1869 1665 1902 Ale-

235 1920 356 1954 manni
379 1924 463 1953 sunt
485 1917 685 1964 progressi,
712 1917 945 1950 barbarorum
972 1917 1115 1951 nemine
1141 1916 1373 1962 impediente.

420 2083 711 2125 NICETAE
754 2084 1161 2135 CHONJATAE
1201 2084 1398 2124 LIBER
1436 2084 1481 2123 ΙΙ

303 2188 505 2233 RERUM
538 2188 579 2231 A
606 2186 892 2230 MANUELE
940 2185 1233 2229 COMNENO
1270 2185 1604 2229 GESTARUM.

362 2353 391 2375 ι.
436 2314 514 2373 Ac
535 2339 620 2374 Itali
641 2338 847 2373 huiusmodi
871 2340 1126 2373 certaminibus
1152 2341 1335 2374 exercitati
1352 2340 1590 2383 coelesyriam
1613 2351 1671 2373 oc-

245 2392 430 2434 cuparunt.
464 2386 550 2419 dum
583 2397 667 2420 vero
701 2397 822 2420 versus
848 2386 1094 2429 Hierosolyma
1120 2387 1338 2430 pergebant,
1375 2393 1412 2419 et
1435 2388 1672 2419 Romanorum

247 2435 378 2470 finibus
404 2433 582 2477 superatis
605 2432 788 2476 Phrygiam
815 2433 1035 2477 superiorem
1049 2433 1262 2476 Lycaoniam
1289 2438 1326 2465 et
1349 2432 1514 2465 Pisidiam
1544 2434 1673 2477 attige-

248 2486 349 2522 rant,
375 2480 462 2512 olim
487 2480 665 2512 Romanae
691 2479 863 2519 ditionis,
898 2484 974 2511 tum
999 2490 1019 2511 a
1042 2478 1203 2511 barbaris
1232 2479 1453 2523 superiorum
1481 2479 1674 2523 imperato-

250 2539 327 2561 rum
355 2525 496 2571 ignavia
530 2530 567 2558 et
600 2524 738 2558 desidia
776 2524 874 2557 bello
897 2524 1080 2565 subactas,
1106 2531 1146 2558 ut
1169 2526 1301 2570 quibus
1327 2536 1451 2569 parum
1477 2525 1574 2557 cordi
1600 2531 1676 2558 erat

250 2575 391 2608 labores
419 2577 456 2605 et
477 2571 640 2617 pericula
661 2582 726 2616 pro
753 2582 875 2604 eorum
899 2571 1014 2604 salute
1039 2571 1170 2615 quibus
1194 2576 1383 2615 praeerant
1405 2570 1523 2611 adire,
1547 2571 1676 2604 Manu-

253 2622 287 2654 el
312 2620 504 2664 imperator
529 2618 647 2650 animo
675 2617 854 2662 agitabat,
878 2628 949 2662 quo
983 2623 1087 2662 pacto
1115 2617 1264 2650 iniurias
1287 2617 1485 2649 Siculorum
1510 2618 1676 2650 Romani·

254 2665 496 2701 inhumaniter
518 2661 629 2699 factas
656 2664 905 2705 ulcisceretur,
931 2668 967 2696 et
988 2663 1261 2707 Corcyraeorum
1285 2663 1530 2707 promontorio
1545 2689 1553 2704 ‚
1578 2663 1695 2708 quod

255 2724 349 2748 nunc
372 2709 535 2758 Coryphe
573 2710 799 2756 appellatur,
832 2709 1051 2755 praesidium
1077 2720 1197 2744 eorum
1224 2709 1431 2755 depelleret.
1456 2721 1537 2742 nam
1565 2710 1675 2754 Roge-
