1878 3230
379 200 449 240 DE
490 199 662 241 sichus
702 175 1375 239 CONSTANTiNoPonTANJS.
1458 172 1572 248 ³857

149 296 544 351 ἀνθαμιλλώμενον,
570 295 662 340 ὅσοι
689 298 881 352 πολλαχῇ
915 298 990 351 τῆς
1019 293 1179 343 πόλεως
1209 291 1477 347 ἀνεστήκασι,
1514 293 1581 339 τίς

147 361 223 404 οὔκ
250 359 302 405 ἂν
331 363 549 420 ὀφθαλμὸν
577 365 716 419 ἐκείνῳ
744 360 956 414 ἐπιβαλών
975 363 1060 416 ’τῆς
1086 362 1291 407 ποικιλίας
1315 355 1586 410 §audemarus

147 425 260 477 ἅπας
291 428 492 482 μουσικὸς
521 422 632 483 ἷῖρνις
657 427 708 469 τοὶ
746 427 894 480 ἐαρινὰ
934 427 1132 484 μελῳδῶν
1172 426 1263 466 ἐκεῖ
1299 421 1579 466 ἐντετύπωτο·

145 495 355 548 γεηπόνων
382 493 482 548 ἔργα
510 492 584 535 καί
618 494 743 534 αὐλοὶ
769 494 841 533 καί
867 494 1017 545 γαυλοί
1053 492 1125 532 καί
1160 489 1381 544 προβάτων
1417 482 1580 542 βληχή-

111 561 260 611 5ματα
290 562 362 600 καί
379 559 516 612 α’ρνῶν
543 555 799 612 σκιρτήματα
829 555 1098 606 ἐξεικόνιστο·
1154 553 1380 611 ὐφήπλωτο
1408 555 1482 594 καί
1498 555 1582 593 θα-

146 624 310 666 λάττιον
337 626 540 677 πέλαγος,
580 622 653 664 καί
690 619 875 664 νεπόδων
914 617 1062 675 ἆγὲλαι
1101 621 1381 674 καθωρῶντο,
1431 615 1469 658 οἱ
1503 618 1582 669 μὲν

148 687 448 744 ζωγρούμενοι,
471 687 518 748 ,οἱ
547 689 594 729 δὲ
622 685 674 728 τὰ
704 686 851 728 δίκτυα
879 689 1173 739 τυραννοῦντες
1200 684 1272 726 καί
1309 681 1416 725 κατὰ
1443 683 1582 735 βυθοῦ

144 753 269 795 πάλιν
298 753 452 802 α’νέτως
479 751 723 809 φερόμενοι·
779 751 817 793 οἱ
847 754 886 793 δ’
904 747 1083 806 Ἔρωτες
1111 752 1267 793 σύνδυο
1297 747 1370 790 καί
1392 746 1582 802 σύντρεις

146 818 339 872 ἀλλήλοις
365 816 737 870 ἄνθοπλιζόμενοι,
775 815 927 871 γυμνοὶ
965 815 1280 871 περιβλημοίτων
1300 847 1312 867 ,
1357 813 1577 867 ἐβάλλοντο

86 900 132 928 το
142 882 291 938 μήλοις
320 886 392 925 καί
426 883 623 937 ἔβαλλον,
666 887 813 937 γλυκεῖ
832 899 835 906 ’
853 881 1227 938 περιβρασσόμενοι
1271 883 1435 935 γε’λωτι.
1500 878 1576 919 τοῦ

144 950 191 990 δὲ
221 947 410 990 τοιούτου
438 948 747 1003 τετραπλεύρου
777 949 835 996 εἰς
866 946 939 997 6ξὺ
968 950 1113 1001 σχῆμα
1144 945 1248 988 κατὰ
1277 945 1495 1000 πυραμίδα
1511 958 1576 985 τε-

143 1015 369 1063 λευτῶντος
408 1011 630 1070 ἄπῃώρητο
674 1009 837 1055 ἄνωθεν
885 1013 1222 1067 γυναικόμορφον
1262 1010 1463 1063 εἴκασμα,
1504 1012 1579 1050 καί

142 1084 232 1128 ταῖς
258 1077 442 1133 πρώταις
468 1080 552 1120 τῶν
585 1079 750 1132 ἀνέμων
776 1078 960 1133 κινήσεσι
994 1077 1367 1132 περισοβούμενον·
1420 1073 1577 1116 ὁπόθεν

135 1139 454 1196 Ἀνεμοδούλιον
484 1145 738 1199 ἐπεκέκλητο.
791 1144 900 1198 πλὴν
927 1143 1033 1184 ἀλλὰ
1060 1144 1134 1184 καί
1158 1143 1282 1183 τοῦτο
1309 1139 1356 1183 τὸ
1381 1144 1577 1196 περικαλ-

83 1211 334 1252 ιὸλὲστατον
366 1207 483 1264 ἔργον
508 1215 592 1258 τοῖς
618 1214 846 1263 χωνευταῖς
876 1209 1145 1263 παρέδωκαν,
1174 1204 1315 1262 ὥσπερ
1343 1205 1416 1247 καὶ
1439 1205 1508 1248 τὸν
1530 1207 1576 1248 ἐν

139 1277 200 1330 τῷ
229 1274 380 1331 Ταύρῳ
409 1273 481 1315 ε’πί
506 1274 799 1329 τραπεζώδους
827 1273 989 1327 βάσεως
1018 1271 1201 1328 ἔφιππον
1240 1272 1463 1324 ἱστάμενον
1503 1267 1576 1312 ἅν-

141 1341 223 1394 δρα
247 1341 322 1381 τὸν
349 1338 528 1394 ἡρωϊκὸν
556 1339 600 1381 τό
632 1336 740 1388 εἶδος
771 1341 846 1381 καί
874 1338 921 1380 τὸ
961 1341 1139 1393 μέγεθος
1177 1337 1441 1391 α’ξιάγαστον.
1514 1334 1568 1379 εἶ-

138 1421 210 1447 ναι
236 1406 285 1446 δὲ
309 1400 429 1454 οὗτος
458 1406 620 1458 ἐλέγετο
651 1403 767 1460 παρὰ
794 1406 873 1457 μὲν
903 1405 1027 1453 ἐνίοις
1051 1405 1207 1459 Ἰησοῦς
1247 1402 1268 1444 ὅ
1307 1404 1385 1444 τοῦ
1417 1405 1577 1456 Ναυῆ,

139 1474 480 1525 τεκ,ιιαιρομε’νοις
512 1470 586 1512 τὸν
613 1466 748 1525 ἄνδρα
779 1473 830 1526 τῇ
858 1469 963 1523 πρὸς
989 1467 1107 1524 ἥλιον
1133 1469 1297 1511 ἐκτάσει
1332 1470 1405 1522 τῆς
1433 1467 1578 1522 χειρὸς

77 1550 127 1576 20
144 1532 220 1591 ἤδη
247 1537 317 1591 τῆς
347 1535 451 1592 πρὸς
478 1534 597 1577 δύσιν
626 1537 796 1591 πορειάς
825 1536 1027 1590 ἐχόμενον
1053 1535 1126 1577 καί
1152 1533 1228 1590 τὴν
1259 1532 1364 1576 κατα
1394 1531 1576 1587 Γαβαών

239 1680 291 1703 ιο.
317 1669 363 1702 cf.
395 1679 501 1712 supra
529 1680 562 1713 p.
587 1669 667 1702 ·213.
698 1673 854 1701 ceterum
886 1667 967 1701 vide
997 1667 1041 1700 de
1065 1667 1135 1700 hoc
1164 1665 1416 1707 Anemodulio,
1446 1677 1574 1699 monu-

234 1721 379 1755 mento,
407 1714 506 1758 quod
532 1714 624 1754 urbi,
651 1726 743 1759 quae
762 1715 989 1756 navigatione
1015 1719 1053 1747 et
1073 1713 1282 1746 commercio
1307 1713 1483 1746 maritimo
1507 1712 1574 1745 flo-

235 1762 348 1802 rebat,
376 1772 534 1794 summae
559 1766 637 1794 erat
661 1761 974 1801 utilitatis‚Anon.
1002 1760 1047 1793 de
1074 1759 1351 1805 antiquitatibus
1375 1759 1508 1804 Cpolit.
1533 1760 1572 1792 in

234 1807 388 1840 Banduri
411 1808 538 1852 Imper.
563 1818 612 1840 or.
635 1812 660 1840 t.
686 1809 712 1840 Ι.
737 1808 839 1840 Parte
864 1809 883 1840 3
909 1819 943 1851 p.
975 1818 1031 1852 17,
1056 1807 1233 1839 Codinum
1264 1806 1310 1839 de
1343 1806 1574 1850 antiquitati-

233 1853 301 1887 bus
327 1854 390 1899 Cp.
429 1854 485 1886 ed.
511 1855 583 1886 Par.
620 1865 654 1898 p.
687 1855 753 1895 54,
791 1853 1021 1886 Lambecium
1061 1853 1107 1886 ad
1131 1854 1167 1885 h.
1192 1853 1235 1893 l.‚
1266 1853 1439 1897 Ducangii
1470 1851 1572 1896 Cpol.

235 1900 364 1934 Christ.
392 1899 438 1933 ed
473 1901 547 1934 Par.
571 1911 606 1945 p.
635 1903 700 1935 166
724 1905 760 1933 et
790 1903 873 1945 167,
898 1905 935 1933 et
959 1900 1138 1943 Heynium
1161 1900 1187 1934 l.
1212 1909 1240 1931 c..
1263 1910 1299 1944 p.
1324 1901 1380 1933 32.
1409 1899 1528 1933 me.

143 2007 269 2039 urbem
295 2006 412 2039 ubivis
438 2006 619 2051 dispersae
645 2013 855 2047 cernuntur,
889 2011 1031 2040 tantum
1063 2017 1137 2039 non
1172 2010 1344 2046 certaret,
1387 2005 1468 2049 quis
1500 2015 1575 2038 non

143 2053 376 2086 admiraretur
411 2053 555 2086 intuens
591 2054 753 2087 eximiam
795 2054 913 2097 operis
950 2053 1042 2086 inibi
1081 2053 1212 2097 sculpti
1250 2051 1487 2085 varietatem?
1521 2051 1574 2084 ihi

143 2101 238 2132 enim
263 2099 377 2132 omnis
404 2110 532 2132 canora
558 2100 630 2132 avis
652 2111 778 2133 vernos
807 2099 916 2132 edens
943 2105 1067 2132 cantus
1090 2098 1450 2144 repraesentabatur,
1474 2097 1576 2130 simi—

140 2146 296 2191 literque
321 2146 551 2189 agricolarum
577 2156 696 2190 opera,
721 2145 835 2179 tibiae
849 2150 886 2179 et
911 2146 1123 2186 mulctralia,
1149 2146 1268 2179 ovium
1290 2144 1444 2184 balatus,
1465 2155 1575 2188 agno-

139 2204 217 2224 rum
251 2193 445 2225 subsultus.
496 2192 549 2224 ibi
588 2193 712 2236 ingens
739 2193 887 2236 pelagus
913 2192 1174 2226 extendebatur
1196 2191 1420 2236 pisciumque
1448 2191 1574 2223 multi-

141 2238 231 2271 tudo
257 2238 458 2279 visebatur,
485 2249 635 2283 quorum
659 2239 723 2271 alii
748 2239 999 2283 capiebantur,
1026 2239 1089 2271 alii
1123 2238 1257 2271 retibus
1283 2248 1360 2270 sese
1394 2237 1429 2270 vi
1463 2247 1573 2281 expe-

143 2284 293 2318 diebant
318 2290 355 2318 et
375 2286 414 2318 in
438 2286 548 2317 imum
573 2296 671 2318 mare
696 2284 813 2317 denuo
849 2284 956 2318 liberi
979 2285 1197 2320 ferebantur.
1230 2283 1319 2319 alibi
1353 2293 1437 2316 vero
1463 2283 1574 2327 Cupi-

144 2330 246 2364 dines
273 2332 352 2364 hini
373 2332 431 2365 vel
454 2332 547 2364 terni
573 2331 712 2364 adversi
739 2337 872 2364 stantes
900 2343 941 2364 ac
970 2331 1061 2364 nudi
1087 2342 1164 2365 sese
1190 2333 1304 2376 pomis
1328 2329 1568 2374 impetebant,

141 2378 180 2410 in
218 2378 324 2410 risum
359 2378 515 2411 suaviter
546 2378 658 2414 effusi.
710 2378 749 2410 in
786 2378 929 2423 fastigio
951 2377 1056 2411 huius
1078 2377 1274 2423 quadratae
1297 2376 1481 2410 machinae
1501 2376 1570 2416 Py-

143 2423 287 2456 ramidis
315 2435 413 2456 more
437 2425 476 2457 in
504 2430 645 2458 acutum
669 2424 867 2458 desinentis
896 2431 1014 2458 erecta
1036 2424 1250 2457 cernebatur
1284 2422 1469 2456 muliebris
1497 2426 1571 2453 sta-

143 2474 226 2509 tua,
264 2480 356 2513 quae
381 2471 502 2514 primis
526 2476 712 2504 ventorum
746 2471 1316 2516 impulsibus-Ncircumagebatur,
1355 2467 1451 2500 unde
1473 2467 1570 2499 Ane-

142 2514 329 2549 modulion
351 2517 552 2558 (ventorum
574 2519 750 2564 ministra)
771 2515 1157 2561 vocabatugssssttamen
1181 2517 1271 2556 hoc,
1298 2517 1454 2559 inquam,
1479 2523 1568 2557 opus

142 2560 419 2607 pulcherrimum
442 2564 695 2597 conflatoribus
727 2562 1303 2609 tradiderunt,''qssemadmodun1
1341 2565 1378 2592 et
1408 2559 1568 2603 equitem

140 2609 246 2640 illum
269 2607 308 2640 in
324 2607 444 2640 Tauro
472 2608 552 2642 basi
577 2610 622 2643 ad
646 2621 789 2643 mensae
816 2608 1142 2645 formam'str'uctae
1165 2609 1389 2652 impositum,
1423 2605 1568 2638 heroica

142 2655 275 2693 forma,
311 2654 557 2697 magnitudine
585 2657 783 2701 stupenda,
818 2668 926 2702 quem
961 2652 1283 2701 quidam³·losuam
1321 2652 1434 2684 filium
1469 2651 1590 2684 Nuni‘

143 2711 221 2733 esse
248 2699 434 2741 dicebant,
466 2700 550 2735 inde
581 2704 818 2736 coniecturam
852 2703 1047 2742 facientes,
1076 2700 1199 2745 quod.
1221 2701 1274 2732 vir
1310 2698 1394 2738 ille,
1421 2703 1567 2731 extensa

143 2753 266 2780 contra
290 2747 402 2781 solem
430 2746 475 2780 ad
501 2757 664 2781 occasum
688 2754 893 2793 vergentem
914 2760 1043 2788 manu,
1072 2746 1280 2793 'praecipere
1310 2745 1490 2779 videretur
1526 2749 1566 2778 ut
