1838 3210
247 131 345 185 162
675 146 904 187 memma
943 144 1255 186 cnomATAss

235 248 371 291 στείαν
414 250 652 302 ἑπηγριάινε
693 243 846 300 λοφιὰν
882 243 1053 286 καὶτὸν
1099 241 1222 284 ὁλκόν
1267 239 1315 284 ὃν
1347 241 1566 298 ἔπεσὺρετο
1593 243 1669 284 τοῦ

197 311 545 368 Βστρατεύματος
598 308 888 363 κατασιγάζων
934 311 1148 365 ἐπράϋνεν.
1222 309 1350 350 ἐνίοτε
1391 308 1438 350 δὲ
1475 307 1574 357 τοὺς
1611 307 1668 357 ὥς

233 378 348 420 πώεα
398 379 554 418 πλατέα
606 376 947 429 διεκκεχυμένους
988 379 1072 423 τοῖς
1111 372 1356 425 Ῥωμαϊκοϊς
1398 372 1668 427 σχοινίσμασι

238 442 448 499 Τούρκους
491 441 753 483 ἀναστέλλων
780 446 866 490 τοῖς
895 439 993 495 περὶ
1038 438 1112 494 τὴν
1141 437 1384 481 πεντάπολιν
1414 439 1665 492 ἐπιτίθεται,

232 510 306 550 καί
336 504 539 559 σωμάτων
567 504 841 556 ἀνθρωπίνων
868 507 939 547 καί
967 502 1086 556 ζώων
1111 506 1274 545 πολλῶν
1289 501 1502 558 γενόμενος
1519 504 1703 558 ἐγκρα-5

232 573 329 627 τῆς,
378 573 474 626 μηδ’
516 573 575 620 εἷς
609 577 758 626 χεῖρας
800 573 1032 623 δεξαμένων
1060 567 1189 612 αὗτὸν
1217 572 1301 612 τῶν
1333 570 1538 624 Περσῶν,
1570 584 1666 623 τρο-

230 635 464 692 παιοφὸρος
502 638 794 690 ἐπανέζευξεν,
834 636 1008 691 ὁπηνίκα
1053 637 1125 677 καί
1163 636 1354 689 Σολυμᾶς
1393 631 1414 674 ὃ
1443 635 1524 676 τῶν
1549 631 1666 688 παρὰ

230 705 288 759 τῷ
318 700 529 759 σουλτάνῳ
558 699 610 743 τὰ
627 705 799 755 μέγιστα
820 701 1060 754 δυναμένων
1080 700 1408 758 κορυφαιότατος
1428 701 1483 756 τῷ
1502 702 1674 753 βασιλεῖ

230 768 436 823 ἐποφθείς
462 766 594 809 πολλὰ
634 769 713 820 μὲν
741 764 987 821 ὑπερηγόρει
1026 768 1103 808 τοῦ
1142 765 1392 819 σουλτάνου,
1423 764 1668 820 ἀποτρέπων

230 835 303 887 τῆς
332 834 490 890 ἐκείνου
528 829 691 887 γνώμης
720 830 772 874 τοὶ
813 830 929 886 παροὶ
965 834 1046 874 τῶν
1082 829 1276 887 Τούρκων
1302 829 1565 886 πραττόμενα
1594 828 1667 872 καί
1683 843 1728 869 ιο

230 899 484 954 σοφιστικῶς
522 894 585 947 οἷς
611 898 762 955 διεξῄει
790 896 1193 952 καταχαριζόμενος,
1219 897 1455 952 ἀσύμφωνα
1486 897 1520 937 δ’
1554 891 1666 948 ὅμως

230 970 314 1013 τοῖς
341 961 556 1018 πράγμασι
583 962 865 1019 φθεγγόμενος
902 961 1087 1018 ἡλίσκετο
1115 964 1390 1016 ψευδολογίας
1417 962 1663 1017 ἐγκλήματι’

193 1027 340 1084 Οπλὴν
371 1025 460 1069 οὐδ’
487 1026 594 1070 οὕτω
621 1045 658 1070 τι
690 1028 796 1084 πρὸς
821 1029 1028 1082 βασιλέως
1058 1031 1263 1070 πέπονθεν
1293 1023 1424 1083 ἄχαρι
1450 1029 1662 1079 Σολυμᾶς.

231 1095 482 1150 θεραπεύων
511 1096 557 1136 δὲ
585 1096 658 1137 καί
682 1095 788 1148 ὑπὲρ
808 1093 854 1136 τὸ
886 1096 1063 1148 ἀληθές,
1097 1094 1151 1143 ῶς
1178 1093 1275 1143 ἔθος
1303 1098 1388 1142 τοῖς
1414 1092 1665 1148 βαρβάροις,

230 1159 304 1202 τὸν
346 1155 524 1212 ἄνακτα,
565 1163 639 1201 καί
666 1157 716 1202 τοὶ
761 1161 803 1209 ἐς
837 1158 997 1214 ἀπάτην
1036 1159 1334 1213 τεχναζόμενος
1376 1160 1516 1208 ἵπποις
1544 1155 1731 1201 αΰτόν15

230 1224 440 1267 ὦκύποσιν
463 1224 743 1279 ἐκολάκευσεν,
776 1224 848 1274 οὕς
873 1224 918 1267 τὸ
943 1223 1099 1267 ἐκείνου
1123 1225 1303 1266 ε’σίτευεν
1335 1223 1621 1266 ἱπποστοέσιον.
1644 1221 1664 1265 ὅ

127 1301 163 1333 V.
174 1303 218 1335 65
234 1292 278 1332 δὲ
298 1289 497 1344 βασιλεύς
528 1289 628 1338 τούς
658 1291 809 1338 ἵππους
832 1289 1046 1343 δεξάμενος
1073 1290 1144 1331 καί
1158 1291 1354 1343 Σολυμᾶν
1370 1292 1443 1344 τῆς
1461 1291 1669 1344 εὔγνωμο-

230 1355 356 1411 σύνης
371 1358 441 1398 καί
467 1353 671 1410 ὑποταγῆς
688 1354 1008 1409 ἀποδεξάμενος,
1042 1357 1081 1398 εἰ
1105 1355 1178 1397 καί
1202 1354 1259 1410 μὴ
1281 1357 1351 1410 τῆς
1379 1355 1536 1398 ἐκείνου
1564 1353 1670 1410 γνῶ-

228 1438 310 1476 μης
338 1421 443 1463 ἴδιον
470 1417 545 1476 ἦν,
577 1423 655 1461 τοῦ
684 1423 729 1462 δὲ
756 1422 907 1475 καιροῦ
934 1421 1099 1476 ὑπῆρχε
1120 1423 1254 1475 δῶρον
1281 1420 1327 1462 τὸ
1346 1417 1665 1477 φιλοφρόνημα,

229 1486 334 1542 πρὸς
366 1486 433 1529 τὸν
470 1484 698 1528 σουλτάνον
738 1488 979 1528 α’πέστειλεν
1016 1486 1311 1542 ἐξηγησόμενον
1353 1489 1495 1544 ἐκείνῳ
1529 1484 1558 1528 ἃ
1590 1487 1665 1528 ουέι
1680 1498 1730 1524 20

228 1548 280 1606 ἦν
306 1550 464 1606 ἀγνοῶν
482 1585 493 1605 ,
524 1554 597 1594 καί
622 1554 665 1600 ἐς
693 1550 793 1594 αὐτὸ
824 1554 898 1593 τοῦ
930 1551 1084 1606 τρόπου
1113 1552 1418 1605 α’ποσκῶψοντα
1439 1551 1485 1594 τὸ
1514 1552 1667 1605 παλίμ-

228 1621 352 1670 βολον
398 1616 443 1659 τὸ
483 1613 656 1659 ἄπιστόν
685 1633 730 1659 τε
768 1620 840 1659 καί
878 1615 922 1658 τὸ
965 1616 1189 1672 κακόηθες,
1231 1614 1308 1659 κᾶν
1347 1618 1422 1658 οὐκ
1451 1613 1502 1672 ἧν
1537 1616 1667 1660 αὐτὸν

230 1680 457 1738 ἠρεμήσειν
489 1683 561 1724 ἐπὶ
586 1681 750 1730 τούτοις
779 1679 807 1736 ἢ
835 1684 934 1736 γοῦν
952 1684 1299 1737 καθυπερθέσθαι
1327 1682 1399 1724 καί
1426 1681 1530 1737 πρὸς
1560 1686 1667 1737 βρα-

183 1763 214 1794 D
227 1747 285 1802 χύ
310 1748 532 1801 Ῥωμαίοις
560 1745 634 1802 τήν
663 1746 952 1789 α’ντιπάθειαν.
1010 1745 1204 1789 ἐκλόπευε
1234 1751 1335 1802 γοῦν
1351 1754 1442 1797 ταῖς
1470 1748 1665 1804 συνήθεσι

321 1863 353 1885 2.
378 1851 468 1890 τούς
488 1851 547 1899 αἶς]
573 1850 661 1889 τοὺς
683 1852 951 1898 ἐξερχομένους
971 1854 1156 1897 τούρκους
1181 1851 1274 1899 μετὰ
1292 1855 1366 1888 τῶν
1383 1853 1577 1890 κατούνων
1599 1855 1667 1889 αι]-

322 1901 398 1934 τῶν
421 1901 482 1933 καὶ
510 1902 714 1943 βόσκοντας
733 1898 777 1932 τὰ
809 1901 882 1939 ζῶα
910 1898 1036 1934 αὐτῶν
1064 1901 1101 1932 Β.

218 1958 233 1973 ⁴

229 2006 312 2047 bat,
338 2011 374 2039 et
398 2005 583 2039 incitatam
608 2005 764 2039 hominis
790 2005 1026 2051 cupiditatem
1050 2005 1095 2038 ad
1119 2017 1241 2050 pacem
1265 2006 1443 2040 flectebat.
1469 2006 1666 2051 aliquando

230 2053 339 2085 etiam
364 2053 498 2085 Turcos
525 2054 562 2084 in
590 2053 828 2086 Romanorum
853 2053 941 2085 fines
975 2056 1103 2085 effusos
1127 2064 1350 2097 repressurus
1376 2054 1684 2098 Pentapolitanos'

229 2098 390 2139 invadit3
415 2110 454 2131 nc
480 2099 593 2131 Persis
619 2111 686 2132 nec
714 2099 759 2131 ad
785 2110 910 2132 man-us
937 2099 1059 2132 venire
1085 2100 1180 2131 ausis
1197 2124 1206 2138 ‚
1234 2100 1355 2132 multis
1381 2100 1549 2144 captivis,
1573 2100 1668 2132 mul-

230 2147 276 2177 tis
300 2145 491 2188 pecoribus
508 2145 685 2186 abductis,
711 2145 935 2190 triumphans
962 2146 1087 2178 urbem
1114 2145 1322 2189 ingreditur.
1349 2156 1390 2178 eo
1415 2151 1575 2190 tempore
1601 2146 1669 2179 So-

230 2192 340 2234 lymas
379 2202 565 2234 procerum
598 2191 739 2225 Sultani
766 2193 955 2237 princeps,
999 2191 1106 2224 homo
1136 2192 1287 2224 callidus
1313 2198 1349 2224 et
1372 2191 1546 2233 disertus,
1571 2192 1668 2237 apud

230 2239 482 2281 imperatorem
508 2238 621 2270 multa
647 2249 711 2281 pro
738 2237 882 2270 domino
908 2248 972 2272 suo
997 2238 1106 2271 verba
1132 2238 1236 2279 fecit,
1264 2244 1305 2270 ut
1332 2239 1466 2271 Turcos
1492 2239 1557 2271 illa
1582 2250 1670 2272 con-

231 2290 285 2316 tra
311 2284 451 2316 Sultani
488 2284 712 2316 voluntatem
740 2284 867 2317 fecisse
905 2283 1130 2323 ostenderet,
1155 2284 1344 2317 blanditiis
1368 2285 1558 2319 verborum
1582 2297 1669 2319 usus

233 2341 326 2375 quae
353 2341 431 2362 cum
470 2330 572 2362 factis
610 2341 683 2363 non
712 2329 967 2374 congruebant.
1008 2331 1078 2363 etsi
1104 2335 1224 2363 autem
1257 2337 1379 2375 aperte
1402 2332 1666 2374 mentiebatur,

235 2383 354 2409 tamen
378 2376 462 2420 quia
491 2377 766 2420 imperatorem,
790 2382 831 2409 ut
856 2376 1091 2408 barbarorum
1113 2387 1189 2409 mos
1219 2383 1292 2417 est,
1321 2378 1522 2411 immodicis
1547 2379 1670 2412 laudi-

233 2424 300 2456 bus
325 2422 496 2456 efferebat
517 2423 678 2455 oratione
697 2423 743 2455 ad
763 2423 996 2467 imposturam
1014 2424 1230 2467 composita,
1257 2429 1292 2456 et
1315 2434 1425 2468 equos
1441 2436 1599 2458 cursores
1630 2426 1668 2458 in

233 2470 306 2503 suis
340 2468 490 2502 stabulis
512 2468 681 2501 educatos
707 2470 899 2509 offerebat,
922 2468 1016 2501 nihil
1040 2469 1257 2501 incommodi
1285 2481 1407 2514 passus
1436 2477 1500 2504 est.
1530 2473 1670 2517 accepit

233 2527 344 2561 equos
358 2516 551 2560 imperator
564 2540 572 2555 ‚
604 2521 640 2548 et
652 2515 829 2558 Solymam
843 2541 852 2555 ‚
868 2515 943 2547 eius
958 2516 1140 2559 aequitate
1157 2522 1194 2548 et
1219 2516 1457 2550 submissione
1470 2518 1670 2562 approbata

233 2563 453 2608 (quanquam
465 2573 506 2594 ea
520 2562 722 2605 benignitas
736 2573 808 2594 non
819 2561 862 2593 ab
874 2561 1027 2594 hominis
1042 2562 1185 2606 ingenio
1199 2563 1492 2606 proficiscebatur
1504 2565 1566 2598 sed
1578 2571 1670 2598 tem-

231 2621 359 2654 porum
383 2609 489 2654 erat),
513 2608 557 2640 ad
572 2608 760 2641 Sultanum
786 2608 976 2651 ablegavit,
1003 2614 1045 2641 ut
1069 2620 1110 2641 ea
1139 2615 1334 2653 exponeret
1357 2621 1449 2654 quae
1470 2622 1542 2644 non
1565 2611 1670 2656 igno-

234 2655 355 2696 rabat,
388 2661 424 2688 et
447 2655 629 2687 levitatem
654 2655 708 2687 illi
735 2654 919 2699 perfidiam
948 2660 1058 2699 atque
1084 2655 1314 2700 iniquitatem
1338 2656 1524 2692 obiiceret.
1549 2670 1669 2705 neque

232 2713 314 2735 vero
345 2702 405 2735 ille
431 2702 618 2748 quieturus
645 2706 740 2742 erat,
769 2707 831 2734 aut
856 2700 993 2734 cladem
1019 2702 1156 2735 illatam
1175 2703 1233 2736 vel
1259 2703 1305 2737 ad
1335 2705 1501 2750 exiguum
1528 2711 1669 2752 tempus
