1878 3230
414 221 485 262 m:
521 218 840 262 ANnRoNxco
878 218 1138 273 commo
1177 220 1261 260 un
1298 221 1332 259 1.
1488 197 1599 271 389

175 334 244 361 τον
269 317 405 361 καινὸν
431 319 471 360 εἰ
493 317 544 360 τὰ
571 319 629 374 τῷ
658 320 744 373 θεῷ
770 318 1068 370 ιῖνατεθειμένα
1098 315 1337 372 ἱεροσύλουν
1370 316 1443 356 καί
1477 311 1604 368 χερσὶ

175 383 368 439 βεβήλοις
393 386 467 426 καί
494 383 728 439 ὀφθαλμοῖς
757 384 914 432 κυνέοις
941 379 1114 437 ἥπτοντο
1141 384 1222 424 τῶν
1264 378 1496 434 α’ψαῦστων
1530 376 1604 420 καί
1612 387 1653 421 V.
1674 387 1738 422 ι58

176 455 259 498 τοῖς
284 448 341 505 μὴ
363 452 531 497 θεατοῖς
561 450 791 503 ε’νητένιζον
804 481 818 501 ,
847 444 946 489 ὅσον
975 446 1026 502 δὴ
1058 445 1224 489 ἀνόσιον
1245 446 1284 487 εἰ
1308 444 1383 494 τὰς
1408 448 1603 498 παναγεῖς

180 515 370 569 Χριστιῆῖ
397 514 558 562 εἰκόνας
588 514 660 554 καί
685 515 769 554 τῶν
802 509 933 554 αὐτοῦ
964 511 1234 566 θεραπόντων
1266 507 1496 566 η’δάφιζον,
1532 509 1607 550 καί

142 578 338 622 ὄτούτων
362 579 769 631 κατεπεμβαίνοντες,
795 575 839 618 εἴ
861 593 925 626 τις
949 578 1028 629 μὲν
1064 574 1216 628 κόσμος
1241 578 1286 627 ἑξ
1313 574 1414 630 ὕλης
1446 573 1606 628 προσῆν

177 644 435 700 τιμαλφοῦς,
463 644 608 686 τοῦτον
635 637 826 698 ἀφῄρουν
859 642 1089 689 ἑκσπῶντες
1112 640 1169 690 ὥς
1195 638 1367 694 ἔτυχεν,
1410 637 1540 687 αότὰς
1566 637 1606 679 δ’

177 711 238 758 εἷς
260 707 335 758 τὰς
360 708 551 763 τριόδους
570 708 763 761 ἐξέφερον
788 712 872 754 τοῖς
899 703 1202 761 παροδεύουσιν
1230 700 1429 758 ἐσομένας
1447 706 1506 752 εἰς
1533 719 1608 745 κα-

178 774 429 828 ταπάτημα,
470 769 499 827 ἢ
524 773 581 829 ’τῷ
609 773 682 825 τῆς
711 773 872 826 διαίτης
900 770 1006 826 πυρὶ
1033 771 1323 826 παρεδίδοσαν.
1380 766 1610 811 ἀνοσιώτα-

178 854 248 881 τον
274 840 320 880 δὲ
348 837 533 891 μάλιστα
569 838 642 878 καί
680 836 761 878 ω’σί
795 835 1076 890 δυσὴκουστον
1111 837 1195 877 τῶν
1222 837 1399 887 πιστῶν,
1432 833 1476 875 εἴ
1502 843 1646 882 τινεςΒ

120 900 285 960 ιοῆσαν
312 903 356 944 οἳ
380 904 452 957 τῆς
479 903 654 957 θυωροῦ·
683 901 758 942 καί
784 902 970 954 α’γγέλοις
1003 901 1149 950 αὐτοῖς
1190 899 1409 952 αι’δεσᾲιου
1447 894 1610 940 ἄνωθεν

178 968 365 1017 α’νιόντες
389 969 594 1023 τραπέζης
620 968 687 1008 ἐπ’
715 966 846 1020 αὐτῆς
875 966 1087 1020 ω’ρχοῦντο
1115 963 1452 1020 μεταφερόμενοι
1477 964 1610 1017 ἀσχη-

177 1035 328 1087 μόνως,
357 1036 435 1075 καί
453 1049 546 1074 τινα
571 1031 769 1087 βάρβαρα
797 1031 1066 1086 ἆπηχέστατα
1093 1029 1277 1088 ᾀσμάτια
1301 1028 1456 1083 πάτρια
1477 1027 1611 1082 ἔψαλ-

171 1103 275 1152 λον,
305 1094 394 1141 εἶτα
421 1096 496 1152 τὴν
526 1097 632 1139 ald&
659 1093 1000 1150 ἆνακαλύψαντες
1027 1096 1100 1138 καί
1123 1094 1191 1137 τᾶν
1218 1095 1406 1136 ποδεῶνα
1433 1096 1508 1135 τοῦ
1538 1095 1610 1144 τῆς

179 1166 338 1212 κοιλίας
364 1164 498 1204 doxon?
530 1162 643 1218 ῥέειν
682 1162 846 1210 α’νέντες
878 1160 1075 1215 ένούρουν
1109 1158 1242 1217 κύκλῳ
1274 1158 1376 1200 κατὰ
1410 1156 1455 1200 τὸ
1497 1154 1613 1212 ἅγιον

121 1229 360 1285 ιὸέδαφος,
388 1225 711 1284 περιρραντήρια
740 1228 878 1268 ταῦτα
902 1226 1112 1275 τελοῦντες
1140 1226 1311 1277 δαίμοσι
1350 1225 1423 1265 καί
1459 1227 1612 1277 λουτρα

180 1292 319 1350 θερμὰ
346 1299 434 1341 τοῖς
459 1290 684 1347 ἀλάστορσι
711 1292 998 1347 σχεδιάζοντες
1015 1323 1026 1344 ,
1057 1287 1119 1340 οἷς
1147 1284 1263 1331 οὗτοι
1288 1287 1394 1343 μετὰ
1423 1286 1612 1340 κάματον

180 1356 476 1414 διανήχονται,
512 1354 561 1399 ὃν
592 1357 807 1412 διήνεγκαν
840 1353 1079 1411 ἀνθρώποις
1104 1353 1329 1411 συμφορὰς
1358 1351 1612 1408 μηχανώμε-

179 1438 244 1466 νοι
272 1425 345 1465 καί
369 1421 482 1464 δεινοὶ
512 1423 784 1470 διαθλοῦντες
811 1416 1031 1475 ἀνήκεστα.
1088 1419 1181 1462 ἐπεὶ
1208 1421 1254 1460 δέ
1282 1433 1380 1460 ποτε
1408 1417 1460 1460 τὰ
1494 1416 1610 1459 δεινοὶ

180 1486 306 1541 δόξαν
331 1489 403 1531 τοῦ
422 1490 542 1542 λῆξαι
568 1485 714 1542 εἴληφε
741 1485 815 1529 καὶ
840 1486 900 1535 εἷς
940 1485 1096 1540 ἀνοχὴν
1136 1485 1304 1526 α’πεΐδεν
1347 1483 1371 1525 ό
1410 1483 1608 1536 πόλεμος,

119 1572 171 1598 20
181 1556 309 1607 μέσον
339 1549 556 1610 όφθέντων
583 1552 700 1606 οἵπερ
730 1552 790 1600 εἷς
816 1548 1021 1606 ἇρχηγοὺς
1055 1551 1139 1592 τῶν
1178 1549 1358 1591 Σικελῶν
1403 1547 1650 1602 &nepam-C

181 1617 385 1673 στήκεσαν
401 1651 414 1671 ,
443 1620 516 1659 καί
544 1615 617 1671 τὴν
642 1618 726 1658 τῶν
750 1618 914 1658 πολλῶν
938 1613 1195 1669 ἐπισχόντων
1211 1613 1360 1670 ’ὁρμήν
1396 1615 1456 1661 εἰς
1496 1611 1612 1655 dval-

181 1699 317 1739 ρεσιν,
356 1677 415 1725 ὦν
452 1680 600 1738 ἅτερος
626 1681 806 1738 ἔφιππος
833 1682 991 1738 σιδήρῳ
1017 1680 1307 1738 κατάφρακτος
1333 1678 1404 1721 τὸν
1433 1680 1508 1720 τοῦ
1531 1694 1612 1731 μυ-

275 1833 310 1867 9.
337 1819 595 1854 δυσάκουστον
617 1820 657 1852 Α.
733 1829 784 1853 ιο.
813 1815 1026 1864 αἰδεσίμου]
1054 1815 1260 1850 δυσθεᾶτου
1286 1813 1484 1848 cod.W01f.
1561 1824 1612 1846 ιι.

274 1866 468 1912 ω’ρχοῦνῐο
496 1868 559 1899 καὶ
581 1863 816 1911 ἐτραγιόδουν
838 1865 875 1896 Β.
986 1873 1035 1896 12.
1057 1859 1264 1908 βαρβαρικοὶ
1291 1860 1417 1905 α’πηχῆ
1444 1862 1483 1893 Α.
1562 1863 1613 1892 13.

274 1912 343 1955 τὴν
366 1912 474 1959 αἰδῶ]
500 1912 806 1954 α’νασηκώσαντες
830 1904 873 1944 ui
900 1909 1022 1956 ῥοῦχα
1045 1909 1170 1943 αὐτῶν
1191 1908 1402 1951 καῐοὺρονν
1425 1906 1614 1939 κύκλοθεν

274 1960 338 2001 τῆς
361 1958 471 2004 ἁγίας
493 1959 670 2004 τραπέζης
693 1958 730 1991 Β.
920 1968 968 2002 ¹⁴7.
995 1953 1278 2004 μηχανώμενοι]
1303 1954 1549 1999 ἐπιφέροντες
1573 1955 1613 1984 A.

276 2007 489 2088 ΞοὲμέσονΑ
503 2003 579 2053 γὰρ
607 2003 789 2051 ὀφθέντες
822 2001 861 2037 οἱ
882 2005 957 2039 τῶν
981 2003 1139 2037 σικεὶων
1164 2001 1364 2047 στρατηγοὶ
1388 1997 1458 2042 τήν
1480 1999 1554 2034 τῶν
1573 2008 1612 2031 π.

296 2064 321 2086 π
345 2061 440 2101 σχον
494 2075 502 2086 .

187 2172 336 2206 donaria
372 2169 560 2217 rapiebant
599 2173 636 2203 et
656 2168 816 2215 profanis
850 2166 1014 2200 manibus
1039 2177 1112 2199 non
1139 2164 1318 2210 tangenda
1344 2163 1614 2197 contrectabant

186 2231 229 2252 ac
256 2218 392 2252 caninis
416 2217 528 2250 oculis
547 2227 589 2249 ea
604 2215 838 2249 intuebantur
864 2225 958 2259 quae
975 2213 1181 2258 aspicienda
1198 2223 1271 2244 non
1295 2215 1389 2251 sunt,
1415 2221 1522 2254 quam
1545 2210 1616 2242 hoc

186 2266 381 2305 nefarium,
403 2263 502 2309 quod
524 2268 763 2296 sacrosanctas
791 2260 923 2294 Christi
946 2265 983 2293 et
1006 2260 1219 2292 famulorum
1243 2259 1320 2290 eius
1345 2257 1516 2300 imagines
1540 2262 1614 2289 ter-

189 2323 248 2344 rae
279 2310 495 2350 allidebant‚
534 2315 572 2342 et
604 2309 757 2353 pedibus
785 2307 1015 2346 insistentes,
1053 2307 1082 2339 si
1115 2305 1204 2350 quid
1228 2309 1373 2337 ornatus
1399 2314 1442 2335 ex
1463 2304 1613 2336 materia

187 2359 344 2403 pretiosa
367 2358 502 2396 inerat,
528 2366 570 2388 eo
597 2361 778 2399 utcunque
804 2353 944 2397 direpto
964 2353 1058 2398 ipsas
1082 2353 1121 2385 in
1148 2351 1253 2385 trivia
1280 2349 1498 2390 efferebant,
1527 2354 1568 2382 ut
1594 2360 1614 2380 a

187 2403 499 2448 praetereuntibus
527 2402 848 2440 conculcarentur,
876 2404 939 2432 aut
971 2398 1018 2432 ad
1044 2399 1164 2432 cibum
1188 2396 1415 2442 coquendum
1442 2396 1521 2428 foco
1550 2406 1615 2439 ap·-

188 2450 382 2494 ponebant.
420 2448 512 2481 illud
537 2453 654 2480 autem
689 2447 842 2480 maxime
867 2446 1043 2478 nefarium
1067 2449 1121 2478 est
1148 2449 1183 2477 et
1211 2445 1353 2488 piorum
1377 2442 1524 2474 auribus
1552 2441 1615 2473 de-

191 2496 358 2528 testabile
373 2521 383 2536 ‚
418 2494 516 2540 quod
539 2495 578 2527 in
618 2505 715 2527 sacra
743 2499 780 2526 et
804 2492 890 2537 ipsis
915 2492 1050 2535 angelis
1075 2490 1275 2524 venerabili
1298 2500 1420 2522 mensa
1446 2487 1615 2521 indecore

190 2541 371 2575 saltabant
396 2547 432 2574 et
455 2540 641 2573 barbarica
666 2539 843 2584 quaedam
876 2539 1014 2571 cantica
1038 2537 1252 2582 psallebant.
1276 2534 1408 2569 deinde
1435 2532 1615 2579 pudendis

191 2588 323 2631 apertis
358 2598 494 2620 sacrum
518 2587 759 2631 pavimentum
798 2586 836 2617 in
861 2585 984 2617 orbem
1006 2582 1298 2629 permingebant,
1322 2582 1526 2625 aspersione
1552 2578 1616 2610 illa

192 2639 230 2666 et
256 2633 381 2665 calidis
414 2632 552 2665 balneis
594 2633 711 2665 noxiis
748 2630 983 2664 daemonibus
1008 2631 1135 2675 utique
1161 2630 1419 2674 gratificantes,
1444 2631 1485 2657 ut
1508 2625 1547 2656 in
1571 2623 1616 2656 iis

193 2679 333 2723 fatigati
368 2677 529 2711 cladibus
555 2677 740 2711 hominum
763 2679 979 2710 innatarent.
1003 2676 1067 2710 sed
1089 2687 1168 2709 cum
1193 2675 1339 2709 tandem
1375 2672 1548 2704 malorum
1574 2669 1617 2701 ss-

191 2726 249 2759 nis
271 2726 404 2758 instare
433 2729 470 2758 et
497 2734 615 2768 pugna
638 2725 806 2769 quietura
836 2723 1041 2763 videretur,
1067 2722 1181 2755 Siculi
1216 2721 1323 2754 duces
1349 2720 1616 2751 intervenerunt

194 2777 232 2805 et
253 2770 380 2805 turbae
408 2769 446 2803 in
472 2769 597 2804 caedes
622 2770 758 2804 ruentis
785 2771 957 2815 impetum
985 2771 1245 2815 represserunt3
1269 2775 1420 2811 quorum
1438 2773 1529 2795 unus
1558 2771 1616 2794 ca-
