1838 3210
483 216 557 256 m:
597 213 852 258 mmm-:LE
902 214 1165 259 commo
1204 217 1420 258 LIB.v11.
1557 195 1667 253 265

335 332 376 358 2.
441 317 508 373 Τῷ
547 316 594 357 δὲ
624 318 796 368 βασιλεῖ
831 318 967 357 ταῦτα
997 313 1106 358 οὕτω
1139 317 1412 374 διοικουμένῳ
1436 317 1673 369 χλευασμοί

225 380 342 438 παρὰ
368 381 592 433 Ῥωμαίων
618 382 881 435 ἐπετρίβοντο
909 380 967 430 ὥς
1004 380 1256 437 ὑπερορίους
1284 382 1415 436 δῆθεν
1440 380 1671 435 ἐπιθυμίας

223 446 296 490 διὰ
324 445 369 489 τὰ
402 446 605 503 φίλαυτον
645 447 843 502 τρέφοντι
875 446 950 488 καί
985 445 1238 502 ὀφθαλμούς
1266 448 1330 489 ἐπ’
1362 441 1473 502 ἄκρα
1499 449 1575 502 γῆς
1602 449 1707 491 «ἔκ-Β

221 515 417 565 τείνοντι,
455 512 530 553 καί
558 507 636 553 ὅσα
666 513 806 566 θερμὰ
844 511 917 554 καί
945 512 1160 567 τολμηροί,
1203 514 1338 554 ταῦτα
1366 513 1669 568 διαπραττομέ-

185 582 304 638 5νῳ,
332 580 408 620 καί
430 578 513 620 τῶν
541 575 698 627 α’ξόνων
724 577 920 631 βάλλοντι
948 576 1173 633 πόρρωθεν
1190 577 1264 628 οὓς
1292 577 1332 619 οἱ
1351 576 1496 633 πρώην
1521 577 1669 631 ἔτεμον

223 647 433 699 βασιλεῖς,
463 641 538 685 καὶ
563 641 666 696 πρὸς
687 643 898 698 χρήσιμον
927 643 1053 685 οὐδὲν
1080 643 1358 686 α’παντλοῦντι
1386 643 1440 686 τὰ
1468 644 1668 699 χρήματα

220 709 254 753 ἃ
286 710 477 764 συλλέγει
516 706 563 750 τὸ
601 705 673 750 ὑπ’
710 707 847 763 α’ρχὴν
886 707 1186 762 καλαμώμενος
1229 710 1501 767 ἀπογραφαῖς
1526 725 1570 753 τε
1597 712 1673 753 καί

221 774 372 832 φόροις
398 775 644 817 έκδαπανῶν
674 772 942 830 ἀσυνήθεσιν.
973 770 1025 816 οὗ
1040 776 1178 825 καλῶς
1201 776 1249 817 δὲ
1268 774 1535 820 παντάπασιν
1563 778 1672 820 ἑκεί-

220 856 280 899 νῳ
313 838 365 883 τά
403 838 544 882 τοιάδε
589 843 906 895 προσέρριπτον,
938 836 1004 882 ὅτι
1018 842 1118 897 μηδ’
1147 837 1201 896 ἦν
1215 845 1457 894 καινοτομία
1482 858 1547 893 τις
1572 838 1671 885 ἅλο-

161 926 210 953 10
220 921 293 962 γος
319 906 365 955 ἐς
390 905 438 948 τὸ
482 908 680 956 παντελὲς
718 905 770 948 τά
802 906 1086 961 πραττόμενα,
1123 906 1230 949 ἀλλὰ
1274 906 1328 950 τὰ
1356 910 1440 950 τῶν
1470 910 1673 951 Λατίνων

218 975 317 1029 γένη
354 971 464 1028 δρῶν
503 966 673 1026 ἄμαχον
703 972 830 1026 ἰσχὺν
866 975 1133 1028 περικείμενα
1169 974 1324 1016 ἐδεδίει
1351 971 1399 1016 τὸ
1428 971 1672 1028 σύμπνουν,

219 1038 279 1089 ὥς
306 1037 436 1095 ἔφην,
471 1037 533 1094 μή
561 1035 834 1081 κατακλυσειε
860 1037 914 1080 τὰ
945 1038 1145 1094 ἡμέτερα,
1174 1055 1313 1095 ωσπερ
1341 1056 1412 1081 και
1440 1042 1673 1096 χείμαρρος

221 1106 267 1157 ἒξ
279 1103 434 1181 ,ὀλίγου
465 1105 599 1158 μέγας
639 1105 788 1181 φανείς
814 1119 1053 1159 παρασυρει
1090 1103 1214 1159 γήὀια
1241 1107 1448 1159 γεωργῶν
1506 1103 1579 1147 διά
1605 1121 1674 1148 τοι

220 1171 344 1212 τοῦτο
370 1186 443 1212 και
469 1167 517 1212 τὸ
541 1167 696 1223 μικρὸν
723 1166 994 1226 ὑφορώμενος
1026 1168 1215 1223 ἔναυσμα
1244 1171 1302 1219 ὥς
1332 1173 1500 1226 πυρσοῦ
1516 1170 1712 1227 παραί-(ὶ

162 1238 209 1280 15
222 1250 332 1288 τιον,
362 1236 539 1289 ἐνιαχοῦ
576 1236 625 1277 δὲ
663 1236 740 1277 καί
777 1250 836 1284 εις
862 1236 1060 1290 μεγίστην
1088 1238 1317 1292 προβαῖνον
1349 1234 1563 1292 πυρκαιὰν
1600 1253 1674 1280 και

221 1302 283 1352 εἷς
309 1298 558 1357 ἐμπρησμὸν
588 1298 747 1355 ἔκτοτε,
791 1295 843 1356 ἢν
881 1299 1117 1358 εὕπρήστου
1155 1298 1260 1357 υλης
1287 1299 1396 1361 τύχῃ
1423 1299 1673 1366 λαβόμενον

219 1369 296 1409 και
319 1365 425 1444 πρὸς
449 1364 580 1422 μόνην
604 1364 794 1420 ὖποψίαν
822 1369 1036 1423 φυομένην
1054 1365 1133 1423 τὴν
1161 1368 1248 1409 τῶν
1272 1367 1513 1410 λυπουντων
1538 1367 1675 1423 ἀρχὴν

219 1430 462 1488 α’πεμάχετο
491 1430 594 1475 κατὰ
620 1447 720 1482 τους
747 1429 949 1488 ἇρίστους
975 1449 1060 1475 των
1082 1432 1288 1488 γηπόνων,
1317 1435 1356 1476 οι
1384 1432 1461 1483 τὰς
1485 1434 1676 1484 ἀκάνθας

218 1497 296 1549 τὰς
321 1498 400 1556 τήν
429 1498 614 1555 πρασιὰν
638 1501 949 1552 λυμαινομένας
974 1498 1131 1556 νεαρὰς
1157 1498 1219 1542 ἔτι
1235 1501 1419 1543 ε’κσπῶσι
1446 1499 1520 1542 καὶ
1543 1516 1673 1543 κατα-

154 1581 208 1609 20
219 1567 475 1622 στρέφουσιν
518 1565 729 1620 ἅρτιθαλῆ
770 1568 853 1607 τῶν
892 1567 1077 1622 δένδρων
1110 1563 1165 1609 τά
1193 1564 1253 1621 μὴ
1293 1564 1544 1621 κηπεύσιμα.
1599 1567 1676 1608 καί

219 1633 344 1674 τοῦτο
374 1631 739 1687 σαφῶςῦπέδειξε
766 1629 818 1674 τὰ
846 1633 1100 1686 μετέπειτα,
1126 1631 1246 1687 ἧνίκα
1276 1632 1352 1685 τὴν
1376 1633 1457 1685 μὲν
1485 1633 1671 1674 ἐνταῦθα

222 1696 336 1752 ζωήν
366 1696 495 1747 αὐτὸς
521 1694 773 1752 μετηλλᾰχει
787 1731 801 1751 ,
830 1695 879 1740 τὰ
910 1699 958 1740 δέ
974 1713 1020 1751 γε
1044 1695 1269 1752 πράγματα
1284 1698 1538 1753 κυβερνήτην
1564 1697 1672 1739 α’πο-

220 1762 402 1817 βαλόντα
429 1761 561 1818 σοφὸν
585 1763 740 1817 μικροῦ
767 1761 815 1805 τὸ
840 1764 915 1818 τῆς
941 1762 1162 1815 βασιλείας
1190 1764 1352 1819 σκάφος
1382 1761 1593 1817 ε’βάπτισε.
1620 1761 1667 1804 τὸ

222 1829 262 1869 δ’
298 1822 372 1870 οὖν
409 1830 492 1871 τῶν
530 1829 704 1881 δασμῶν
733 1829 1023 1881 ἐπιτεταμένον
1068 1829 1160 1869 οὐδ’
1187 1823 1314 1877 αὐτὸς
1341 1825 1397 1878 ὥς
1422 1830 1671 1881 μετεδίωκεν

156 1897 210 1939 25
223 1892 539 1951 ἀποκρύψομαι.
594 1895 689 1936 ἀλλ’
720 1896 814 1936 οὐδ’
843 1890 911 1936 ὅτι
938 1892 985 1936 αῖ
1017 1895 1153 1950 α’ρχαί
1181 1891 1462 1950 δημοσιῶναις
1485 1895 1671 1951 προυβὲ-

313 2007 345 2042 5
369 2006 558 2050 βάλλοντα
578 2006 708 2060 vulgo.
803 1983 808 1986 Ι
839 2019 872 2051 9.
898 2004 1038 2051 ἄλογος
1061 2007 1253 2045 παντελῶς
1273 2008 1314 2041 Α.
1435 2017 1486 2042 12.
1507 2007 1669 2055 χειμιίρ-

314 2064 405 2099 ρους
432 2054 473 2086 A.
591 2046 709 2088 23.1‹3
745 2057 829 2086 ante
856 2065 919 2096 της
939 2054 1046 2099 vulgo
1080 2053 1192 2087 deest.

315 2155 348 2178 2.
396 2146 443 2179 At
480 2146 689 2191 imperatori
726 2157 782 2178 res
810 2146 862 2179 ita
893 2145 1162 2180 administranti
1196 2145 1338 2178 crimini
1372 2144 1528 2179 dabatur
1549 2156 1571 2178 a
1598 2146 1670 2179 Ro-

222 2191 338 2225 manis
353 2217 363 2233 ,
389 2192 488 2237 quod
517 2203 562 2225 ex
584 2192 783 2226 ambitione
808 2192 1007 2238 longinqua
1031 2192 1256 2226 desideraret
1278 2197 1316 2225 et
1339 2193 1463 2226 oculos
1485 2193 1526 2226 in
1550 2198 1670 2226 extre-

222 2249 280 2271 ma
303 2244 479 2272 terrarum
514 2239 746 2280 extenderet,
784 2241 899 2272 multa
932 2239 1125 2281 audacter,
1158 2246 1293 2274 temere
1317 2240 1430 2273 multa
1456 2244 1603 2284 ageret,
1631 2245 1670 2274 et

222 2285 319 2318 ultra
343 2285 477 2319 limites
506 2298 526 2318 a
553 2287 799 2332 superioribus
825 2287 1103 2332 imperatoribus
1126 2287 1336 2332 praefinitos
1363 2286 1518 2319 multum
1541 2297 1668 2330 evaga-

222 2337 344 2373 retur,
370 2338 407 2366 et
426 2333 615 2377 pecuniam
640 2345 661 2366 a
685 2332 839 2366 subditis
865 2333 993 2367 acerbe
1016 2339 1054 2367 et
1085 2345 1150 2379 per
1172 2334 1342 2366 iniuriam
1368 2339 1528 2366 exactam
1553 2334 1669 2366 inuti-

222 2379 307 2412 liter
331 2379 559 2425 dilapidaret.
586 2391 710 2413 serum
734 2391 922 2426 perperam
949 2382 1017 2414 ista
1038 2379 1414 2426 reprehendebantur,
1437 2392 1512 2414 non
1527 2380 1598 2413 ab
1587 2392 1668 2413 ma-

222 2426 262 2458 ni
287 2426 408 2459 studio
445 2427 620 2460 novitatis
643 2427 829 2473 profecta,
867 2428 931 2461 sed
952 2428 1159 2461 Latinarum
1185 2427 1346 2472 gentium
1371 2433 1490 2468 metu,
1514 2437 1666 2472 quarum

223 2472 316 2505 vires
341 2474 639 2527 inexpugnabiles
664 2479 803 2517 essent3
828 2486 921 2520 quae
950 2475 980 2508 si
1006 2475 1282 2519 conspirassent,
1305 2474 1498 2507 verebatur
1519 2484 1566 2506 ne
1590 2479 1667 2506 tor-

225 2519 336 2551 rentis
360 2520 474 2553 instar
495 2526 655 2554 nostrum
693 2522 882 2565 imperium
921 2527 1114 2555 vastarent.
1141 2532 1182 2554 ea
1211 2521 1255 2554 de
1282 2532 1389 2553 causa
1413 2520 1473 2554 ve'l
1497 2521 1666 2564 exiguum

225 2564 387 2599 fomitem
414 2572 456 2600 ut
480 2568 597 2612 magni
624 2567 783 2600 incendii
813 2580 955 2601 causam
979 2574 1183 2614 suspectum
1208 2567 1386 2610 habebat3
1415 2572 1453 2600 et
1474 2566 1666 2599 suborien-

223 2610 277 2643 tia
305 2611 611 2647 incommodorum
638 2615 774 2647 semina
801 2616 923 2649 statim
950 2615 1173 2660 estimabat,
1199 2614 1326 2660 optimi
1351 2613 1528 2658 agricolae
1553 2623 1665 2653 more,

225 2657 291 2701 qui
323 2658 442 2702 spinas
467 2660 585 2693 adhuc
624 2667 766 2694 teneras
794 2667 830 2695 et
855 2662 1048 2707 degeneres
1083 2661 1230 2695 frutices
1255 2671 1403 2694 runcare
1428 2660 1531 2692 solet.
1554 2663 1664 2703 atque

226 2702 297 2736 hoc
319 2705 396 2738 eius
421 2705 523 2740 obitu
550 2707 771 2741 declaratum
797 2714 874 2750 est,
899 2721 979 2742 cum
1003 2709 1158 2753 sapienti
1195 2707 1433 2752 gubernatore
1456 2705 1586 2738 amisso
1611 2706 1664 2740 rei

227 2749 395 2804 publicae
423 2753 523 2785 navis
547 2765 640 2798 pene
665 2754 826 2788 demersa
848 2761 912 2789 est.
937 2766 978 2788 ae
1003 2766 1084 2788 eum
1111 2754 1248 2788 tributa
1270 2763 1498 2798 exaggerasse
1526 2757 1564 2786 et
1588 2763 1665 2785 ma-

228 2797 396 2845 gistratus
419 2797 623 2846 publicanis
649 2800 854 2837 xeudidisse
875 2807 911 2836 et
937 2801 1181 2836 fertilissimos
1207 2811 1307 2846 agros
1331 2800 1405 2834 suis
1430 2799 1556 2834 aratris
1579 2810 1664 2848 pro-

968 2868 978 2886 l
