1878 3230
364 137 477 207 864
782 156 1005 201 NlcETAs
1044 158 1324 201 cuoNtATA

357 260 519 311 βευμα,
549 258 631 297 ποῦ’
657 272 724 298 σοι
760 257 805 299 τὸ
847 259 1045 313 νηπενθὲς
1071 261 1142 300 καί
1183 260 1320 300 κακῶν
1359 254 1552 300 ἁπάντων
1594 258 1784 314 ἐπίληθες

359 322 604 378 φάρμακον,
635 319 660 363 ὃ
690 321 832 372 Θῶνός
864 338 930 365 σοι
957 323 1201 379 παράκοιτις
1237 324 1486 378 ἐχαρίσατος
1525 325 1605 364 ποῦ’
1643 325 1688 366 δὲ
1731 323 1783 366 τὰ

358 381 505 439 ἄμαχα
538 387 721 442 φίλτροις
749 390 836 436 πῶς
860 388 934 430 οὒκ
961 389 1129 444 ἐχρήσω
1159 388 1319 437 τούτοις
1347 388 1404 437 ὥς
1431 387 1560 430 πάλαι
1591 391 1663 430 καί
1684 391 1785 441 miv,-

358 453 447 492 ἀλλ’
471 447 594 505 οἶμαί
607 467 675 494 σοι
699 459 789 502 ταῖς
804 456 993 508 Μοίραις
1021 457 1231 508 πέπρωται
1249 455 1298 510 τῇ
1320 456 1394 495 τοῦ
1420 451 1552 507 πυρὸς
1567 453 1786 496 ὑποπεσεῖν

357 517 478 573 ἐρωῇ,
506 519 607 573 μηδ’
637 519 681 560 ἐν
709 517 836 560 εἰκόνι
865 519 1137 574 παυσαμένην
1163 521 1375 562 α’νακαίειν
1395 517 1494 568 τοὺς
1522 518 1706 573 δρῶντας
1729 520 1821 568 εἶςὸ

355 581 528 637 ἔρωτας.
586 579 701 625 εἶπον
729 585 763 624 δ’
792 581 842 625 ἂν
871 585 927 633 ὥς
955 585 1267 627 καί·ιίντι’ποινα
1297 587 1371 626 τοῦ
1398 583 1474 640 τήν
1499 587 1650 640 Τροίαν
1676 585 1787 640 ᾗθα-

355 650 520 690 λιὸσθαι
549 648 655 704 πυρὶ
681 655 771 698 ταῖς
800 655 894 699 σαῖς
928 653 1130 704 σχετλίως
1160 652 1462 706 φρυκτευθέντι
1496 649 1712 706 φιλότησιν
1747 648 1788 691 οἱ

356 711 584 756 Ain-addan
624 709 738 755 οὗτοι
775 714 884 769 πυρί
920 731 967 757 σε
1010 718 1264 771 κατέκριναν.
1323 717 1411 757 ἀλλ’
1452 716 1526 755 οὐκ
1563 716 1700 770 ἐᾷ’-με
1739 711 1784 755 τὸ

354 781 619 832 χρυσομανὲς
647 781 730 820 τῶν
762 781 926 835 α’νὸριὸν
956 779 1266 836 ὃιανοήσασθαί
1287 797 1326 823 τι
1354 783 1535 823 τοιοῦτον
1561 781 1632 821 καί
1659 781 1786 834 φθέγ·

356 846 535 896 ξασθαι,
569 841 643 898 ὑφ’
683 839 734 885 οὗ
772 843 825 886 τοὶ
862 847 1016 887 σπάνια
1056 849 1270 900 πανταχοῦ
1306 850 1378 888 καί
1415 846 1550 888 καλῶν
1587 844 1785 886 κάλλιστα
1804 859 1848 887 ιο

356 906 458 962 ἔργα
486 912 681 950 παντελεῖ
703 909 930 968 ἀφανισμῷ
963 913 1346 967 παρεπέμφθησαν,
1388 913 1515 953 εἰπεῖν
1547 913 1592 952 δὲ
1628 910 1702 951 καί
1732 908 1784 952 τὸ

355 971 427 1022 τὰς
454 970 612 1015 ἑαυτῶν
651 981 849 1034 γυναῖκας
888 977 1045 1028 ὄβολῶν
1084 978 1261 1029 μετρίων
1302 974 1496 1025 πολλάκις
1539 972 1787 1017 ἀποδιδόναι

355 1040 428 1080 καί
454 1035 796 1092 ἀποπέμπεσθαι,
831 1042 904 1082 καί
937 1044 1094 1094 μᾶλλον
1129 1043 1168 1083 εἰ
1213 1043 1520 1097 προσανέχουσι
1558 1044 1678 1097 τηλία
1714 1041 1788 1082 καί

355 1101 658 1159 προστετήκασι
688 1111 843 1155 πεττοῖς
874 1108 1122 1160 πανημέριοι
1140 1139 1152 1160 ,
1181 1103 1211 1162 ἦ
1241 1110 1313 1148 καί
1342 1105 1447 1162 πρὸς
1477 1104 1611 1161 ὅρμὴν
1640 1102 1787 1160 ἄλογον

355 1172 427 1210 καί
453 1169 668 1224 μανιώδη,
713 1170 763 1210 οὔ
793 1169 878 1224 μην
907 1167 1103 1226 ἇνδρείαν
1144 1170 1333 1227 ἔμφρονα
1367 1173 1460 1213 κατ’
1502 1172 1689 1226 ἀλλήλων
1723 1169 1847 1212 ἐπι-15

353 1236 561 1276 θουσιιόσι
589 1236 661 1276 καί
687 1231 923 1291 τῆν”Αρεος
950 1235 1099 1290 σκευὴν
1127 1239 1418 1291 περιτίθενται,
1442 1238 1515 1290 τῆς
1544 1239 1656 1291 νίκης
1683 1252 1786 1290 προ·-

353 1300 537 1348 τιθὲντες
565 1295 697 1341 ἆθλον
724 1298 858 1341 πάντα
886 1298 936 1341 τοὶ
966 1299 1174 1355 προσόντα
1200 1303 1371 1356 σφίσιν,
1409 1300 1539 1351 αὐτὰς
1572 1301 1650 1350 τὰς
1688 1317 1786 1342 κου-

354 1364 516 1419 ριδίους
546 1362 746 1418 α’λόχους,
779 1366 822 1415 ἐξ
858 1359 918 1406 ὧν
949 1366 1124 1420 πατέρες
1151 1362 1395 1420 ἠκηκόεισαν
1430 1369 1599 1419 τέκνων,
1637 1364 1698 1408 ἔτι
1739 1369 1786 1409 δὲ

354 1427 399 1470 τὸ
431 1430 540 1482 μέγα
571 1431 718 1484 χρῆμα
746 1432 817 1471 καί
845 1435 929 1478 τοῖς
959 1425 1098 1478 ἄλλοις
1126 1431 1477 1485 δυσπαραίτητον,
1513 1430 1587 1486 τὴν
1614 1430 1783 1487 ψυχήν,

352 1494 424 1536 καί
449 1489 500 1549 ἧς
523 1495 641 1535 ἕνεκα
669 1492 720 1535 τοὶ
758 1494 891 1536 πάντα
922 1494 1330 1548 περισπουδάζουσιν
1366 1491 1592 1551 ἄνθρωποι.
1648 1491 1845 1546 ἄλλωςαο

353 1574 398 1602 τε
424 1561 506 1601 ποῦ
534 1561 629 1614 παρ’
650 1557 940 1615 ἀγραμμάτοις
965 1557 1196 1616 βαρβάροις
1219 1559 1292 1602 καί
1315 1563 1452 1603 τέλεον
1475 1561 1783 1618 α’ναλφαβήτοις

450 1673 484 1707 8.
509 1679 550 1705 σε
575 1671 645 1704 add
671 1670 868 1706 Fabricius.
967 1672 1018 1707 13.
1046 1673 1090 1718 τῇ
1114 1672 1193 1717 λείᾳ
1216 1672 1331 1717 vulgo.

352 1775 478 1820 pingat
502 1778 538 1806 et
558 1772 710 1818 posteris
735 1772 862 1806 tradat.
890 1783 1010 1805 verum
1037 1784 1056 1805 o
1078 1772 1252 1815 Tyndaris
1277 1773 1424 1815 Helena,
1450 1774 1526 1819 ipsa
1552 1785 1616 1819 per
1639 1786 1676 1808 se
1698 1775 1780 1820 pul-

354 1819 542 1860 chrstudo,
563 1819 779 1864 Cupidinum
816 1819 953 1859 areola,
988 1819 1137 1852 Veneris
1176 1820 1401 1860 sollicitudo,
1441 1822 1780 1865 praestantissimum

352 1872 502 1900 naturae
527 1865 683 1906 donum,
720 1865 956 1898 Troianorum
982 1870 1019 1898 et
1045 1866 1258 1898 Graecorum
1277 1867 1452 1899 bravium:
1480 1866 1542 1899 uhi
1569 1873 1667 1900 tuum
1688 1868 1782 1900 illud

354 1913 551 1947 remedium
575 1912 692 1945 luctus
719 1916 827 1956 atque
851 1911 1024 1944 malorum
1050 1913 1206 1944 omnium
1231 1912 1448 1945 oblivionem
1474 1913 1657 1954 inducens,
1682 1913 1781 1959 quod

354 1959 424 1992 tibi
448 1970 469 1992 a
496 1958 633 1991 Thonis
661 1969 770 1990 uxore
797 1959 956 1991 oblatum
977 1958 1053 1991 est?
1079 1959 1142 1991 ubi
1167 1960 1320 1992 invictae
1346 1960 1431 1992 illae
1456 1959 1649 1992 illecebrae
1672 1960 1780 1994 tuae?

355 2017 419 2040 cur
444 2016 518 2038 non
542 2005 614 2037 illis
643 2015 706 2037 usa
731 2015 766 2037 es
794 2010 834 2037 ut
862 2004 947 2036 olim
972 2004 1156 2038 utebaris?
1192 2005 1255 2038 sed
1280 2011 1367 2050 puto
1399 2005 1469 2039 tibi
1505 2007 1586 2039 fatis
1623 2006 1782 2040 destina-

355 2059 431 2087 tum
456 2062 532 2085 esse
557 2056 598 2084 ut
632 2051 670 2083 in
701 2056 915 2095 potestatem
938 2051 1027 2094 ignis
1055 2052 1216 2092 venires,
1259 2063 1350 2096 quae
1381 2053 1439 2086 vel
1472 2053 1510 2085 in
1539 2053 1691 2097 imagine
1718 2059 1781 2086 tua

356 2103 572 2143 spectatores
600 2097 819 2130 inflammare
838 2109 910 2130 non
936 2097 1108 2130 cessabas.
1135 2097 1285 2130 dixerim
1311 2098 1496 2132 Aeneadas
1528 2099 1615 2131 istos
1650 2099 1688 2132 in
1723 2099 1781 2131 ul·-

354 2146 492 2178 tionem
504 2144 645 2180 Troiae,
671 2143 716 2175 ob
743 2155 878 2177 amores
899 2149 978 2177 tuos
1007 2144 1174 2177 incendio
1214 2145 1338 2185 datae,
1363 2150 1399 2177 te
1428 2145 1580 2178 vicissim
1614 2145 1685 2188 igni
1717 2144 1780 2177 da-

356 2201 507 2224 mnasse.
535 2195 571 2222 at
598 2189 636 2221 id
659 2201 724 2222 nec
748 2190 866 2223 dicere
891 2201 957 2223 nec
982 2192 1136 2234 cogitare
1161 2191 1247 2224 sinit
1269 2191 1451 2224 hominum
1475 2191 1599 2223 insana
1623 2192 1699 2223 auri
1719 2203 1792 2223 cu·-

358 2237 516 2282 piditas;
541 2246 611 2279 qua
636 2247 713 2268 rara
737 2247 971 2282 quaecunque
996 2248 1035 2269 ac
1058 2236 1297 2282 pulcherrima
1321 2239 1479 2269 omnium
1503 2248 1609 2281 opera
1638 2237 1676 2269 in
1704 2238 1780 2269 exi-

360 2284 450 2317 tium
476 2281 636 2326 undique
666 2281 817 2314 deducta
841 2289 932 2316 sunt.
966 2282 1059 2315 illud
1091 2295 1235 2328 quoque
1274 2283 1484 2324 dicexidum5
1519 2284 1614 2327 ipsos
1653 2294 1778 2317 uxores

359 2330 571 2375 plerumque
605 2339 683 2361 suas
717 2340 908 2372 paucorum
942 2329 1129 2361 obolorum
1162 2331 1278 2374 pretio
1312 2329 1465 2362 vendere
1508 2334 1544 2362 et
1582 2329 1777 2371 dimittere,

358 2375 564 2421 praedaque
586 2374 737 2406 maxime
763 2375 922 2415 inhiare,
947 2375 1094 2420 diesque
1118 2376 1198 2409 lusu
1228 2377 1380 2409 talorum
1407 2376 1622 2419 transigere,
1655 2387 1694 2408 ac
1722 2377 1779 2409 in·-

357 2433 445 2455 sano
472 2421 678 2464 furiosoque
700 2421 846 2464 impetu,
870 2432 940 2453 non
965 2421 1134 2465 prudenti
1158 2421 1368 2455 fortitudine
1395 2422 1433 2454 in
1457 2428 1616 2455 mutuum
1642 2421 1778 2455 bellum

358 2468 454 2502 ferri.
478 2469 529 2500 ita
555 2466 685 2499 bellico
709 2467 831 2499 Martis
857 2473 1027 2511 apparatu
1052 2469 1290 2508 instruuntur,
1322 2473 1363 2500 ut
1385 2469 1556 2501 victoriae
1579 2469 1779 2513 praemium

358 2520 497 2559 ponant
523 2513 615 2546 bona
641 2511 800 2558 propria,
824 2514 998 2556 legitimas
1026 2525 1163 2554 uxores,
1190 2525 1233 2546 ex
1260 2514 1391 2558 quibus
1417 2515 1510 2548 filios
1534 2520 1778 2559 susceperunt.

362 2562 578 2606 insuperque
604 2571 675 2592 rem
701 2571 877 2603 magnam,
915 2566 950 2592 et
987 2571 1090 2603 quam
1126 2560 1187 2592 alii
1227 2571 1328 2603 aegre
1372 2560 1577 2602 dimittunt,
1612 2561 1776 2603 animam3

361 2608 462 2640 cuius
488 2606 748 2639 conservandae
766 2617 868 2638 causa
891 2606 1024 2638 nullam
1049 2618 1122 2638 non
1149 2606 1430 2640 sollicitudinem
1456 2613 1582 2651 gerunt
1603 2607 1776 2641 homiues.

360 2660 537 2687 caeterum
563 2665 633 2698 qua
659 2653 800 2686 tandem
826 2653 961 2685 ratione
988 2653 1063 2685 fieri
1092 2658 1210 2696 potest
1239 2660 1278 2686 ut
1302 2654 1461 2686 barbaris
1487 2654 1684 2687 litterarum
1711 2655 1777 2687 im-

360 2702 502 2745 peritis,
538 2700 667 2746 quibus
705 2701 800 2745 ipsae
839 2700 1036 2733 litterarum
1072 2699 1205 2733 formae
1253 2711 1397 2745 prorsus
1433 2701 1632 2745 incognitae
1674 2706 1774 2741 sunt,
