1838 3210
233 183 324 221 xiv
406 157 409 159 “
736 180 877 220 I-IIER.
918 175 1119 216 worm

227 282 442 334 periamur.
476 287 516 320 et
558 280 671 319 facile
710 290 969 322 caveremus,
1012 276 1086 314 nisi
1127 275 1234 315 fatali
1268 274 1439 328 quadam
1469 275 1639 315 siderum

227 349 482 399 impressione
509 347 651 384 animis
681 350 798 394 atque
838 341 1003 379 auribus
1041 355 1063 379 a
1104 341 1208 380 sanis
1249 341 1421 387 consiliis
1466 340 1644 395 plerique

228 412 514 451 abhorrerent.
546 410 755 448 imminuta
783 406 944 459 quidem
971 413 1052 454 est,
1086 412 1124 444 et
1158 405 1280 444 veluti
1307 405 1410 445 laeta
1435 421 1542 460 seges
1568 408 1645 445 tri-

230 478 278 516 sti
308 477 410 516 lolio
441 481 623 526 corrupta
642 502 654 523 ‚
682 479 796 510 vetus
825 478 986 510 nostrae
1013 471 1139 523 gentis
1166 470 1398 524 integritas3
1432 471 1538 525 quod
1578 486 1646 510 ex-

228 551 408 582 terarum
436 540 646 579 nationum
675 537 849 591 quodam
876 537 988 589 quasi
1014 538 1198 589 contagio
1239 537 1423 576 accidisse
1457 537 1617 576 videtur
1634 565 1646 587 ‚

229 622 397 662 quarum
422 604 526 644 mala
560 617 650 645 cum
686 603 830 642 nostris
875 602 1177 652 coniunximus‚
1219 616 1312 641 cum
1355 603 1647 655 peregrinatio-

227 688 323 711 num
365 673 396 710 is
441 671 531 709 finis
575 683 659 709 esse
692 669 856 718 debeat,
900 673 948 707 ut
975 668 1119 707 innatis
1163 675 1203 706 et
1242 667 1530 709 consuetudine
1559 667 1648 708 ino.-

226 738 304 776 litis
345 736 451 775 vitiis
492 735 654 774 abiectis
696 734 868 773 aliorum
904 734 1074 773 virtutes
1117 734 1382 783 asciscamus‚
1429 746 1648 785 eorumque

225 801 436 854 prudentia
476 808 515 840 et
553 799 801 839 humanitate
854 798 903 838 ad
945 812 1064 843 omne
1104 813 1226 852 genus
1268 797 1386 837 officii
1428 804 1470 838 et
1520 797 1648 842 laudis

224 867 462 906 erudiamur.
509 866 578 905 sed
637 867 668 904 si
714 870 873 904 caetera
934 872 1180 918 spectemus,
1233 877 1437 917 nunquam
1478 865 1648 903 Germa-

224 935 290 971 nia
337 932 432 972 viris
473 932 591 970 armis
633 931 776 984 opibus
818 929 991 969 consiliis
1030 930 1105 968 fuit
1149 929 1405 978 instructior3
1447 943 1545 984 quas
1586 942 1647 967 res
1695 925 1701 931 ⁴

225 1005 394 1051 propter
433 997 668 1037 discordiam
707 1010 791 1036 non
838 997 880 1035 in
930 995 1105 1036 hostium
1151 995 1438 1034 detrimentum
1489 993 1558 1034 sed
1607 994 1646 1035 in

225 1064 379 1118 patriae
420 1063 583 1102 exitium
625 1061 855 1102 detestanda
893 1060 1159 1108 crudelitate,
1202 1074 1251 1099 ne
1294 1061 1424 1099 dicam
1463 1060 1648 1109 insania,

226 1130 508 1170 convertimus.
566 1142 668 1181 quae
715 1127 899 1181 cogitatio
949 1141 1039 1165 cum
1084 1129 1124 1165 in
1177 1125 1294 1165 huius
1349 1125 1538 1164 historiae
1586 1125 1652 1164 in-

225 1196 514 1248 terpretatione
539 1193 709 1234 subinde
737 1207 869 1232 meum
897 1193 1076 1232 animum
1104 1192 1269 1241 feriret,
1311 1198 1350 1230 et
1380 1190 1489 1229 haud
1527 1189 1651 1229 dubie

227 1260 476 1300 cordatiores
507 1272 667 1313 quoque
692 1259 861 1298 lectores
891 1257 1174 1298 extimulatura
1201 1259 1281 1306 sit,
1312 1270 1395 1296 non
1423 1262 1650 1309 temperare

228 1327 326 1366 mihi
355 1326 466 1380 potui
496 1325 592 1379 quin
620 1324 729 1364 hunc
765 1323 926 1374 locum,
967 1337 1084 1376 quem
1126 1324 1304 1362 omnium
1348 1322 1490 1362 animis
1531 1329 1651 1376 atque

230 1391 355 1431 oculis
381 1405 537 1444 semper
557 1389 763 1430 obversari
790 1389 1040 1429 utilissimum
1067 1389 1215 1437 fuerit,
1244 1388 1377 1427 obiter
1403 1389 1653 1441 attingerem.

226 1471 336 1496 nunc
376 1457 426 1496 de
461 1457 537 1496 hoc
580 1470 702 1509 opere
743 1455 960 1495 dicendum
997 1461 1082 1505 est;
1121 1453 1230 1507 quod
1273 1453 1344 1492 etsi
1388 1451 1525 1492 labore
1570 1467 1649 1492 nou

230 1523 357 1564 multo
386 1523 547 1563 minore
567 1551 579 1573 ,
605 1523 723 1575 longe
751 1528 884 1562 tamen
913 1521 1053 1560 maiori
1079 1534 1169 1559 cum
1199 1520 1402 1572 voluptate
1437 1520 1652 1570 converti,

227 1596 394 1644 propter
425 1589 613 1629 historias
638 1587 736 1627 mihi
766 1587 935 1627 antehac
964 1586 1048 1625 sere
1080 1586 1297 1638 incognitas
1335 1592 1374 1624 et
1411 1584 1570 1638 planius
1605 1599 1651 1624 ac

232 1655 357 1695 fusius
386 1655 580 1694 orationis
599 1667 733 1707 genus.
765 1653 807 1691 in
838 1667 918 1706 quo
946 1659 1078 1692 tamen
1106 1651 1359 1690 immodicam
1382 1652 1517 1690 nescio
1539 1651 1652 1690 cuius

229 1720 436 1760 insolentis
456 1719 676 1773 elegantiae
696 1719 987 1758 affectationem
1010 1732 1092 1758 non
1114 1731 1267 1770 semper
1287 1717 1530 1770 sequendam
1551 1716 1651 1755 mihi

227 1786 348 1836 duxi,
380 1785 489 1840 quod
519 1785 712 1840 quicquid
743 1784 827 1824 eius
867 1785 1022 1838 generis
1066 1791 1150 1834 est,
1195 1797 1275 1822 non
1317 1783 1439 1836 ipsius
1478 1784 1652 1822 auctoris

229 1852 423 1904 scriptum
449 1851 519 1891 sed
548 1851 835 1904 paraphrastae
852 1856 894 1890 et
921 1849 1066 1889 aemuli
1084 1849 1254 1888 alicuius
1279 1855 1548 1895 assumentum
1569 1863 1653 1889 esse

228 1916 405 1956 videtur.
431 1915 584 1955 contuli
613 1916 722 1954 enim
748 1916 812 1954 hic
830 1929 991 1968 quoque
1020 1915 1117 1954 duos
1147 1915 1306 1954 codices
1334 1928 1425 1953 cum
1453 1928 1501 1953 eo
1531 1929 1652 1967 quem

230 1980 457 2035 amplitudo
485 1987 555 2020 tua
585 1980 700 2034 Cpoli
736 1980 788 2019 ab
815 1980 1044 2020 Alexandro
1086 1979 1408 2032 Chartophylace
1443 1993 1652 2032 compara-

230 2048 314 2095 vit;
344 2054 462 2100 atque
492 2060 655 2100 operam
685 2045 802 2093 dedi,
832 2053 878 2084 ut
906 2059 952 2084 ex
980 2059 1027 2084 ea
1052 2045 1262 2087 collatione
1292 2059 1392 2098 opus
1426 2044 1501 2084 hoc
1531 2059 1652 2098 quam

231 2113 533 2166 integerrimum
559 2112 757 2162 ederetur,
787 2118 825 2151 et
838 2112 990 2151 Graeca
1017 2110 1155 2150 itidem
1183 2118 1228 2152 ut
1255 2112 1296 2149 in
1325 2112 1481 2151 Zonara
1513 2118 1652 2155 nostro

230 2178 378 2217 factum
404 2185 462 2217 est
490 2192 580 2216 cum
600 2178 753 2217 Latinis
781 2177 1136 2230 coniungerentur.
1169 2176 1352 2230 quamvis
1383 2176 1488 2215 enim
1509 2177 1654 2223 Graeci

231 2243 425 2283 sermonis
449 2244 601 2296 puritas
629 2250 669 2282 et
689 2243 907 2297 proprietas
932 2257 1024 2282 cum
1054 2249 1278 2284 exterarum
1302 2241 1510 2285 nationum
1540 2256 1652 2281 com..

231 2308 391 2347 merciis
429 2315 517 2347 tum
554 2310 773 2348 otiosorum
811 2308 1019 2347 hominum
1059 2308 1218 2361 ineptiis
1243 2314 1436 2360 corrupta
1465 2314 1547 2357 est,
1577 2321 1652 2346 nec

231 2374 322 2414 fieri
351 2375 487 2427 nequit
525 2376 567 2412 in
597 2374 674 2413 hoc
711 2375 948 2427 scriptorum
976 2387 1121 2427 genere
1147 2380 1193 2412 ut
1221 2372 1452 2426 interpretis
1479 2386 1560 2411 non
1589 2371 1652 2411 in-

232 2438 337 2479 docti
368 2454 442 2479 nec
470 2439 648 2479 indiserti
673 2442 804 2479 oratio
831 2440 906 2493 ipsi
932 2440 1089 2480 auctori
1117 2439 1386 2492 praeferatur,
1414 2445 1546 2477 tamen
1577 2451 1654 2477 nec

232 2518 325 2544 eum
351 2518 422 2559 ego
460 2519 523 2544 me
566 2505 827 2559 interpretem
863 2505 1041 2559 profiteri
1066 2506 1215 2555 ausim,
1255 2511 1294 2544 et
1321 2506 1472 2543 Graeca
1498 2502 1650 2556 lingua,

232 2571 516 2624 qualiscunque
545 2571 698 2623 adhuc,
740 2571 874 2610 nescio
907 2585 1027 2624 quem
1056 2570 1217 2624 genium
1243 2570 1388 2609 retinet
1414 2584 1459 2609 ac
1487 2569 1653 2608 uberta-

231 2642 312 2674 tem
342 2637 495 2676 Latinis
537 2637 824 2676 inimitabilem.
859 2638 1084 2676 testimonio
1127 2643 1219 2678 sunt
1246 2649 1384 2677 omnes
1423 2635 1509 2674 fere
1536 2634 1654 2674 disci-

231 2701 376 2754 plinae,
407 2716 574 2755 quarum
604 2702 666 2743 vix
696 2702 776 2743 ulla
807 2709 865 2743 est
896 2703 992 2756 quin
1023 2709 1063 2742 et
1091 2716 1114 2742 e
1141 2701 1274 2743 schola·
1308 2703 1462 2742 Graeca
1489 2715 1528 2740 se
1556 2714 1651 2753 pro-
