1838 3210
458 189 527 229 DE
567 187 820 228 MANUELE
859 184 1120 228 coMNENo
1172 186 1272 225 Lm.
1315 187 1367 225 11.
1534 161 1634 216 ¹05

197 287 253 338 ῶς
285 287 365 330 α’πὸ
389 289 462 343 γῆς
490 289 755 341 μαχομένους
783 284 887 336 πρὸς
910 283 1004 334 τούς
1033 286 1077 326 ἐν
1104 286 1155 341 τῇ
1182 285 1255 337 τῆς
1278 279 1408 336 ἄκρας
1430 279 1640 334 ὑπερβολῇ

196 357 362 408 βραχέα
391 350 418 408 ἢ
445 355 569 395 ου’δὲν
596 350 644 393 τὸ
671 347 911 392 ἀντιπῖπτον
935 355 1091 392 λυπεῖν.
1117 349 1172 399 ῶς
1199 351 1246 391 δὲ
1270 346 1396 390 πάλιν
1427 347 1500 387 καί
1516 343 1643 386 πάλιν

197 418 248 460 τὰ
271 416 379 460 αὐτοὶ
402 421 473 460 καί
489 420 560 459 έπὶ
583 414 688 458 πολι)
710 416 903 470 δρώμενα
926 415 1149 468 Ῥωμαίοις
1166 418 1243 468 μὲν
1261 415 1334 456 οὐκ
1354 409 1407 469 ἧν
1423 413 1466 462 ἐς
1485 412 1642 459 ἐντελὲς

200 483 413 537 ἀνύσιμα,
443 484 504 532 εἷς
531 485 576 524 δὲ
602 481 786 523 θάνατον
814 480 996 532 μάλιστα
1014 484 1237 534 βλέποντα,
1265 485 1352 529 τοῖς
1373 480 1421 521 ‹r-
1446 475 1558 527 ἐντὸς
1586 475 1643 525 ὥς

163 547 411 593 &masam
442 545 562 590 οὖσιν
598 545 800 599 ἀσπάσια,
826 543 1066 601 καινότερον
1093 548 1167 588 αἐί
1187 564 1227 588 τι
1254 544 1371 600 παρὰ
1400 546 1483 587 τῶν
1507 545 1643 591 κακῶς

198 613 446 670 πασχόντων
466 614 699 667 ·Ῥωμαι’ων
739 615 1138 668 προσέφευρίσκετο,
1184 616 1541 668 φιλοτιμουμένων
1579 610 1647 650 ἐπ’

200 677 326 735 ὄψεσι
353 682 559 735 βασιλέως
582 679 674 720 Ἴκαί
701 676 803 733 ἔργα
833 677 979 732 χειρός
1015 679 1199 730 ἀκμαίας
1226 677 1550 728 ἐνδεικνυμένων
1575 677 1650 717 καί

199 746 419 801 καρτερίαν
451 749 507 788 -ἑν
540 750 627 793 τοῖς
675 745 850 797 δεινοῖς,
880 742 940 784 ἔτι
971 745 1018 785 δὲ
1045 743 1256 795 μεθόδους
1284 745 1328 785 ἐν
1357 748 1444 791 τοῖς
1472 739 1647 796 ἀπόροις

199 813 354 866 πολλὴν
388 810 776 866 βαθυγνωμοσύνην
796 811 963 851 ἐκείνων
991 810 1297 864 κατηγορούσας
1329 808 1402 849 καὶ
1426 808 1647 862 ἐμπειρίαν

142 893 188 918 ιο
204 880 285 920 τῶν
311 879 527 920 τακτικῶν.
587 877 681 918 ἀλλ’
723 877 949 930 ἠλέγχοντο
976 878 1057 917 τῶν
1094 875 1328 931 ἀνεφίκτων
1362 876 1535 929 ἐρῶντες
1576 874 1685 916 >mic

198 949 285 992 τοῖς
313 941 526 998 ἀνηνύτοις
555 943 840 996 ἐγχειροῦντες
871 938 1111 982 παντάπασι
1145 941 1344 995 διακενῆς,
1372 941 1445 981 καί
1461 938 1513 981 τά
1541 937 1647 991 πρὸς

199 1007 328 1063 χάριν
356 1010 429 1050 καί
464 1006 617 1049 εὖκτέα
657 1009 840 1060 δρῶντες
863 1008 1023 1058 μᾶλλον
1061 1011 1147 1056 τοῖς
1174 1008 1414 1059 πολεμίοις,
1446 1001 1509 1053 οἷς
1536 1000 1646 1046 ἄντι-

202 1090 304 1128 κρυς
331 1073 389 1123 ῶς
412 1072 517 1129 πρὸς
546 1069 727 1128 οὐρανὸν
759 1071 890 1114 αιῖτὸν
917 1073 1181 1128 διεφέροντο,
1201 1068 1230 1126 ἢ
1258 1072 1360 1125 γοῦν
1389 1068 1647 1127 ἀεροβάμοσι

203 1141 480 1194 διημιλλῶντο
501 1144 666 1193 πτηνοῖς
691 1138 766 1186 τάς
795 1136 944 1187 καλιὰς
964 1139 1216 1192 πηξαμένοις
1241 1138 1316 1179 ἐπί
1327 1152 1435 1185 τινος
1460 1137 1646 1190 σκοπιᾶς,
1656 1145 1699 1179 V.
1713 1145 1756 1191 42

143 1204 190 1247 15
204 1207 277 1248 καί
314 1204 553 1255 ἕπετόξευον
586 1206 745 1260 νέφεσι.
799 1205 916 1253 τέλος
959 1204 1006 1245 δὲ
1033 1206 1105 1246 καί
1134 1200 1258 1252 αὐτὸς
1282 1200 1305 1245 ὃ
1327 1205 1460 1257 μέγας
1486 1218 1646 1257 προσα-

204 1271 409 1313 πόλλυται
447 1269 570 1322 δούξ,
614 1270 781 1326 λιθιδάρ
814 1268 920 1310 κατὰ
948 1270 1024 1310 τοῦ
1051 1270 1250 1317 κενεῶνος
1274 1271 1433 1325 πέτρας
1459 1264 1647 1323 ἆπορρα-

204 1338 313 1391 γέντι
339 1337 536 1390 βληθείς,
567 1333 695 1390 ἥνπερ
736 1336 952 1391 ἐπαφῆκεν
977 1334 1146 1389 ὑψόθεν
1172 1333 1400 1390 ἀφετήριον
1429 1329 1624 1389 ὄργανον.

316 1401 410 1444 Καὶ
436 1400 456 1443 ὃ
482 1403 560 1454 μὲν
585 1399 716 1443 ἔκειτο
741 1399 1044 1454 ὄλιγοδρανέων
1070 1402 1179 1456 κάρη
1198 1401 1367 1455 βάλλων
1391 1403 1433 1442 θ’
1461 1397 1655 1456 ἑτέρωσε,

205 1466 311 1521 μετὰ
340 1466 489 1522 μικρὸν
517 1469 564 1509 δὲ
582 1466 654 1508 καί
670 1468 715 1517 ἐξ
734 1467 971 1522 ἀνθρώπων
1000 1467 1197 1509 ἐντεῦθεν
1223 1467 1406 1521 ἐγένετο·
1466 1468 1530 1522 (3)
1562 1470 1655 1508 Πέ-

141 1546 193 1579 ao
206 1549 285 1590 ρας
315 1534 362 1575 δὲ
387 1533 412 1588 ἦ
445 1534 510 1574 ἐπ’
541 1532 656 1590 adusi
674 1529 904 1588 πρόρρησις
932 1533 1079 1588 εἰληφε
1105 1535 1178 1575 τοῦ
1204 1531 1466 1587 πατριάρχου
1496 1533 1655 1584 Κοσμᾶ

203 1601 277 1642 τοῦ
301 1597 510 1651 Ἀττικοῦ,
547 1596 592 1648 ὃς
617 1597 722 1651 μετὰ
763 1597 837 1640 τὸν
865 1598 1045 1654 Ὀξείτην
1077 1597 1260 1654 ,ΠΙιχαὴλ
1288 1598 1386 1648 τούς
1412 1601 1483 1653 τῆς
1511 1600 1692 1651 ἐκκληοι)

207 1663 303 1714 σίας
330 1666 601 1718 ἐγχειρίζεται
630 1662 796 1716 οἴακας,
828 1662 1088 1706 ὑπεκστάντα
1119 1666 1192 1718 τῆς
1217 1662 1454 1719 ὖπερτάτης
1481 1666 1537 1720 τῷ
1554 1667 1654 1717 βου-

209 1733 369 1787 λομένῳ
397 1731 607 1783 καθέδρας
634 1729 707 1770 καί
740 1728 846 1783 πρὸς
874 1729 948 1783 την
975 1732 1101 1783 νῆσον
1129 1729 1208 1784 τὴν
1234 1731 1392 1781 Ὀξεΐαν
1421 1729 1654 1785 ἀποφοιτή-

210 1812 368 1847 σαντα,
415 1798 510 1836 καθ’
560 1794 609 1848 ἣν
649 1793 722 1835 τὸν
750 1791 931 1836 ἄσκευον
954 1796 1047 1847 βίον
1080 1794 1151 1836 καί
1178 1796 1398 1849 ἀπέριττον
1429 1797 1474 1837 ἐκ
1503 1795 1654 1844 παιδὸς

303 1907 358 1930 ιι.
387 1894 670 1940 ἐπιχειροῦντες
691 1895 731 1927 Α.
837 1897 888 1937 ¹4·
911 1894 976 1927 ent
1010 1906 1113 1932 τινος
1139 1894 1211 1940 σκ.]
1245 1895 1289 1929 ἐν
1327 1894 1540 1937 ὑψηλοτάτη
1566 1903 1656 1928 σκο-

302 1944 376 1975 πιιὶ
400 1942 440 1974 Α.
517 1943 566 1977 ι6.
591 1940 758 1988 λιθιδίῳ]
785 1940 954 1987 τμήματι
977 1943 1015 1974 A.
1094 1952 1147 1974 αι.
1172 1941 1365 1989 Ἀττικοῦ]
1393 1941 1594 1987 αἰγινήτου
1618 1942 1654 1974 B.

210 2032 407 2075 deliciunt3
440 2043 593 2078 quorum
628 2031 703 2066 tela
738 2036 779 2065 ut
814 2043 858 2064 ex
891 2031 1077 2076 superiore
1113 2032 1194 2065 loco
1221 2033 1311 2065 citra
1336 2032 1497 2066 laborem
1529 2033 1656 2074 missa,

211 2080 367 2114 efficacia
392 2085 517 2120 erant,
542 2090 623 2112 cum
639 2080 879 2112 Romanorum
902 2079 986 2112 telis
1018 2089 1063 2111 ex
1086 2079 1258 2112 inferiore
1286 2080 1366 2112 loco
1391 2085 1454 2113 aut
1475 2080 1570 2112 nihil
1595 2087 1658 2114 aut

209 2138 338 2174 parum
371 2125 564 2159 admodum
600 2125 842 2158 laederentur.
879 2137 975 2171 quae
1006 2137 1087 2158 cum
1124 2125 1284 2159 crebrius
1309 2127 1464 2171 repetita
1488 2128 1657 2162 Romanis

210 2185 381 2220 praesens
410 2173 561 2206 exitium
595 2172 878 2212 denuntiarent,
910 2172 1066 2206 obsessis
1108 2184 1194 2206 vero
1219 2174 1298 2206 sine
1324 2174 1399 2206 ullo
1427 2174 1656 2207 incommodo

213 2220 393 2266 optabilia
424 2226 562 2261 essent,
603 2220 754 2252 Romani
788 2219 953 2252 cladibus
987 2220 1134 2253 excitati
1160 2219 1317 2252 subinde
1341 2221 1425 2254 novi
1450 2221 1593 2266 aliquid
1618 2222 1656 2255 in

213 2273 408 2312 conspectu
433 2267 662 2311 imperatoris
687 2267 910 2311 excogitant,
937 2267 1046 2299 fortia
1074 2267 1234 2299 facinora
1262 2267 1399 2309 edunt,
1424 2268 1656 2302 tolerantiam
1702 2273 1704 2275 '

213 2325 466 2348 aerumnarum
489 2314 695 2354 declarant,
721 2314 923 2346 rationibus
948 2314 986 2346 in
1009 2324 1046 2346 re
1071 2313 1183 2347 dubia
1207 2314 1363 2347 inventis
1381 2340 1392 2356 ‚
1419 2313 1517 2348 unde
1541 2326 1658 2361 quan-

212 2366 251 2395 ta
274 2360 477 2394 calliditate
499 2366 537 2394 et
560 2361 613 2394 rei
627 2360 795 2393 militaris
809 2371 875 2393 usu
901 2360 1065 2393 valerent
1091 2360 1268 2394 elucebat.
1295 2372 1419 2395 verum
1444 2362 1509 2394 illa
1537 2363 1658 2395 omnia

214 2409 345 2442 frustra
366 2412 481 2447 erant,
511 2412 549 2440 et
572 2408 658 2442 vani
684 2412 834 2440 conatus
864 2417 987 2440 earum
1011 2418 1128 2440 rerum
1158 2419 1251 2453 quae
1277 2408 1358 2441 fieri
1378 2420 1454 2442 non
1477 2415 1658 2454 poterant.

214 2456 288 2488 imo
325 2455 562 2499 gratissimam
598 2465 673 2487 rem
710 2453 876 2487 hostibus
904 2459 941 2486 et
975 2454 1173 2498 optabilem
1200 2455 1309 2500 plane
1334 2455 1534 2496 faciebant,
1559 2455 1658 2489 haud

214 2512 316 2536 secus
342 2512 383 2534 ac
408 2501 438 2534 si
462 2501 602 2534 caelum
626 2505 894 2547 oppugnarent,
921 2506 984 2534 aut
999 2501 1105 2535 nidos
1132 2502 1250 2535 avium
1276 2503 1315 2535 in
1340 2502 1487 2536 sublimi
1513 2503 1658 2548 specula

212 2549 352 2594 positos
374 2548 514 2593 ipsasve
537 2547 652 2580 nubes
680 2548 818 2592 sagittis
840 2551 1015 2592 peterent.

308 2594 472 2628 Tandem
499 2595 577 2639 ipse
593 2605 740 2640 quoque
763 2605 911 2638 magnus
935 2594 1008 2627 dux
1032 2595 1204 2639 fragmine
1228 2596 1303 2628 saxi
1327 2595 1491 2628 machina
1520 2596 1659 2629 excussi

217 2639 360 2674 lumbos
376 2642 482 2682 ictus,
504 2646 543 2675 et
565 2641 785 2675 semianimis
817 2646 925 2685 caput
944 2642 1093 2683 iactans,
1120 2642 1261 2675 vulneri
1288 2653 1361 2675 non
1389 2642 1449 2675 diu
1480 2647 1668 2685 superstes*

218 2686 365 2721 mansit,
415 2687 467 2734 (3)
487 2689 543 2721 Ita
576 2687 778 2733 praedictio
812 2687 962 2721 Cosmae
985 2689 1095 2722 Attici
1120 2689 1345 2734 patriarchae
1363 2715 1372 2730 ,
1401 2688 1464 2734 qui
1487 2687 1661 2722 Michaeli

220 2730 352 2766 Oxitae
369 2735 569 2774 successit,
594 2740 725 2768 eventu
753 2735 986 2780 comprobata
1004 2741 1068 2768 est.
1092 2736 1122 2768 is
1146 2735 1303 2769 Michaol
1326 2747 1462 2768 summa
1493 2734 1578 2768 sede
1603 2735 1660 2768 ul-

219 2786 276 2815 tro
300 2781 410 2814 cessit
437 2786 473 2814 et
496 2781 534 2814 in
551 2781 681 2815 Oxiam
707 2782 862 2816 insulam
883 2781 1011 2823 rediit,
1037 2783 1075 2816 in
1102 2793 1173 2828 qua
1203 2782 1295 2816 vitae
1319 2782 1439 2828 inopis
1460 2787 1498 2816 et
1521 2782 1660 2829 simpli-
