1878 3230
279 191 390 264 492
711 208 939 248 Nlcss'rAE
987 208 1298 249 cnoNiATAE

144 317 181 350 Vs
205 319 265 363 ¹9⁸
274 306 537 362 χρησάμενος
563 307 649 352 τοῖς
679 300 769 344 ὅσοι
800 304 904 345 κατὰ
933 307 1046 357 γένος
1078 307 1218 362 ἐκείνῳ
1247 307 1491 359 συνήπτοντο
1525 306 1710 362 πατριώ-

274 388 367 419 ταις
395 372 461 426 (έκ
488 370 560 422 τῆς
580 365 816 423 Ἀδριανοῦ
856 371 909 411 δὲ.
943 367 1133 425 ὥρμηντο
1171 370 1374 428 πόλεως),
1411 375 1573 420 πολλοῖς
1616 369 1709 414 οὖσι

275 435 348 476 καί
373 433 564 486 σύμπασι
594 435 813 487 δυνατοῖς,
843 434 889 475 τὸ
931 434 1111 490 ἐρυθρὸν
1145 434 1373 478 ’ὑποδύεται
1410 438 1601 491 πέδιλον,
1640 441 1712 480 καί

273 497 459 552 μεταβάς
485 499 646 540 ἐκεῖθεν
674 501 733 547 εἷς
755 499 832 555 τήν
860 498 1042 555 πατρίδα
1074 502 1147 542 καί
1173 500 1278 556 πρὸς
1304 500 1458 550 παντὸς
1485 501 1710 555 ἀναγορευ-

273 564 363 612 θεὶς
390 566 466 605 τοῦ
495 565 803 619 στρατεύματος
837 562 1108 620 αὐτοκράτωρ
1136 565 1210 620 την
1236 569 1277 615 ές
1308 566 1382 621 τὴν
1404 567 1745 619 βασιλεύουσαν5

272 628 391 671 πόλιν
417 631 657 684 στέλλεται,
687 632 759 673 καὶ
785 633 882 685 περὶ
916 631 959 673 τὸ
1002 630 1082 682 ἔξω
1128 630 1343 686 λεγόμενον
1379 646 1710 685 καταστρατοπε-

274 693 440 736 δεύεται
473 695 735 738 Φιλοπάτιον.
791 697 889 752 περὶ
915 699 960 739 δὲ
990 698 1127 752 δείλην
1160 696 1264 750 μετὰ
1309 700 1391 740 τῶν
1429 689 1714 740 εὐοπλοτάτων

277 762 498 814 δυνάμεων
527 763 586 819 τῷ
612 765 739 816 τείχει
764 762 1056 819 προσπελάσας
1084 765 1158 817 τῆς
1191 761 1349 814 πόλεως
1366 796 1376 815 ,
1415 765 1525 821 ἵππῳ
1563 756 1711 818 ἔποχοςΙ

230 823 335 873 Βῶν
364 824 479 882 παρά
507 823 705 869 τοσοῦτον
729 826 788 882 μὴ
823 829 950 870 παντί
978 830 1126 880 μέλανι
1149 831 1246 883 παρ’
1276 826 1374 871 ὅσον
1399 828 1549 870 λευκαὶ
1571 832 1710 885 τρίχες

274 894 318 941 ἐς
345 891 495 934 κύκλον
522 893 744 947 σεληναίας
771 891 1071 949 περιαγόμεναι
1100 900 1274 950 φυεῖσαι
1301 890 1409 949 ἦσαν
1436 895 1533 950 περὶ
1559 894 1604 938 τὸ
1634 898 1707 949 μέ·
1728 910 1774 936 ιο

274 973 434 1012 τωπον,
461 964 548 1008 τοῖς
568 960 639 1000 έπί
657 962 738 1000 τῶν
765 961 917 1013 τειχῶν
945 962 1175 1012 βασιλικοῖς
1195 961 1266 1001 καί
1292 963 1464 1009 θεαταῖς
1490 961 1571 1003 τῶν
1601 962 1708 1016 δρω-

275 1025 411 1076 μένων
440 1020 736 1074 ἆστυπολίταις
761 1023 984 1079 ἀπειλητὴς
1007 1022 1097 1077 ἅμα
1124 1023 1199 1067 καί
1220 1028 1470 1079 παραινέτης
1489 1026 1707 1068 ἐδείκνυτο.

271 1089 321 1130 τά
351 1091 428 1141 μὲν
457 1088 537 1145 γάρ
567 1085 698 1132 αὐτοῦ
727 1092 988 1146 φρονοῦντας
1016 1086 1066 1131 εὖ
1091 1093 1251 1133 παθεῖν
1286 1088 1492 1146 ἔφασκεν,
1532 1089 1588 1140 ὥς
1623 1086 1709 1146 ἄρα

272 1153 347 1196 καὶ
373 1156 413 1196 εἰ
439 1153 764 1206 διαπετάσαντες
795 1155 872 1204 τὰς
902 1154 1037 1204 πύλας
1065 1154 1196 1198 αὐτὸν
1223 1157 1504 1210 εἰσδέξονται,
1542 1157 1708 1213 σωτῆρά

270 1235 313 1260 τε
342 1219 414 1261 καί
438 1222 659 1274 ευέργέτην
687 1219 959 1275 εὑρήσουσιν·
1016 1224 1056 1263 εἰ
1083 1223 1129 1262 δὲ
1157 1219 1226 1262 διὰ
1256 1222 1330 1276 τῆς
1362 1220 1499 1275 θύρας
1537 1219 1708 1264 εἰσιόντι
1727 1223 1774 1263 ¹5

271 1284 345 1326 καί
379 1283 438 1340 μη
467 1286 708 1339 α’ναβαίνειν
734 1283 973 1339 α’λλαχόθεν
1002 1287 1188 1328 ἐθέλοντι
1224 1286 1431 1340 άντιβαῖεν
1465 1289 1597 1342 δήπου
1637 1288 1711 1329 καὶ

271 1351 535 1403 ἄντισταῖεν,
566 1351 732 1400 πάντως
762 1353 922 1404 κλέψας
949 1352 1026 1406 τήν
1054 1349 1215 1394 εἴσοδον
1251 1352 1324 1394 καί
1359 1350 1589 1409 λῃστεύσας
1632 1351 1708 1407 την

268 1416 491 1467 βασιλείαν
518 1418 653 1458 έκεΐνα
673 1415 979 1470 άνεπεγκλήτως
1011 1415 1232 1471 ἐργάσαιτο
1259 1415 1392 1458 ὁπόσα
1425 1416 1498 1459 καὶ
1522 1418 1711 1472 ω’μησταί

270 1483 401 1536 θῆρες
428 1480 527 1532 τούς
555 1483 752 1534 ποιμένας
773 1482 1070 1536 παρωσάμενοι
1097 1481 1169 1524 καί
1195 1481 1254 1537 μὴ
1280 1479 1351 1524 διά
1379 1484 1452 1537 τῆς
1479 1482 1611 1536 αὐλῆς
1627 1484 1708 1524 τῶν

269 1545 493 1601 προβάτων
519 1543 606 1588 ἄλλ’
637 1542 840 1601 ἑτέρωθεν
867 1545 964 1589 εἴσω
994 1545 1226 1601 παριόντες.
1260 1550 1416 1605 ταῦτα
1444 1546 1517 1589 καὶ
1539 1550 1772 1590 τοιαῦθάο

269 1613 390 1666 ἕτερα
411 1611 749 1667 μεγαλαυχήσας,
777 1614 849 1653 καί
876 1608 965 1664 ἅμα
995 1613 1226 1667 παράταξιν
1251 1614 1532 1665 ἐνδειξάμενος
1562 1612 1707 1663 ὁποίας

267 1680 392 1731 χρεία
423 1683 511 1726 τοῖς
537 1674 848 1731 ἑτοιμασθεῖσιν
874 1679 934 1727 εἰς
961 1675 1162 1731 πόλεμον,
1193 1676 1300 1733 πρὸς
1326 1678 1371 1720 τὸ
1403 1680 1553 1726 οἰκεῖον
1579 1695 1706 1733 στρα-

145 1749 256 1796 λαῷ
269 1742 444 1785 τόπεδον
468 1741 733 1798 ὖπενόστησε.
791 1745 843 1800 τῇ
878 1745 914 1785 δ”
941 1744 1114 1800 ἐπιούσῃ
1150 1739 1248 1798 ἄρτι
1276 1746 1355 1786 τοῦ
1379 1745 1500 1800 ἡλίου
1531 1743 1583 1786 τά
1621 1740 1705 1802 ἑῷα

271 1811 631 1864 φαυσιβολοῦντος
658 1806 764 1864 πρὸς
789 1814 876 1858 τοῖς
902 1811 1085 1864 τείχεσιν
1111 1804 1238 1859 αὖθις
1265 1811 1339 1866 τῆς
1365 1807 1523 1861 πόλεως
1537 1811 1704 1865 γίνεται,

365 1955 377 1977 ι
385 1956 414 1978 ο.
438 1945 776 1991 περιγραφόμεναι
804 1945 842 1977 A.

267 2084 344 2112 tum
370 2078 570 2122 explendae
594 2079 782 2112 occasione
803 2079 898 2120 data,
924 2090 1003 2113 cum
1027 2081 1138 2114 totius
1164 2079 1236 2113 dux
1262 2079 1437 2112 exercitus
1463 2083 1558 2112 esset
1581 2078 1703 2112 decla-

268 2130 390 2165 ratus,
413 2135 506 2169 quae
532 2125 594 2158 diu
623 2127 741 2158 animo
767 2127 902 2159 celarat
925 2127 963 2159 in
988 2132 1150 2171 apertum
1175 2126 1338 2172 protulit.
1373 2125 1604 2169 cognatisque
1628 2126 1703 2157 suis

267 2171 308 2204 in
339 2171 529 2204 consilium
558 2171 754 2212 adhibitis,
782 2174 845 2217 qui
870 2172 1142 2218 Adrianopolim
1158 2198 1167 2213 ,
1204 2177 1245 2205 ut
1269 2177 1304 2205 et
1328 2173 1427 2216 ipse,
1459 2172 1612 2215 patriam
1637 2171 1703 2204 ha·-

266 2216 422 2257 bebant,
456 2217 579 2250 multis
605 2224 641 2251 et
670 2219 880 2263 potentibus
907 2219 1014 2259 viris,
1048 2220 1194 2252 rubrum
1221 2218 1378 2251 calceum
1409 2217 1553 2258 induit3
1593 2222 1702 2262 atque

267 2263 354 2296 inde
380 2264 417 2295 in
450 2264 601 2308 patriam
626 2264 826 2308 digressus,
854 2270 890 2298 et
913 2265 957 2297 ab
983 2266 1080 2298 omni
1106 2265 1263 2298 exercitu
1289 2265 1483 2308 imperator
1506 2263 1703 2305 salutatus,

268 2309 316 2343 ad
337 2309 463 2342 urbem
486 2311 746 2354 imperatricem
772 2311 970 2352 contendit,
999 2317 1035 2344 et
1060 2312 1182 2344 castris
1210 2310 1255 2343 ad
1281 2310 1436 2343 exterius
1459 2309 1702 2355 Philopatium

268 2357 398 2401 positis
420 2357 559 2400 vesperi
593 2368 671 2389 cum
697 2358 981 2390 instructissimis
1013 2358 1125 2402 copiis
1163 2356 1208 2389 ad
1240 2357 1381 2389 moenia
1412 2355 1572 2397 accedit,
1607 2367 1702 2402 equo

267 2402 377 2447 plane
404 2402 505 2446 nigro
533 2403 716 2443 insidens,
740 2404 810 2436 nisi
837 2403 935 2448 quod
961 2404 997 2436 in
1024 2404 1141 2437 fronte
1167 2402 1283 2435 albam
1309 2402 1482 2435 maculam
1508 2403 1620 2436 instar
1645 2403 1702 2436 lu-

268 2449 365 2482 naris
393 2449 490 2482 orbis
514 2448 695 2490 habebat,
721 2455 757 2483 et
784 2450 1031 2494 imperatorios
1057 2449 1190 2482 milites
1217 2455 1251 2482 et
1275 2450 1380 2490 cives,
1407 2450 1471 2493 qui
1497 2460 1539 2481 ex
1562 2451 1702 2483 moeni-

268 2495 337 2529 bus
364 2495 428 2527 illa
452 2495 684 2539 spectabant,
714 2496 820 2528 simul
846 2501 882 2528 et
906 2502 1029 2529 monet
1053 2501 1090 2528 et
1113 2496 1219 2528 minis
1246 2500 1365 2529 terret.
1401 2507 1483 2528 nam
1523 2496 1552 2527 si
1586 2497 1700 2541 portis

269 2542 403 2586 apertis
428 2542 523 2575 ultro
547 2541 585 2574 in
609 2547 728 2586 partes
753 2553 832 2574 suas
858 2543 1110 2582 concesserint,
1133 2547 1348 2575 servatorem
1375 2547 1411 2574 et
1433 2541 1699 2576 benefactorem

269 2588 480 2621 habituros:
512 2587 568 2621 sin
591 2599 655 2632 per
682 2589 823 2621 ianuam
852 2594 888 2621 et
913 2600 987 2621 non
1011 2588 1116 2622 aliter
1140 2588 1278 2632 ingredi
1303 2589 1463 2633 cupienti
1488 2589 1699 2630 restiterint,

269 2635 398 2679 utique
422 2635 452 2668 si
476 2635 566 2667 clam
591 2634 766 2679 ingressus
800 2641 835 2667 et
868 2635 1055 2680 imperium
1084 2635 1273 2667 latrocinio
1303 2634 1460 2680 quodam
1487 2639 1699 2668 consecutus

270 2682 406 2721 suerit,
436 2692 474 2714 se
500 2692 640 2714 causam
670 2680 878 2714 habiturum
906 2682 957 2714 sic
981 2681 1107 2725 agendi
1133 2693 1211 2714 cum
1242 2682 1293 2714 cis
1317 2687 1357 2714 ut
1382 2682 1552 2714 immanes
1578 2682 1698 2721 ferae,

271 2739 363 2772 quae
385 2727 496 2772 pulsis
521 2727 726 2772 pastoribus
753 2729 872 2760 caulas
898 2729 1142 2773 perfregerint.
1180 2739 1272 2772 quae
1299 2740 1376 2760 cum
1405 2729 1592 2769 iactasset,
1620 2728 1696 2760 acie

270 2774 437 2809 velutad
460 2785 612 2821 pugnam
638 2775 811 2810 instructa
844 2776 882 2809 in
910 2780 1023 2810 castra
1059 2775 1256 2811 revertitur.
1297 2774 1470 2821 postridie
1506 2775 1580 2809 sole
1619 2779 1696 2808 orto
