1878 3230
338 181 448 236 322
762 191 994 235 NlcETAE
1033 189 1343 235 cuomATAE

291 298 572 353 ῡμηνυθέντα
614 293 652 334 οἱ
693 291 952 347 α’πήγγειλεν.
1009 285 1059 345 ἦν
1093 293 1139 333 δὲ
1166 293 1300 333 ταῦτα
1331 292 1496 345 δωρεῶν
1527 294 1761 348 &amr-sliat

333 360 537 415 μειζόνων
555 360 627 399 καί
654 353 899 409 ἀξιωμάτων
929 354 1170 409 ἅνάβαθμοι
1198 357 1271 397 καί
1292 354 1420 410 χάρις
1446 355 1528 398 α’πό
1559 361 1633 399 τοῦ
1660 376 1762 415 πρυ·

331 424 570 471 τανεύοντος
598 421 764 477 εἰρήνην
781 423 886 463 θεοῦ
904 416 1133 480 οἷποστάντι
1159 422 1235 473 μὲν
1255 422 1330 463 τοῦ
1346 423 1616 475 προκειμένου
1639 426 1763 477 σκέμ-

330 503 483 544 ματος,
526 488 569 537 ἐξ
610 481 737 541 οὗπερ
787 485 986 541 ἐμφύλιοι
1024 487 1312 540 συμβήσονται
1351 484 1545 541 πόλεμοι,
1585 485 1686 542 πρὸς
1715 491 1763 532 δὲ

329 550 412 610 ἤθη
438 551 489 594 τά
519 553 717 607 πρότερον
746 551 999 605 ἐπανήκοντι.
1056 548 1078 590 ὃ
1113 552 1160 592 δὲ
1188 553 1264 592 τοῦ
1289 554 1566 607 πρεσβευτοῦ,
1595 550 1652 603 ὥς
1681 558 1799 610 φοι-5

331 635 399 672 σι,
431 617 653 673 Ξιφιλίνου
682 615 754 671 τήν
782 618 1007 672 πρεσβείαν
1035 615 1409 670 ὕπονοθεύσαντος,
1436 616 1509 659 καί
1530 616 1590 672 μὴ
1619 620 1764 662 ἐνδοῦ-

330 700 398 726 ναι
429 680 534 731 ὅλως
562 677 590 737 ἢ
615 679 758 735 βραχύ
785 697 824 723 τι
851 681 949 734 γοῦν
975 683 1232 736 καθυφεῖναι
1258 684 1678 737 παρακελευσαμένου
1705 684 1765 741 τῷ

322 745 596 804 Ἀνδρονίκῳ,
624 743 697 800 τήν
724 760 768 787 τε
800 744 963 800 αἴτησιν
993 747 1282 799 ἀποπέμπεται
1309 744 1381 787 καί
1405 745 1480 801 τήν
1507 747 1764 802 προσλαλιάν

329 818 510 855 ποιεῖται
544 816 629 859 τοῖς
683 811 1131 866 διαπρεσβευσαμένοις
1169 811 1394 866 ὑπέρογκον
1405 843 1417 864 ,
1459 811 1633 867 φάσκων
1661 813 1764 868 πρὸς

331 876 459 933 ὀργήν
487 876 543 925 ὥς
570 877 609 918 εἰ
625 872 892 930 Ἀνδρόνικον
910 875 1122 928 βούλοιντο
1147 876 1396 932 παλίνορσον
1416 877 1640 929 α’ναζεῦξαι
1665 875 1764 921 ὅθεν
1779 894 1828 921 10

331 941 552 998 ἐλήλυθεν,
595 936 999 995 άποσκορακισθήτω
1039 942 1118 993 μὲν
1144 942 1190 982 ἐκ
1214 943 1346 993 μέσου
1372 938 1392 982 ὅ
1422 943 1763 996 πρωτοσεβαστὸς

201 1019 236 1051 Ρ.
255 1008 403 1052 ιδικαί
433 1004 540 1049 δότω
579 1007 726 1060 λόγους
762 999 819 1046 ὧν
858 1003 1176 1061 πεπαρῴνηκεν,
1214 1005 1240 1059 ἦ
1274 1006 1319 1048 δὲ
1347 1009 1422 1048 τοῦ
1444 1008 1649 1059 βασιλέως
1679 1007 1762 1062 μή.

331 1090 408 1129 τηρ
440 1074 536 1114 καθ’
562 1069 716 1126 ἑαυτήν
755 1073 999 1124 βιοτευέτω,
1040 1069 1114 1125 τήν
1141 1072 1265 1125 τρίχα
1305 1075 1526 1127 κειραμένη
1569 1072 1763 1124 καθάπαξ

327 1137 402 1193 τήν
430 1137 654 1191 κοσμικήν,
699 1133 720 1176 ὃ
764 1138 810 1177 δὲ
848 1134 1046 1188 βασιλεὺς
1090 1134 1197 1177 κατά
1226 1134 1301 1190 τήν
1329 1137 1523 1193 πατρῴαν
1559 1136 1763 1192 διαθήκην

329 1204 512 1258 α’ρχέτω,
542 1200 600 1256 μὴ
640 1199 697 1249 ὥς
725 1199 886 1253 στάχυς
925 1198 1066 1255 αἴραις
1096 1206 1178 1250 τοῖς
1207 1201 1624 1255 παραδυναστεύουσι
1653 1219 1758 1254 συμ·
1781 1203 1829 1244 15

328 1266 584 1321 πνιγόμενος.
673 1267 760 1307 ἀλλ’
802 1261 918 1306 οὔπω
967 1264 1124 1320 ἡμέραι
1160 1268 1314 1319 συχναί
1350 1267 1645 1322 παρήλθοσαν,
1694 1265 1767 1308 καί

196 1343 236 1376 V.
255 1342 315 1376 132
327 1335 567 1387 μεταχωρεῖ
588 1332 631 1379 ἐς
658 1328 916 1384 Ἀνδρόνικον
943 1331 1014 1371 καί
1042 1328 1063 1371 ὃ
1099 1332 1228 1384 μέγας
1258 1329 1357 1382 δούξ
1383 1328 1661 1386 Ἀνδρόνικος,
1690 1330 1766 1380 τάς

327 1396 490 1452 μακρὰς
521 1398 623 1451 νῆας
666 1391 957 1450 παρειληφώς,
998 1391 1156 1443 ὁπόσας
1182 1394 1204 1436 ὅ
1233 1395 1451 1448 Ῥωμαίων
1483 1396 1663 1450 ἐπλήρου
1691 1412 1765 1437 κα·-

327 1463 515 1516 τάλογος.
546 1462 622 1503 καί
647 1462 771 1501 τοῦτο
798 1459 841 1501 τὸ
871 1459 992 1513 ἔργον
1022 1461 1150 1515 ἐπῆρε
1178 1463 1255 1513 μὲν
1280 1460 1384 1515 ὑπὲρ
1421 1457 1532 1502 ἅπαν
1564 1457 1665 1502 ἄλλο
1691 1460 1766 1502 τὸν

330 1527 567 1581 ἀποστάτην
617 1523 900 1578 Ἀνδρόνικον,
943 1525 1015 1567 τὸν
1061 1527 1107 1567 δὲ
1161 1524 1505 1579 πρωτοσεβαστὸν
1543 1523 1763 1580 ἧφάντωσε
1776 1542 1829 1568 20

329 1595 485 1644 τέλεον,
527 1589 667 1638 πάσας
702 1587 779 1638 τοὶς
817 1589 987 1638 ἐλπίδας
1027 1589 1291 1643 α’πεγνωκότα
1320 1591 1403 1632 ’καί
1429 1592 1764 1632 κατακλασθέντα

329 1656 375 1699 τὸ
406 1656 641 1713 πρόθυμον.
698 1654 832 1696 οὐκέτι
861 1652 940 1710 γάρ
968 1658 1174 1710 λαθραῖαι
1204 1654 1373 1697 σύνοδοι
1403 1656 1486 1696 τῶν
1517 1655 1762 1713 Ἀνδρονίκῳ

425 1782 453 1804 ι.
478 1765 573 1811 ἦσαν
594 1771 635 1802 Α.
731 1781 760 1814 7.
788 1766 1183 1815 παρακελευσαμένου]
1211 1767 1453 1814 ὑποθεμένου
1478 1770 1517 1802 A.
1589 1782 1622 1816 9.
1652 1769 1767 1818 ὕπερ-

423 1815 555 1862 ογκον]
587 1815 803 1860 ὑπέροπτον
827 1812 924 1859 πρὸς
953 1812 1072 1860 ὀργήν
1097 1815 1395 1860 ἄνταπαγγείλας
1421 1815 1470 1852 (εἷς
1494 1813 1538 1856 ἢν
1560 1816 1600 1849 Α.
1717 1828 1767 1851 ιο.

420 1862 618 1906 βούλοιντο
642 1861 889 1900 ἐπαναζεῦξαι
906 1862 946 1894 A.
1046 1872 1055 1892 ι
1070 1871 1096 1892 1.
1121 1859 1503 1909 ἅποσκορακισθήτω]
1521 1860 1565 1899 ἇς
1583 1863 1709 1904 ἐξέλθῃ
1728 1863 1765 1895 Β.

422 1910 464 1942 ἐκ
489 1910 557 1942 τοῦ
584 1910 705 1954 μέσου
731 1908 771 1940 A.
895 1917 943 1939 12.
973 1905 1084 1952 δότω]
1111 1904 1154 1943 ἂς
1178 1907 1291 1940 δώσει
1314 1908 1351 1939 Β.
1456 1908 1478 1950 ἤ
1505 1907 1545 1943 δὲ
1569 1909 1638 1942 τοῦ
1656 1909 1701 1955 β.]
1721 1907 1768 1946 οἷς

421 1955 610 1999 κουρευθῆ
647 1952 687 1987 δὲ
711 1955 780 2032 Kal
805 1951 827 1996 ἡ
851 1952 1036 1988 δέσποινα
1061 1955 1125 1987 καὶ
1140 1950 1183 1992 οἳς
1205 1954 1354 2001 ἀπέλθῃ
1378 1954 1431 1992 εἰς
1453 1954 1714 2002 μογαστη’ριον
1727 1956 1765 1988 Β.

428 2011 480 2045 ¹9·
508 2000 598 2034 ἄλλο
627 2010 685 2032 om
743 2022 751 2032 .

332 2089 510 2123 mandatis
535 2093 732 2133 acceperat,
757 2089 933 2133 exposuit.
958 2099 999 2120 ea
1026 2094 1128 2121 erant
1145 2089 1333 2133 promissio
1351 2099 1557 2133 magnorum
1579 2099 1766 2122 munerum

333 2142 370 2170 et
394 2136 577 2180 amplioris
604 2135 788 2178 dignitatis
815 2140 852 2167 et
875 2135 1009 2178 gratiae
1036 2134 1094 2167 dei
1121 2146 1245 2179 pacem
1270 2137 1505 2180 procurantis,
1532 2135 1561 2168 si
1589 2147 1609 2168 a
1632 2146 1766 2180 propo-

332 2183 403 2215 sito
441 2182 655 2221 desisteret,
687 2181 783 2213 unde
817 2180 915 2213 bella
948 2180 1068 2213 civilia
1104 2182 1239 2214 oritura
1263 2187 1402 2221 essent,
1437 2186 1473 2214 et
1501 2181 1547 2214 ad
1573 2181 1765 2226 pristinum

332 2229 428 2261 vitae
453 2238 563 2271 genus
588 2232 835 2259 reverteretur.
883 2226 1109 2260 Andronicus
1134 2238 1240 2268 vero,
1267 2239 1346 2260 cum
1370 2228 1507 2271 legatus
1533 2227 1738 2271 Xiphilinus
1753 2252 1764 2268 ‚

334 2280 376 2307 ut
399 2274 522 2314 aiunt,
558 2273 652 2305 mala
679 2273 751 2306 fide
783 2284 913 2305 munus
940 2285 1042 2305 suum
1067 2273 1218 2306 obiisset
1242 2284 1394 2318 eumque
1418 2273 1616 2306 monuisset
1638 2284 1684 2306 ne
1706 2275 1765 2306 vel

334 2321 522 2353 minimum
547 2319 709 2359 cederet,
727 2319 1009 2363 postulationem
1035 2319 1134 2351 illam
1161 2320 1287 2353 reiicit.
1314 2325 1350 2352 et
1372 2318 1506 2363 legatos
1526 2319 1680 2363 superbe
1708 2319 1766 2352 di·-

334 2367 461 2399 missos
490 2365 645 2410 vicissim
672 2365 838 2398 nuntiare
867 2365 1076 2408 imperatori
1100 2365 1223 2406 iussit,
1251 2366 1279 2398 si
1302 2365 1543 2398 Andronicum
1568 2376 1610 2397 eo
1635 2367 1766 2399 reverti

334 2413 450 2446 velint
476 2410 571 2443 unde
609 2411 833 2450 discesserit,
867 2411 1153 2455 protosebastum
1188 2411 1226 2444 in
1249 2411 1372 2456 primis
1395 2410 1602 2455 pellendum
1630 2422 1706 2445 esse
1729 2418 1767 2445 et

337 2458 384 2491 ad
416 2457 615 2490 reddendas
654 2457 852 2489 facinorum
887 2467 1030 2488 suorum
1067 2457 1224 2489 rationes
1260 2457 1498 2501 adigendum,
1540 2458 1765 2501 imperatoris

337 2509 486 2538 matrem
524 2504 562 2535 in
586 2502 748 2535 ordinem
782 2502 974 2546 cogendam
1003 2507 1039 2534 et
1066 2507 1170 2535 tonso
1205 2503 1334 2548 capillo
1360 2504 1398 2536 in
1422 2504 1677 2537 monasterium
1700 2504 1767 2536 ab-

339 2550 513 2590 dendam,
537 2549 745 2593 imperatori
781 2559 824 2580 ex
848 2553 1062 2580 testamento
1094 2554 1243 2592 paterno
1272 2549 1527 2594 capessendum
1551 2550 1765 2594 imperium3

336 2607 455 2642 neque
480 2593 772 2628 committendum
797 2599 837 2626 ut
863 2594 1014 2626 aliorum
1037 2595 1202 2638 potentia
1224 2600 1395 2640 tanquam
1422 2597 1518 2640 spica
1542 2596 1631 2628 lolio
1655 2599 1766 2629 suffo-

338 2649 450 2676 cetur.
474 2653 595 2675 verum
626 2640 748 2685 paucis
776 2639 903 2672 diebus
926 2645 1009 2684 post
1035 2651 1181 2684 magnus
1210 2641 1282 2674 dux
1297 2642 1519 2675 Andronicus
1543 2653 1624 2675 cum
1649 2642 1766 2675 omni-

338 2690 406 2722 bus
428 2688 543 2732 longis
578 2686 750 2727 navibus,
777 2696 863 2730 quas
891 2687 1128 2719 Romanorum
1165 2688 1344 2732 catalogus
1369 2689 1599 2729 continebat,
1623 2687 1669 2722 ad
1691 2689 1765 2722 An-

342 2735 526 2769 dronicum
551 2733 693 2768 defecit.
719 2743 812 2778 quae
837 2743 890 2765 res
927 2732 1136 2767 seditiosum
1159 2733 1400 2768 Andronicum
1425 2746 1530 2781 super
1557 2734 1677 2770 omnia
1702 2745 1764 2768 ex-
