1878 3230
494 214 565 253 or«,
603 209 923 254 ANDRONICO
959 210 1222 252 commento
1261 212 1359 253 un.
1389 213 1441 251 ιι.
1563 191 1680 266 4²9

357 311 588 354 Ἁναποιαῖν
615 312 662 353 δὲ
691 312 764 353 καί
793 309 870 358 τὰς
897 309 1156 365 πραιτωρίας
1180 306 1340 364 ἀρχάς,
1377 304 1536 364 ἄνδρας
1571 307 1681 362 λογί-

247 391 356 430 μους
384 378 457 418 καί
483 378 568 418 τῶν
597 374 679 418 dud
709 377 782 430 τῆς
808 377 964 429 βουλῆς
995 372 1193 430 ἀρίστους
1220 376 1368 424 αὐταῖς
1395 369 1447 428 ἦν
1481 374 1678 431 ἐφιστῶν.

249 441 357 483 α’λλὰ
380 440 453 483 καί
486 440 729 496 ἁδροτάτοις
765 440 948 495 ἐπαίρων
982 437 1328 495 φιλοδωρὴμασι,
1368 441 1682 494 τεθραμμένους

243 505 358 548 εἴποι
390 501 443 547 ἄν
468 522 533 555 τις
560 511 651 554 ταῖς
679 507 887 554 ειῖποιάιις
912 505 1137 558 ἐξέπεμπε,
1166 501 1509 559 προμηθούμενος
1539 506 1680 546 ἐντεῦ-

214 574 327 613 ὄθεν
355 573 429 614 τοῦ
463 568 714 624 ἀνεπαχθῶς
755 575 848 618 ταῖς
883 567 1025 611 πόλεσι
1062 573 1314 611 στέλλεσθαι
1351 572 1423 612 καί
1457 571 1534 612 τοῦ
1567 570 1681 624 σφᾶς

249 634 456 690 ἐπιμόνως
483 639 754 692 προσανέχειν
781 636 838 692 τῷ
870 633 969 693 ἐλέῳ
1002 637 1076 675 καί
1097 638 1145 691 τῇ
1179 637 1313 689 κρίσει
1347 639 1429 678 τῶν
1464 636 1716 682 'causandum

248 701 289 744 οἱ
319 704 366 745 δὲ
406 702 586 755 διαρκῶς
625 703 707 743 τῶν
748 701 989 755 ἐπιτηδείων
1021 698 1186 754 ἔχοντες
1228 697 1330 755 (ἀντὶ
1374 701 1680 756 τεσσαράκοντα

246 766 328 823 γὰρ
356 770 428 810 καί
454 765 534 809 α’νά
567 766 819 821 ὀγδοήκοντα
846 764 1100 818 νομιῒ;·ιατος
1138 763 1348 820 ἀργυρέου
1382 769 1490 820 μνᾶς
1526 768 1683 823 α’πεφέ-

248 835 386 888 ροντο)
418 829 558 886 ὥσπερ
589 830 713 887 ἱερῶν
747 829 974 886 χρημάτων
1004 831 1217 887 ἐφείδοντο
1244 830 1273 872 ἃ
1304 830 1419 887 παρά
1457 849 1581 874 τινων
1611 830 1686 874 καὶ

188 895 509 952 ιοαῦθαιρέτως
539 899 664 953 σφίσι
687 897 935 951 παρείχοντο
972 897 1069 938 ἄνθ’
1107 890 1165 938 ὧν
1207 899 1253 938 ἐκ
1292 899 1437 951 χειρὸς
1476 895 1680 939 δυνάστου

245 964 524 1018 ἑρρύσθησαν
563 958 591 1016 ἦ
620 977 727 1011 τινος
755 956 892 1010 ἄλλως
921 962 1087 1015 α’γαθοῦ
1113 964 1429 1016 μετεσχήκασιν.
1487 961 1589 1004 ὅθεν
1607 961 1681 1004 διὰ

243 1031 424 1083 βραχέος
454 1030 514 1076 εἰς
542 1025 789 1082 πληθυσμὸν
819 1025 863 1068 αἱ
892 1025 1033 1075 πόλεις
1059 1028 1297 1079 ἐπέδωκαν,
1331 1024 1360 1081 ἥ
1383 1043 1426 1069 τε
1454 1029 1508 1082 γῆ
1537 1027 1588 1069 τὰ
1616 1028 1683 1069 ἐκ·

245 1092 377 1150 φόρια
410 1092 516 1135 κατὰ
549 1090 800 1140 ἑκατοστύας
820 1091 1023 1145 ἀνέδωκε,
1054 1091 1126 1133 καί
1152 1091 1293 1146 ὄλίγου
1322 1091 1373 1134 τιὶ
1401 1091 1506 1147 πρὸς
1530 1090 1577 1134 τὸ
1605 1094 1683 1147 ζῆν

245 1159 485 1201 ἅπεδιΰοτο.
546 1154 598 1213 ἦν
627 1159 674 1200 δὲ
701 1156 776 1199 καί
803 1163 890 1206 τοῖς
912 1162 1119 1199 κατειπεῖν
1144 1155 1291 1211 ἔχουσι
1319 1159 1401 1199 τῶν
1436 1159 1684 1212 χειροδικῶν

184 1224 525 1277 ιὸεὕέντευκτος,
551 1225 624 1265 καί
650 1222 855 1278 πρόσωπα
881 1220 940 1277 ,mi
965 1221 1190 1276 λαμβάνων
1230 1223 1308 1264 οὐκ
1346 1219 1447 1280 ᾖρεν
1485 1221 1568 1264 ἀπὸ
1609 1225 1684 1265 τοῦ

244 1291 407 1331 δικαίου
436 1289 481 1332 τὸ
509 1289 693 1341 δίκαιον,
725 1288 814 1330 ἀλλ’
842 1290 907 1330 ἐπ’
946 1286 1038 1342 ἴσης
1079 1290 1139 1345 τῷ
1179 1287 1255 1343 την
1296 1286 1430 1343 τύχην
1471 1290 1684 1346 χθαμαλῷ

240 1355 315 1397 τὸν
341 1357 414 1397 καί
436 1357 544 1410 γένει
572 1353 645 1396 καί
668 1353 832 1411 πλούτῳ
866 1352 1020 1407 σεμνὸν
1047 1353 1247 1410 παράγων
1272 1356 1345 1396 ε’πί
1378 1353 1422 1397 τὸ
1463 1356 1721 1410 κρίνεσθαιῦ

241 1422 492 1478 ἀμφοτέρων
518 1418 796 1473 νουνεχόντως
833 1421 1113 1474 κατηκροιῖτο,
1140 1421 1214 1461 καί
1241 1422 1493 1475 ἐπέπληττεν
1527 1419 1683 1470 ἱκανῶς

241 1488 316 1528 καί
340 1488 458 1542 δίκην
483 1487 671 1528 ἐπετίθει
706 1484 908 1539 α’νιέλογον
936 1487 992 1542 τῷ
1028 1486 1173 1542 γαύρῳ
1212 1485 1286 1527 καί
1323 1484 1538 1537 ἇδοξοῦντι
1573 1485 1681 1538 μετὰ

176 1566 229 1593 20
242 1554 414 1608 πένητος
437 1553 665 1607 κρίνεσθαι,
686 1551 727 1593 εἰ
752 1551 1001 1607 πεφώραται
1026 1551 1183 1592 ἀδικῶν
1203 1547 1230 1606 ἢ
1247 1553 1451 1605 έκθλιβων
1469 1554 1542 1593 καί
1556 1550 1681 1607 πλήτ-

239 1634 324 1660 των
350 1619 495 1674 πυγμῇ
521 1615 593 1659 τὸν
619 1614 803 1670 ἔγγιστα.
860 1618 962 1658 ποτὲ
1001 1611 1078 1657 οὖν
1112 1619 1266 1671 καιροῦ
1301 1617 1577 1671 περιέστησαν
1602 1617 1680 1658 av*-

240 1682 315 1726 τὸν
343 1684 388 1734 ἐξ
415 1683 630 1738 ἀγροικίας
653 1682 771 1734 τινές,
799 1683 1084 1734 καταβοῶντες
1111 1684 1184 1723 τοῦ
1215 1683 1486 1738 Λαδιβρηνοῧ
1514 1682 1682 1724 Θεοδώ-

338 1799 366 1822 ¹.
395 1786 603 1835 ἄναποιῶν]
633 1789 792 1834 πέμπων
819 1786 858 1820 δὲ
879 1788 929 1824 εἰς
952 1780 997 1819 τὰ
1021 1787 1264 1831 κεφαλατίκια
1289 1790 1326 1822 Β.
1419 1790 1455 1823 6.
1478 1788 1677 1837 ταπεινῶν]

329 1835 489 1880 πτωχῶν
513 1837 553 1869 Δ.
692 1836 726 1868 8.
754 1831 997 1880 νομίσματος]
1034 1834 1160 1879 λίτρας
1188 1832 1370 1881 ἀργυρίου
1399 1830 1461 1869 διὰ
1489 1839 1680 1882 νομίσμα-

332 1894 396 1920 τος
420 1883 457 1916 Β.
537 1891 588 1915 ιι.
614 1879 897 1927 μετεσχήκασιν]
923 1879 1122 1926 μετέλαβον
1146 1882 1186 1915 A.
1287 1893 1336 1914 ια.
1361 1876 1406 1915 τὰ
1427 1881 1603 1930 ἐκφόρια]
1628 1885 1681 1922 εἰς

330 1925 465 1964 ἑκατὸν
489 1923 574 1965 τοὺς
599 1926 739 1966 πόνους
761 1925 1052 1973 ἐκαρποφόρησε
1077 1927 1115 1960 Β.
1169 1939 1219 1972 :7-
1244 1925 1299 1976 τὸ]
1328 1928 1377 1974 τῷ
1400 1930 1441 1964 Δ.
1489 1940 1545 1964 20.
1566 1930 1679 1973 πλήτ-

329 1975 418 2023 τωγ]
447 1974 593 2011 τύπτων
615 1976 657 2009 A.
762 1984 820 2008 21.
845 1971 960 2009 αὐτὸν
983 1972 1160 2020 ἄγροῖκοί
1182 1976 1223 2008 Δ.

328 2079 372 2111 In
397 2077 587 2122 praetoriis
611 2075 877 2120 magistratibus
905 2074 1107 2108 reficiendis
1143 2076 1238 2108 viros
1261 2081 1485 2120 praestantes
1510 2081 1549 2110 et
1572 2088 1677 2110 sena-

237 2125 322 2159 terii
337 2124 472 2158 ordinis
487 2125 641 2168 optimos
657 2123 803 2167 delegit,
826 2127 863 2155 et
875 2122 1105 2167 amplissimis
1130 2123 1338 2156 muneribus
1355 2123 1506 2156 donatos
1529 2123 1676 2168 ablega-

236 2172 309 2212 vit,
337 2177 379 2206 ut
402 2171 586 2204 beneficiis
600 2171 709 2203 tantis
726 2169 844 2202 ornati
866 2169 984 2202 minus
1003 2180 1123 2212 graves
1140 2174 1261 2202 essent
1277 2169 1482 2203 civitatibus
1498 2176 1535 2203 et
1546 2171 1674 2204 desen-

237 2218 367 2251 ‹lendis
390 2229 433 2250 ae
463 2217 696 2251 sublevandis
721 2215 940 2261 pauperibus
978 2227 1119 2260 semper
1145 2216 1288 2249 intenti.
1315 2217 1398 2261 qui,
1423 2228 1503 2250 cum
1525 2217 1671 2251 abunde

237 2270 446 2310 suppeteret
471 2264 567 2297 unde
591 2265 754 2297 viverent
769 2262 869 2309 (nam
893 2262 1137 2307 quadragenas
1168 2268 1205 2296 et
1225 2268 1415 2307 octogenae
1443 2265 1581 2308 argenti
1603 2265 1672 2296 mi-

236 2323 302 2345 nas
331 2323 451 2345 secum
483 2310 735 2356 auferebant),
773 2315 946 2354 tanquam
985 2309 1172 2354 sacrilegio
1210 2309 1317 2343 etiam
1357 2310 1401 2343 iis
1439 2310 1673 2344 abstinebant

237 2369 332 2403 quae
355 2370 376 2391 a
402 2357 682 2403 provincialibus
707 2357 802 2389 ultro
827 2356 1092 2397 offerebantur,
1122 2355 1220 2401 quod
1250 2362 1314 2389 aut
1338 2368 1359 2389 e
1382 2368 1490 2390 manu
1513 2358 1672 2402 potentis

238 2406 355 2450 erepti
381 2410 446 2438 aut
470 2405 551 2438 aliis
577 2404 762 2438 beneficiis
793 2403 912 2436 affecti
938 2408 1068 2436 essent.
1092 2403 1189 2435 unde
1215 2403 1377 2436 civitates
1411 2404 1540 2448 exiguo
1581 2410 1673 2437 tem-

238 2461 326 2496 pore
349 2457 536 2485 creverunt
552 2477 562 2492 ,
589 2457 684 2485 terra
703 2451 912 2494 centuplum
939 2450 1093 2483 fructum
1122 2450 1226 2490 tulit,
1250 2461 1391 2483 annona
1415 2462 1523 2495 parvo
1547 2451 1671 2484 veniit.

239 2497 346 2530 facile
372 2509 518 2543 quoque
542 2509 580 2531 se
605 2498 651 2530 ab
675 2498 719 2530 iis
743 2496 837 2530 adiri
862 2507 986 2541 passus
1012 2501 1067 2530 est
1089 2496 1312 2530 Andronicus
1337 2498 1400 2542 qui
1425 2497 1470 2531 de
1498 2498 1671 2530 violentia

238 2549 426 2588 potentum
463 2544 718 2589 querebantur,
743 2544 845 2577 nulla
873 2554 1107 2587 personarum
1143 2543 1268 2576 habita
1291 2545 1453 2585 ratione;
1478 2555 1544 2575 nec
1567 2543 1623 2575 ius
1648 2554 1670 2575 a

238 2591 335 2622 iusto
360 2591 519 2631 removit,
544 2591 607 2625 sed
621 2601 749 2634 genere
771 2596 809 2623 et
831 2589 960 2634 opibus
987 2590 1145 2622 illustres
1163 2601 1278 2635 aeque
1303 2602 1344 2623 ac
1365 2590 1483 2624 tenuis
1503 2589 1669 2621 fortunae

238 2636 402 2669 homines
427 2637 465 2669 in
488 2637 543 2670 ius
567 2637 740 2671 adductos
764 2647 809 2670 ex
832 2647 949 2681 aequo
973 2636 1121 2669 audivit.
1144 2637 1365 2678 insolentes,
1390 2647 1480 2681 quos
1496 2646 1576 2667 cum
1602 2634 1669 2667 ob-

239 2682 351 2716 scuris
374 2681 579 2716 hominibus
603 2684 681 2716 iure
706 2694 810 2727 agere
845 2682 1030 2727 pudebat,
1056 2683 1086 2716 si
1111 2683 1266 2715 convicti
1291 2688 1411 2716 essent
1434 2682 1667 2723 iniuriarum,

238 2728 339 2775 quod
362 2739 536 2773 pauperes
559 2731 803 2775 opprimerent
828 2735 892 2762 aut
917 2730 1045 2774 pugnis
1070 2729 1279 2769 caederent,
1302 2729 1453 2772 graviter
1477 2728 1666 2772 castigatos

238 2787 304 2822 pro
326 2775 450 2809 delicti
475 2774 581 2809 modo
603 2775 791 2810 multabat.
819 2775 1015 2821 aliquando
1030 2775 1277 2810 Dadibrenum
1290 2774 1532 2816 Theodorum,
1558 2785 1666 2820 quem
