1878 3230
314 140 423 214 760
731 159 956 201 NJCETAE
991 160 1299 209 cuomA‘rAE

306 257 486 310 ἀκριβῶς
523 256 627 310 πρὸς
666 259 801 300 πᾶσαν
850 255 978 312 ἆκοῆν
1026 261 1238 314 α’θέλητον.
1293 257 1425 302 πάντα
1464 261 1503 302 δ’
1544 259 1720 317 ἐκρίνετο

305 323 451 374 θυμοῦ
476 318 778 375 ὑπεκκαύματα
795 356 808 376 ,
834 325 906 365 καί
931 320 1074 366 ἄνοιαν
1099 325 1334 380 ὠφλίσκανε
1361 325 1432 366 καί
1454 326 1596 378 γέλων.
1649 329 1723 368 καί

306 385 362 434 ὦς
388 385 462 439 τήν
486 388 671 440 γλῶτταν
701 388 948 441 ἅταμίευτος
979 387 1267 443 ἑπεπλήττετο,
1305 388 1350 430 ἐν
1375 392 1538 438 πολλοῖς
1569 392 1614 433 δὲ
1651 393 1724 433 καί

303 450 349 490 τὸ
382 452 676 506 παραξιφίδιον
704 449 816 506 εἶχεν
837 455 902 495 ἐπ’
920 450 1050 495 αὐτόν
1076 452 1292 506 σπώμενον
1319 453 1342 495 ὅ
1373 454 1446 495 καί
1471 454 1620 509 μικρὸν
1646 453 1722 497 οἷν-

263 513 452 558 Βτειπαὶν
478 513 505 569 ἢ
530 515 634 571 πρὸς
663 516 712 559 τὰ
732 518 904 574 θυμὴρη
932 520 1074 575 σφίσιν
1104 516 1398 571 ἀναδυόμενος.
1457 515 1556 561 ὅθεν
1582 516 1636 574 ἦν
1662 522 1757 571 εἶςό

168 586 286 632 V.304
300 577 424 622 πόνον
458 578 603 623 ἅπασα
647 581 835 638 κεφαλή,
877 586 921 626 ἐν
965 590 1188 633 στενωποῖς
1232 586 1382 639 θρῆνοι
1416 584 1488 626 καί
1526 585 1625 627 οὐαὶ
1655 585 1725 628 καὶ

299 648 536 700 κλαυθμοί,
567 648 611 688 ἑν
637 647 816 701 τριόδοις
842 648 1029 703 ὀδυρμοί,
1062 651 1108 691 ἐν
1134 654 1247 699 ναοῖς
1276 650 1532 706 ὀλοφυρμοί,
1562 651 1726 705 α’νδρῶν

299 706 498 763 οἰμωγαί,
527 715 732 765 γυναικῶν
765 713 985 768 ὄλολυγαί,
1013 712 1230 767 ἐλκυσμοί,
1262 711 1599 770 ἀνδραποδισμοί,
1634 719 1726 758 δια-

298 778 487 828 σπασμοί
510 791 554 818 τε
581 779 652 818 καί
677 780 852 832 βιασμοί
880 781 1084 832 σωμάτων
1111 782 1310 835 συναφῶν
1336 781 1544 837 πρότερον.
1600 780 1639 823 οἱ
1666 783 1725 838 τῷ

297 840 404 893 γένει
432 840 576 893 σεμνοί
602 844 759 895 α’τιζιιως
787 843 1030 901 περιῄεσαν,
1065 845 1104 886 οἱ
1130 845 1188 901 τῷ
1209 844 1319 902 γήρᾳ
1357 846 1530 900 γεραροί
1565 848 1721 901 γοεροί,
1738 862 1788 891 ιο

299 904 338 946 οἱ
364 905 556 947 πλούσιοι
585 904 782 950 ἇνούσιοι.
840 907 971 958 οὕτως
1001 911 1045 951 έν
1065 911 1292 962 πλατείαις,
1321 908 1454 959 οὕτως
1473 913 1518 953 ἐν
1542 913 1723 966 γωνίαις,

299 966 431 1018 οὕτως
472 972 517 1012 ἐν
558 975 787 1026 τεμένεσιν,
810 971 958 1024 οὕτως
991 976 1035 1016 ἐν
1072 973 1372 1016 καταδύσεσιν·
1430 978 1528 1018 ου’δὲ
1564 974 1646 1030 γὰρ
1673 972 1726 1031 ἧν

297 1052 358 1084 τις
387 1034 510 1084 τόπος
538 1037 849 1092 οἷνεξερεύνητος
876 1034 904 1093 ἢ
932 1042 1108 1081 α’συλίαν
1135 1045 1220 1088 τοῖς
1249 1041 1571 1095 προσρυομένοις
1598 1057 1727 1097 παρε-

297 1100 503 1154 χόμενος,
532 1100 639 1143 α’λλοὶ
670 1102 804 1144 πάντα
842 1106 1060 1157 πανταχοῦ
1098 1102 1263 1146 πάντων
1288 1107 1424 1147 κακῶν
1461 1104 1619 1158 ἔμπλεα
1657 1102 1724 1161 ἦν.

330 1168 458 1218 ”ριστὲ
484 1169 659 1219 βασιλεῦ’
684 1169 754 1223 τῆς
780 1169 872 1210 τότε
899 1170 1086 1220 θλίψεως
1116 1169 1190 1211 καί
1214 1172 1288 1224 τῆς
1314 1172 1493 1225 συνοχῆς
1531 1173 1610 1213 τῶν
1653 1171 1725 1213 οἷν-
1741 1175 1791 1221 15,

261 1230 511 1284 Οθρώπων]
568 1229 659 1274 ὅδ’
683 1229 785 1287 ἦχος
825 1234 847 1274 ὅ
873 1232 1122 1286 θαλάττιος,
1163 1235 1185 1275 ὁ
1228 1236 1275 1276 δὲ
1318 1238 1394 1277 τοῦ
1431 1236 1550 1290 ἡλίου
1580 1251 1726 1278 σκοτα-

299 1295 406 1347 σμὸς
429 1299 501 1338 καί
524 1297 549 1352 ἦ
578 1297 770 1353 ζόφωσις,
799 1299 825 1353 ἦ
857 1301 902 1340 δὲ
922 1300 995 1353 τῆς
1023 1297 1193 1354 σελήνης
1221 1301 1279 1348 εἷς
1308 1297 1413 1352 αἷμα
1438 1301 1725 1357 μεταστροφή,

300 1359 338 1402 οὶ
369 1363 414 1402 δὲ
443 1364 526 1404 τῶν
556 1364 740 1418 ἀστέρων
767 1362 950 1419 ἔξεδροι,
984 1361 1063 1421 ὅπῃ
1092 1364 1164 1405 καί
1201 1362 1312 1413 ὅπως
1341 1366 1391 1406 οὗ
1425 1364 1475 1407 τοὶ
1505 1369 1724 1409 τελευταῖα

299 1426 401 1467 τάδε
427 1426 531 1468 κακοὶ
562 1427 875 1483 προεσήμηναν,·
905 1432 1036 1471 καίτοι
1063 1428 1109 1471 τὸ
1138 1431 1353 1483 βδέλυγμα
1380 1432 1455 1486 τῆς
1480 1433 1726 1486 ἐρημώσεως

300 1490 554 1544 τεθεάκαμεν
584 1489 711 1542 ἑστώς
744 1495 788 1536 ἐν
829 1495 939 1551 τόπῳ
972 1492 1075 1551 ἁγίῳ
1114 1494 1187 1535 καί
1226 1495 1395 1548 πορνικὰ
1438 1499 1788 1550 στρογγυλίζοναο

300 1555 499 1612 λογάρια,
527 1559 597 1599 καί
619 1553 749 1601 τᾶλλα
781 1555 859 1601 κᾶν
883 1558 941 1614 μὴ
971 1560 1134 1613 ἐπίπαν,
1162 1555 1251 1601 ἄλλ’
1268 1561 1313 1601 ἐκ
1340 1562 1415 1601 τοῦ
1442 1561 1569 1615 δῆθεν
1594 1555 1723 1614 μετα-

392 1674 425 1708 8.
450 1672 654 1718 ὀλολυγμοὶ
679 1676 880 1720 ταβρισμοὶ
903 1674 1157 1722 διαχωρισμοῖ
1183 1677 1247 1709 καὶ
1269 1677 1424 1722 βιασμοὲ
1442 1676 1625 1721 σωμάτων
1643 1670 1720 1710 α’πό

389 1721 455 1761 τῆς
479 1712 519 1760 ἧς
548 1721 651 1763 εἶχον
675 1719 840 1757 ἕνιύσειυς
862 1721 899 1754 Β.
1042 1723 1091 1756 ι8.
1114 1721 1273 1766 ἔξεδροι]
1308 1723 1345 1755 οἱ
1380 1722 1420 1756 δὲ
1452 1725 1526 1757 τιόν
1557 1723 1724 1767 ἀστέρων

391 1767 649 1812 σχηματισμοὶ
674 1767 712 1799 οἱ
735 1768 1040 1814 παρηλλαγμένοι
1072 1767 1159 1811 οὐχὶ
1182 1761 1226 1801 τά
1252 1787 1298 1794 —-
1319 1769 1358 1801 Β.
1495 1780 1551 1803 21.
1583 1772 1646 1803 καὶ
1675 1767 1722 1803 τὰ

391 1810 486 1845 ἄλλα
526 1810 598 1848 κᾶν
631 1808 682 1858 μῆ
721 1814 911 1851 παντελῶς
941 1812 1076 1860 ὅμοια,
1113 1814 1214 1860 ὅμως
1251 1813 1347 1859 πρὸς
1381 1808 1421 1849 τό
1457 1814 1628 1850 ἐναντίον
1655 1824 1724 1861 με-

390 1859 546 1901 τέβησαν
581 1855 627 1892 τὰ
670 1858 787 1904 σεμνὰ
829 1862 893 1893 καὶ
935 1861 1104 1906 εὐπρεπῆ
1143 1861 1365 1906 πράγματα,
1409 1862 1472 1894 καὶ
1510 1861 1532 1895 o‘
1562 1864 1625 1903 τῆς
1658 1863 1722 1895 nt-

392 1912 504 1941 στεως
541 1905 652 1951 λόγος
682 1907 901 1952 παρετράπη
928 1907 996 1952 ἀφ’
1021 1907 1062 1949 ἧς
1093 1906 1194 1952 εἶχεν
1220 1907 1411 1952 εὐγενείας
1437 1909 1505 1950 ,καὶ
1540 1906 1723 1943 καταστά-

393 1958 496 1987 σεως.
520 1951 556 1984 Β.

302 2049 506 2083 flammaret.
534 2050 633 2095 quod
660 2051 722 2096 qui
746 2051 965 2093 conabatur,
990 2058 1032 2086 ut
1057 2064 1176 2086 amens
1201 2057 1238 2086 et
1271 2051 1377 2085 homo
1414 2053 1556 2098 linguae
1590 2054 1722 2089 intem-

301 2097 460 2138 perantis
486 2095 726 2130 deridebatur.
752 2109 858 2143 saepe
882 2099 990 2132 etiam
1015 2100 1121 2144 pugio
1139 2099 1380 2143 stringebatur
1398 2100 1436 2132 in
1456 2111 1535 2134 eum
1552 2101 1616 2145 qui
1631 2111 1722 2145 pau-

296 2140 416 2174 >lulum
446 2143 688 2186 refragabatur
723 2149 785 2178 aut
819 2145 999 2189 postulata
1036 2156 1156 2179 eorum
1192 2145 1424 2179 detrectabat.
1458 2147 1581 2191 itaque
1614 2157 1719 2179 nemo

301 2186 420 2220 luctus
444 2194 520 2221 erat
549 2200 683 2233 expers.
711 2190 749 2222 in
774 2191 988 2236 angiportis,
1012 2191 1050 2225 in
1077 2192 1188 2225 triviis
1204 2217 1213 2232 ,
1236 2193 1274 2225 in
1301 2192 1443 2236 templis
1467 2192 1633 2237 querelae
1655 2193 1720 2226 fle-

299 2238 359 2266 tus
380 2234 652 2267 lamentationes
675 2236 839 2279 planctus
854 2262 863 2276 ‚
886 2238 1040 2270 virorum
1063 2238 1233 2281 gemitus,
1258 2238 1444 2271 mulierum
1467 2238 1639 2280 eiulatus,
1665 2239 1720 2272 la-

299 2280 520 2320 cerationes,
545 2285 687 2324 stupra,
712 2280 953 2326 captivitates,
986 2284 1352 2318 coniunctissimorum
1389 2283 1618 2317 divulsiones.
1651 2297 1720 2319 no-

295 2324 391 2358 biles
414 2336 492 2358 cum
517 2326 731 2369 ignominia,
754 2327 800 2360 oh
825 2334 1001 2362 senectam
1024 2330 1245 2363 venerabiles
1269 2330 1457 2368 lacrimosi,
1483 2329 1611 2364 divites
1636 2342 1720 2375 spo·

295 2370 376 2407 liati
399 2371 501 2404 bonis
527 2372 770 2405 circumibant.
797 2374 846 2406 sic
874 2375 911 2407 in
938 2375 1086 2419 plateis,
1111 2377 1159 2409 sic
1182 2376 1220 2408 in
1245 2376 1405 2419 angulis,
1429 2376 1478 2408 sic
1502 2377 1539 2409 in
1561 2377 1718 2422 templis,

297 2417 346 2449 sic
372 2417 410 2451 in
428 2418 607 2462 speluncis
629 2418 835 2461 agebantur.
861 2431 927 2453 nec
949 2421 1042 2453 enim
1069 2422 1163 2454 ullus
1188 2422 1285 2454 locus
1309 2422 1512 2454 inexcussus
1538 2423 1719 2468 relinquo-

295 2462 405 2497 batur
428 2469 490 2496 aut
511 2464 687 2508 supplices
713 2465 940 2500 defendebat.
967 2468 1084 2501 omnia
1107 2468 1242 2511 ubique
1266 2468 1368 2500 malis
1397 2468 1563 2501 omnibus
1587 2470 1717 2503 referta

298 2514 408 2542 erant.
435 2509 540 2545 deum
567 2511 801 2545 immortalem
817 2537 826 2550 ,
855 2518 988 2556 quanta
1015 2513 1198 2546 hominum
1225 2514 1390 2554 afflictio,
1419 2521 1575 2558 quantae
1606 2526 1718 2559 angu-

297 2555 410 2590 stiae?
434 2556 593 2590 fremitus
615 2558 742 2597 maris‚
771 2558 857 2590 solis
883 2558 1105 2599 obscuratio,
1132 2566 1278 2593 eruenta
1302 2560 1409 2593 lunae
1437 2559 1574 2601 facies‚‘
1589 2562 1716 2595 stella-

296 2612 374 2635 rum
403 2602 638 2643 exorbitatio,
665 2603 727 2635 ubi
753 2608 789 2636 et
813 2604 991 2648 quomodo
1024 2605 1112 2637 haec
1138 2606 1231 2638 mala
1259 2606 1580 2650 praenuntiarunt?
1606 2608 1718 2640 enim-

296 2658 380 2679 vero
405 2648 706 2682 abominationem
732 2648 962 2683 desolationis
986 2651 1022 2683 in
1046 2651 1125 2684 loco
1149 2658 1269 2685 sancto
1292 2659 1383 2685 stare
1404 2652 1578 2693 vidimus,
1602 2664 1717 2686 mere-

298 2694 419 2729 tricios
440 2706 620 2731 sermones
646 2695 798 2731 rotundo
832 2706 893 2733 ore
918 2697 1180 2744 proferentem,
1206 2704 1241 2733 et
1265 2705 1402 2734 caetera
1426 2700 1494 2735 etsi
1515 2710 1587 2736 uon
1611 2700 1715 2747 peni-
