1878 3230
293 148 405 208 386
719 162 947 208 ΝιοΕτΛΕ
990 162 1299 208 οῐιοΝιΑτΑΕ

249 279 412 321 nvem,
437 265 514 314 τὰς
537 265 581 306 ἐν
605 265 660 321 τῷ
687 263 844 318 μεταξὺ
876 262 1020 321 χώρας
1046 263 1243 320 ὅμολογίᾳ
1271 261 1394 317 αἱρεῖ.
1435 263 1545 316 ὁμοῦ·
1570 265 1615 305 δὲ
1634 260 1716 305 τῶν

292 330 623 386 στρατευμάτων
653 328 758 371 κατά
786 332 832 371 τε
858 332 934 385 γῆν
965 327 1069 371 κατά
1098 343 1142 370 τε
1173 328 1384 370 θάλατταν
1419 326 1493 382 τὴν
1524 326 1718 383 λαμπράν

294 397 340 440 ἒν
367 393 511 437 πόλεσι
539 395 844 450 Θεσσαλονίκην
869 393 1151 447 διαλαβόντων
1188 391 1316 449 μίτρᾳ
1333 387 1484 445 ’Ἀρεος
1521 390 1593 434 καὶ
1627 394 1717 434 δια-

295 460 536 513 ζωσάντων,
566 456 675 501 ἑάλω
702 456 807 513 αὕτη
832 460 1046 516 πολιορκίᾳ
1071 458 1144 500 καί
1169 456 1266 500 εἴσω
1293 459 1392 511 μεθ’
1418 456 1576 512 ἡμέρας
1604 457 1720 510 δέχε-

293 542 364 569 ται
386 523 431 567 τὸ
459 525 679 578 πολέμιον,
707 520 856 567 οὔκουν
892 524 962 566 διὰ
985 523 1031 566 τὸ
1056 525 1138 566 τῶν
1164 521 1280 566 ἔνδον
1317 522 1588 575 ἀμυνομένων
1614 520 1761 563 εἶπά-5·

294 587 451 643 λαμνόν
480 604 524 632 τε
553 591 626 631 καί
660 589 969 643 α’πειρόμαχον,
1006 587 1080 643 τὴν
1121 589 1168 630 δὲ
1207 587 1415 642 μαλακίαν
1451 587 1610 639 μᾶλλον
1647 587 1725 628 τοῦ

294 655 621 710 στρατηγοῦντος
639 654 780 709 Λαβίδ
804 656 877 697 τοῦ
902 656 947 696 ἐκ
975 654 1218 709 Κομνηνῶν.
1274 647 1394 702 οὗτος
1420 646 1500 707 γάρ
1529 653 1572 700 ἐς
1605 650 1726 693 οὐδὲν

294 718 501 776 χρήσιμος
529 725 616 770 τοῖς
649 721 1019 763 Θεσσαλονικεῦσιν
1045 718 1217 775 ὀφθείς,
1247 716 1488 768 δεξιώτατος
1521 718 1567 759 δὲ
1601 715 1726 770 μόνον

294 783 512 840 γενόμενος
538 786 609 827 det
635 787 814 827 δεδιέναι
839 780 1103 841 Ἀνδρόνικον
1140 785 1212 826 καί
1249 781 1400 839 τρόπον
1430 783 1632 837 ἐπιζητεῖν
1672 782 1726 823 δι’

165 859 206 894 V.
224 846 350 905 15705
378 849 429 905 δὴ
459 849 535 899 τάς
562 847 744 900 ἇάπτους
770 849 926 893 ἐκείνου
953 855 1100 905 χεῖρας
1138 851 1452 904 διαφευξεῖται,
1493 848 1584 889 δέον
1613 848 1725 900 κῦμα
1743 859 1792 886 xo

296 913 513 970 θαλάσσης
540 914 739 956 ὑπελθεῖν
778 910 805 969 ἢ
837 913 938 956 κατά
972 916 1134 970 πετρῶν
1159 911 1364 968 ἠλιβάτων
1398 915 1541 966 βαλεῖν
1580 909 1729 954 ἑαυτὸν

299 976 328 1037 ἢ
355 975 470 1036 ὄρεσι
497 981 569 1021 καί
595 979 813 1035 σπηλαίοις
840 979 1043 1034 εὑρέσθαι
1073 976 1313 1035 ἅποκρυβὴν
1337 974 1485 1034 ἢκατά
1514 978 1732 1034 προφήτην

301 1044 471 1103 φυγάδα
500 1042 611 1100 κήτει
635 1046 846 1103 θαλαττίῳ
875 1046 1185 1099 καταποθῆναι,
1215 1043 1238 1085 ὖ
1269 1046 1315 1086 δὲ
1347 1045 1511 1085 τοιοῦτο
1543 1046 1622 1096 μὲν
1660 1043 1732 1084 ου’-

302 1113 372 1154 δέν
395 1127 436 1153 τι
464 1114 596 1151 ποιεῖν
623 1111 868 1163 ἐπεβάλετο,
898 1105 968 1151 ἐπὶ
991 1112 1095 1167 κακῇ
1125 1111 1171 1152 δὲ
1198 1111 1325 1167 μοίρᾳ
1353 1108 1424 1164 τὴν
1450 1109 1531 1151 τῶν
1568 1110 1731 1151 Θεσσα-

301 1178 495 1219 λονικέων
519 1177 713 1229 χειρίζων
743 1175 882 1230 ἀρχὴν
912 1175 984 1217 καί
1020 1175 1095 1230 την
1122 1175 1329 1230 ἅρχηγιάν
1357 1173 1378 1216 ὃ
1419 1176 1494 1216 καί
1527 1175 1732 1229 γυναικῶν
1747 1167 1796 1212 15

173 1253 209 1287 Ρ.
231 1261 290 1298 ¹9²
301 1240 531 1297 θηλύτερος
557 1239 630 1282 καὶ
646 1241 726 1282 τῶν
754 1239 923 1296 ἐλάφων
950 1240 1176 1296 δειλότερος
1203 1237 1279 1281 οὖκ
1306 1240 1481 1289 εὐκλεῶς
1518 1238 1736 1295 κληρωσάᾱ

301 1321 443 1362 μενος,
473 1303 601 1346 ἔλαθε
628 1304 725 1354 τοὺς
752 1308 1092 1359 συλληψομένους
1135 1302 1261 1346 αὐτόν
1303 1320 1349 1346 τε
1391 1304 1463 1346 καί
1501 1303 1578 1359 την
1618 1305 1736 1347 πόλιν

309 1372 616 1425 Θεσσαλονίκην
641 1370 713 1411 καί
739 1369 955 1424 πόρρωθεν
983 1364 1101 1419 ὄντας
1123 1367 1490 1423 μεταπεμπόμενος
1513 1365 1707 1425 ἄντικρυς
1721 1389 1738 1422 ,’

307 1440 380 1479 κατ’
404 1434 557 1479 ἑαυτὸν
595 1438 765 1485 ἐκείνοις
791 1437 998 1491 ἕγχείριον
1024 1432 1214 1477 ἑκούσιον
1247 1434 1443 1491 ζωγρημα
1477 1436 1634 1477 θέσθαι
1661 1434 1730 1476 διά

306 1500 462 1550 παντὸς
493 1502 690 1553 μελετῶν.
747 1500 896 1542 οὕκοῦν
922 1500 995 1542 καί
1016 1501 1092 1542 τοῦ
1117 1502 1188 1556 τῆς
1214 1499 1354 1555 μάχης
1390 1496 1603 1548 ἐνστάντος
1641 1515 1731 1540 και-
1744 1511 1800 1538 zo

309 1567 387 1622 ροῦ
414 1565 488 1607 καὶ
513 1567 720 1607 παντοίων
748 1562 882 1606 ὅπλων
922 1568 995 1607 καί
1017 1567 1218 1620 μηχανῶν
1247 1566 1495 1617 κινουμένων
1530 1563 1630 1606 κατά
1662 1566 1735 1619 τῆς

308 1630 464 1681 πόλεως
493 1629 648 1686 θεατὴς
672 1631 754 1673 τῶν
783 1633 990 1683 πολεμίων
1015 1628 1200 1684 μάλιστα
1238 1626 1288 1685 ἦν
1318 1630 1468 1682 αὕτός,
1510 1631 1584 1671 οὐκ
1622 1630 1737 1672 ἄντί-

309 1700 449 1746 παλος.
506 1690 603 1737 οὔτε
629 1694 710 1751 γὰρ
737 1697 789 1737 δι’
811 1691 908 1751 ὅλης
933 1697 1005 1751 τῆς
1035 1696 1274 1751 πολιορκίας
1301 1692 1426 1751 ὤφθη
1454 1693 1736 1751 ἐπεκδραμιόν,

401 1809 434 1841 6.
458 1805 668 1855 μαλακίαν]
695 1805 855 1852 α’νδρίαν
877 1807 916 1840 Α.
1041 1807 1110 1842 τοῦ·
1138 1806 1230 1855 στρ.]
1253 1808 1316 1848 τῆς
1341 1803 1445 1844 ἐντὸς
1466 1805 1738 1853 εὖρισκομένης

405 1854 569 1898 κεφαλῆς
591 1855 629 1886 Β.
754 1866 804 1888 ιο.
829 1851 887 1900 δὴ]
915 1862 985 1898 περ
1010 1854 1050 1888 Δ.
1180 1856 1230 1889 15.
1257 1853 1292 1900 ὁ]
1320 1852 1453 1897 ταύτης
1475 1852 1498 1887 6
1525 1854 1564 1888 A.
1687 1855 1738 1889 16.

404 1898 621 1947 θηλύτερος]
643 1899 920 1946 γυναικῶτερος
942 1898 979 1934 Β.
1072 1909 1127 1932 ¹22.
1153 1899 1266 1938 αὐτός
1290 1910 1348 1933 om
1371 1901 1411 1933 A.

316 2013 425 2044 iectas
451 2011 612 2055 regiones
638 2010 676 2043 in
701 2010 923 2044 deditionem
946 2011 1106 2056 accepit,
1143 2010 1434 2044 Thessalonicam
1458 2020 1541 2043 vero
1565 2009 1742 2043 illustrem

317 2057 441 2090 urbem
479 2063 575 2091 terra
611 2057 773 2102 marique
808 2057 988 2090 obsessam
1026 2067 1156 2090 corona
1181 2057 1276 2102 cepit
1294 2082 1303 2097 ,
1332 2069 1371 2090 ac
1398 2062 1480 2101 post
1503 2056 1578 2089 dies
1603 2056 1744 2101 aliquot

317 2103 516 2136 obsidionis
543 2104 737 2136 exercitum
760 2103 973 2144 introduxit,
998 2114 1040 2136 eo
1071 2114 1233 2136 successu
1260 2114 1332 2136 non
1357 2109 1429 2136 tam
1445 2103 1491 2135 ob
1516 2102 1743 2136 defensorum

314 2150 548 2183 timiditatem
572 2155 609 2183 et
642 2150 858 2195 imperitiam
889 2151 942 2182 rei
966 2150 1132 2183 militaris
1168 2161 1274 2195 quam
1303 2149 1349 2182 ob
1377 2148 1522 2182 Davidis
1546 2149 1743 2189 Comneni,

315 2196 488 2241 praesceti
520 2195 640 2237 urbis,
677 2197 853 2241 ignaviam
888 2208 983 2229 usus.
1022 2197 1085 2241 qui
1127 2207 1206 2228 cum
1235 2195 1613 2228 Thessalonicensibus
1647 2195 1741 2227 nihil

318 2242 580 2282 commodaret,
618 2242 682 2275 sed
720 2242 913 2275 metuendo
938 2242 1140 2275 Andronico
1174 2247 1210 2275 et
1234 2241 1438 2274 crudelibus
1476 2242 1551 2274 eius
1575 2240 1740 2274 manibus

319 2288 485 2321 cavendis
522 2289 826 2332 ingeniosissimus
864 2294 981 2328 esset,
1023 2294 1085 2321 aut
1121 2288 1248 2321 fluctus
1285 2289 1439 2320 marinos
1465 2287 1585 2320 subire
1608 2293 1670 2320 aut
1695 2286 1741 2319 de

321 2334 465 2368 summis
501 2335 650 2378 rupibus
682 2346 718 2367 se
748 2335 981 2379 praecipitem
1017 2334 1101 2367 dare
1134 2340 1197 2367 aut
1232 2334 1270 2366 in
1293 2334 1473 2366 montibus
1503 2338 1539 2366 et
1563 2333 1742 2378 speluncis

321 2380 453 2414 abdere
480 2386 541 2413 aut
565 2381 704 2424 fugitivi
727 2381 825 2414 illius
844 2380 1041 2425 prophetae
1070 2380 1233 2424 exemplo
1259 2391 1277 2412 a
1299 2385 1377 2412 ceto
1403 2379 1571 2423 deglutiri
1597 2379 1745 2412 debuis-

322 2433 386 2461 set.
413 2437 534 2460 verum
573 2427 629 2459 illi
652 2426 778 2459 horum
801 2427 893 2460 nihil
917 2427 1023 2467 feeit,
1064 2426 1128 2459 sed
1151 2426 1245 2459 malo
1270 2425 1644 2459 Thessalonicensium
1669 2425 1744 2459 fato

322 2473 420 2506 urbis
455 2473 714 2517 praefecturam
747 2485 872 2517 parum
912 2473 1062 2506 honeste
1097 2472 1270 2517 adeptus,
1295 2473 1348 2505 vir
1371 2473 1521 2504 muliere
1546 2473 1746 2517 corruptior

325 2525 362 2553 et
388 2519 498 2552 cervis
523 2518 703 2560 timidior,
727 2524 866 2552 tantum
893 2530 966 2551 non
996 2529 1055 2551 eos
1081 2529 1099 2550 a
1134 2519 1264 2563 quibus
1290 2524 1326 2551 et
1349 2519 1425 2563 ipse
1463 2523 1498 2551 et
1534 2518 1618 2551 urbs
1641 2528 1746 2563 cape-

327 2570 424 2599 retur
446 2565 551 2610 longe
575 2565 691 2597 adhuc
714 2571 867 2599 remotos
891 2565 1094 2606 accersivit,
1133 2570 1241 2609 atque
1264 2565 1302 2597 in
1329 2565 1366 2598 id
1393 2575 1534 2609 operam
1560 2565 1654 2598 ultro
1681 2563 1748 2597 de-

328 2613 404 2652 dit,
430 2617 471 2644 ut
496 2611 535 2644 in
574 2622 694 2644 eorum
724 2622 848 2644 manus
884 2612 1097 2656 perveniret.
1121 2622 1202 2644 nam
1232 2622 1310 2644 eum
1340 2611 1567 2656 pugnandum
1593 2616 1685 2644 esset
1708 2615 1746 2644 et

328 2659 442 2691 omnis
467 2658 604 2702 generis
630 2669 725 2691 arma
754 2664 790 2691 et
817 2657 1002 2690 machinae
1027 2663 1148 2690 contra
1172 2657 1296 2690 urbem
1321 2657 1589 2702 expedirentur,
1615 2667 1652 2690 se
1679 2667 1744 2702 pro

329 2709 527 2750 spectatore
560 2704 716 2738 hostium
735 2730 744 2746 ,
771 2715 844 2738 non
867 2715 930 2749 pro
966 2703 1141 2738 bellatore
1169 2704 1286 2748 gessit.
1308 2715 1491 2750 nunquam
1515 2709 1610 2738 certe
1633 2702 1750 2737 totius.
