<?xml version="1.0" encoding="UTF-8"?>
<!DOCTYPE html PUBLIC "-//W3C//DTD XHTML 1.0 Transitional//EN"
    "http://www.w3.org/TR/xhtml1/DTD/xhtml1-transitional.dtd">
<html xmlns="http://www.w3.org/1999/xhtml" xml:lang="en" lang="en">
 <head>
  <title>
</title>
<meta http-equiv="Content-Type" content="text/html;charset=utf-8" />
  <meta name='ocr-system' content='tesseract 3.04.00' />
  <meta name='ocr-capabilities' content='ocr_page ocr_carea ocr_par ocr_line ocrx_word'/>
</head>
<body>
  <div class='ocr_page' id='page_1' title='image "./corpusscriptorum41niebuoft/corpusscriptorum41niebuoft_0536.png"; bbox 0 0 1878 3230; ppageno 0'>
   <div class='ocr_carea' id='block_1_1' title="bbox 262 191 1268 247">
    <p class='ocr_par' dir='ltr' id='par_1_1' title="bbox 262 191 1268 247">
     <span class='ocr_line' id='line_1_1' title="bbox 262 191 1268 247; baseline 0 -1"><span class='ocrx_word' id='word_1_1' title='bbox 262 191 372 246; x_wconf 83' lang='lat'><em>506</em></span> <span class='ocrx_word' id='word_1_2' title='bbox 685 206 915 247; x_wconf 79' lang='lat' dir='ltr'>NlCETAE</span> <span class='ocrx_word' id='word_1_3' title='bbox 957 205 1268 247; x_wconf 72' lang='lat' dir='ltr'>cnoNxATAss</span> 
     </span>
    </p>
   </div>
   <div class='ocr_carea' id='block_1_2' title="bbox 126 301 1758 1730">
    <p class='ocr_par' dir='ltr' id='par_1_2' title="bbox 126 301 1758 1730">
     <span class='ocr_line' id='line_1_2' title="bbox 256 301 1683 360; baseline -0.001 -14"><span class='ocrx_word' id='word_1_4' title='bbox 256 306 395 360; x_wconf 76' lang='grc' dir='ltr'><em>ἡσυχῇ</em></span> <span class='ocrx_word' id='word_1_5' title='bbox 421 305 559 356; x_wconf 81' lang='grc' dir='ltr'><em>μένειν</em></span> <span class='ocrx_word' id='word_1_6' title='bbox 587 303 776 343; x_wconf 77' lang='grc' dir='ltr'><em>πέπεικεν</em></span> <span class='ocrx_word' id='word_1_7' title='bbox 804 302 875 343; x_wconf 77' lang='grc' dir='ltr'><em>ε’πί</em></span> <span class='ocrx_word' id='word_1_8' title='bbox 904 306 976 356; x_wconf 69' lang='grc' dir='ltr'><em>τῆς</em></span> <span class='ocrx_word' id='word_1_9' title='bbox 1007 305 1179 357; x_wconf 71' lang='grc' dir='ltr'><em>σκηνῆς,</em></span> <span class='ocrx_word' id='word_1_10' title='bbox 1210 303 1281 344; x_wconf 82' lang='grc' dir='ltr'><strong><em>καί</em></strong></span> <span class='ocrx_word' id='word_1_11' title='bbox 1307 301 1423 344; x_wconf 80' lang='grc' dir='ltr'><em>ἐπιὸν</em></span> <span class='ocrx_word' id='word_1_12' title='bbox 1451 304 1522 345; x_wconf 79' lang='grc' dir='ltr'><em>οὐκ</em></span> <span class='ocrx_word' id='word_1_13' title='bbox 1551 303 1683 347; x_wconf 80' lang='grc' dir='ltr'><em>ἔδεισε</em></span> 
     </span>
     <span class='ocr_line' id='line_1_3' title="bbox 254 366 1683 425; baseline 0 -14"><span class='ocrx_word' id='word_1_14' title='bbox 254 370 298 411; x_wconf 83' lang='grc' dir='ltr'><em>τὸ</em></span> <span class='ocrx_word' id='word_1_15' title='bbox 329 370 534 420; x_wconf 85' lang='grc' dir='ltr'><em>πολέμιον.</em></span> <span class='ocrx_word' id='word_1_16' title='bbox 604 366 762 421; x_wconf 72' lang='grc' dir='ltr'><em>ἐλέγετο</em></span> <span class='ocrx_word' id='word_1_17' title='bbox 804 369 850 410; x_wconf 82' lang='grc' dir='ltr'><em>δὲ</em></span> <span class='ocrx_word' id='word_1_18' title='bbox 880 370 937 424; x_wconf 77' lang='grc' dir='ltr'><em>τῷ</em></span> <span class='ocrx_word' id='word_1_19' title='bbox 978 370 1123 425; x_wconf 80' lang='grc' dir='ltr'><em>Βρανᾷ</em></span> <span class='ocrx_word' id='word_1_20' title='bbox 1153 366 1352 424; x_wconf 80' lang='grc' dir='ltr'><em>φοιβάσαι</em></span> <span class='ocrx_word' id='word_1_21' title='bbox 1380 372 1683 423; x_wconf 85' lang='grc' dir='ltr'><em>προρρητικῶς,</em></span> 
     </span>
     <span class='ocr_line' id='line_1_4' title="bbox 254 431 1684 489; baseline 0 -14"><span class='ocrx_word' id='word_1_22' title='bbox 254 436 299 476; x_wconf 78' lang='grc' dir='ltr'><em>ἐκ</em></span> <span class='ocrx_word' id='word_1_23' title='bbox 341 436 425 474; x_wconf 85' lang='grc' dir='ltr'><em>τῶν</em></span> <span class='ocrx_word' id='word_1_24' title='bbox 466 434 540 486; x_wconf 79' lang='grc' dir='ltr'><em>τῆς</em></span> <span class='ocrx_word' id='word_1_25' title='bbox 578 434 721 488; x_wconf 82' lang='grc' dir='ltr'><em>τέχνης</em></span> <span class='ocrx_word' id='word_1_26' title='bbox 764 431 973 486; x_wconf 79' lang='grc' dir='ltr'><em>ἐκβάσεων</em></span> <span class='ocrx_word' id='word_1_27' title='bbox 1014 432 1357 487; x_wconf 86' lang='grc' dir='ltr'><em>τεκμαιρόμενος,</em></span> <span class='ocrx_word' id='word_1_28' title='bbox 1386 431 1443 483; x_wconf 79' lang='grc' dir='ltr'><em>ὦς</em></span> <span class='ocrx_word' id='word_1_29' title='bbox 1474 432 1578 475; x_wconf 78' lang='grc' dir='ltr'><em>κατὰ</em></span> <span class='ocrx_word' id='word_1_30' title='bbox 1608 434 1684 489; x_wconf 73' lang='grc' dir='ltr'><em>τὴν</em></span> 
     </span>
     <span class='ocr_line' id='line_1_5' title="bbox 126 497 1688 554; baseline 0.003 -18"><span class='ocrx_word' id='word_1_31' title='bbox 126 506 150 536; x_wconf 80' lang='lat' dir='ltr'>P</span> <span class='ocrx_word' id='word_1_32' title='bbox 176 505 241 552; x_wconf 65' lang='lat'><em>248</em></span> <span class='ocrx_word' id='word_1_33' title='bbox 256 499 414 554; x_wconf 73' lang='grc' dir='ltr'><em>ἡμέραν</em></span> <span class='ocrx_word' id='word_1_34' title='bbox 442 498 599 552; x_wconf 79' lang='grc' dir='ltr'><em>ἐκείνην</em></span> <span class='ocrx_word' id='word_1_35' title='bbox 625 499 698 553; x_wconf 74' lang='grc' dir='ltr'><em>τῆς</em></span> <span class='ocrx_word' id='word_1_36' title='bbox 718 497 875 546; x_wconf 84' lang='grc' dir='ltr'><em>πόλεως</em></span> <span class='ocrx_word' id='word_1_37' title='bbox 903 497 1019 547; x_wconf 78' lang='grc' dir='ltr'><em>ἐντός</em></span> <span class='ocrx_word' id='word_1_38' title='bbox 1048 497 1325 541; x_wconf 75' lang='grc' dir='ltr'><em>εἰσελεύσεται</em></span> <span class='ocrx_word' id='word_1_39' title='bbox 1354 500 1428 540; x_wconf 81' lang='grc' dir='ltr'><em>καί</em></span> <span class='ocrx_word' id='word_1_40' title='bbox 1452 500 1688 554; x_wconf 78' lang='grc' dir='ltr'><em>θριαμβεύ-</em></span> 
     </span>
     <span class='ocr_line' id='line_1_6' title="bbox 254 562 1723 620; baseline 0.001 -15"><span class='ocrx_word' id='word_1_41' title='bbox 254 579 319 608; x_wconf 76' lang='grc' dir='ltr'><em>σει</em></span> <span class='ocrx_word' id='word_1_42' title='bbox 359 565 611 619; x_wconf 78' lang='grc' dir='ltr'><em>περιφανῶς.</em></span> <span class='ocrx_word' id='word_1_43' title='bbox 681 566 801 605; x_wconf 81' lang='grc' dir='ltr'><em>τοῦτο</em></span> <span class='ocrx_word' id='word_1_44' title='bbox 844 565 891 605; x_wconf 83' lang='grc' dir='ltr'><em>δὲ</em></span> <span class='ocrx_word' id='word_1_45' title='bbox 918 566 957 606; x_wconf 86' lang='grc' dir='ltr'><em>εἰ</em></span> <span class='ocrx_word' id='word_1_46' title='bbox 992 567 1071 615; x_wconf 79' lang='grc' dir='ltr'><em>μὲν</em></span> <span class='ocrx_word' id='word_1_47' title='bbox 1101 564 1224 613; x_wconf 76' lang='grc' dir='ltr'><em>αὐτὸς</em></span> <span class='ocrx_word' id='word_1_48' title='bbox 1270 562 1438 620; x_wconf 73' lang='grc' dir='ltr'><em>ἀληθῶς</em></span> <span class='ocrx_word' id='word_1_49' title='bbox 1477 563 1636 620; x_wconf 85' lang='grc' dir='ltr'><em>εἴρηκεν</em></span> <span class='ocrx_word' id='word_1_50' title='bbox 1664 564 1723 608; x_wconf 75' lang='lat'><em>«55</em></span> 
     </span>
     <span class='ocr_line' id='line_1_7' title="bbox 253 625 1688 685; baseline 0.001 -14"><span class='ocrx_word' id='word_1_51' title='bbox 253 627 489 684; x_wconf 75' lang='grc' dir='ltr'><em>Στηθάτος,</em></span> <span class='ocrx_word' id='word_1_52' title='bbox 530 630 729 685; x_wconf 72' lang='grc' dir='ltr'><em>ἀσφαλῶς</em></span> <span class='ocrx_word' id='word_1_53' title='bbox 753 631 828 670; x_wconf 80' lang='grc' dir='ltr'><em>ου’κ</em></span> <span class='ocrx_word' id='word_1_54' title='bbox 855 628 994 684; x_wconf 77' lang='grc' dir='ltr'><em>ἴσημι,</em></span> <span class='ocrx_word' id='word_1_55' title='bbox 1027 625 1092 671; x_wconf 78' lang='grc' dir='ltr'><em>ὅτι</em></span> <span class='ocrx_word' id='word_1_56' title='bbox 1119 632 1218 684; x_wconf 81' lang='grc' dir='ltr'><em>μηδ’</em></span> <span class='ocrx_word' id='word_1_57' title='bbox 1245 626 1443 683; x_wconf 78' lang='grc' dir='ltr'><em>ἇψευδῶς</em></span> <span class='ocrx_word' id='word_1_58' title='bbox 1469 629 1522 671; x_wconf 76' lang='grc' dir='ltr'><em>τοὶ</em></span> <span class='ocrx_word' id='word_1_59' title='bbox 1550 627 1688 672; x_wconf 70' lang='grc' dir='ltr'><em>πάντα</em></span> 
     </span>
     <span class='ocr_line' id='line_1_8' title="bbox 252 692 1688 751; baseline 0.001 -16"><span class='ocrx_word' id='word_1_60' title='bbox 252 695 279 748; x_wconf 82' lang='grc' dir='ltr'><em>ἦ</em></span> <span class='ocrx_word' id='word_1_61' title='bbox 311 692 430 750; x_wconf 81' lang='grc' dir='ltr'><em>φήμη</em></span> <span class='ocrx_word' id='word_1_62' title='bbox 471 695 726 747; x_wconf 85' lang='grc' dir='ltr'><em>μυθεύεται,</em></span> <span class='ocrx_word' id='word_1_63' title='bbox 756 693 892 737; x_wconf 76' lang='grc' dir='ltr'><em>ὁπόσα</em></span> <span class='ocrx_word' id='word_1_64' title='bbox 934 694 1189 750; x_wconf 82' lang='grc' dir='ltr'><em>περιλάλητα</em></span> <span class='ocrx_word' id='word_1_65' title='bbox 1221 698 1383 737; x_wconf 80' lang='grc' dir='ltr'><em>τιθέναι</em></span> <span class='ocrx_word' id='word_1_66' title='bbox 1411 699 1536 751; x_wconf 80' lang='grc' dir='ltr'><em>φιλεῖ.</em></span> <span class='ocrx_word' id='word_1_67' title='bbox 1620 693 1688 738; x_wconf 76' lang='grc' dir='ltr'><em>ὅτι</em></span> 
     </span>
     <span class='ocr_line' id='line_1_9' title="bbox 255 757 1688 817; baseline 0 -17"><span class='ocrx_word' id='word_1_68' title='bbox 255 761 324 813; x_wconf 80' lang='grc' dir='ltr'><em>δέ,</em></span> <span class='ocrx_word' id='word_1_69' title='bbox 355 761 394 801; x_wconf 88' lang='grc' dir='ltr'><em>εἰ</em></span> <span class='ocrx_word' id='word_1_70' title='bbox 423 762 559 813; x_wconf 89' lang='grc' dir='ltr'><em>δῶμεν</em></span> <span class='ocrx_word' id='word_1_71' title='bbox 587 757 720 802; x_wconf 77' lang='grc' dir='ltr'><em>ὁπόσα</em></span> <span class='ocrx_word' id='word_1_72' title='bbox 748 760 774 814; x_wconf 81' lang='grc' dir='ltr'><em>ἧ</em></span> <span class='ocrx_word' id='word_1_73' title='bbox 805 760 921 815; x_wconf 75' lang='grc' dir='ltr'><em>φήμη</em></span> <span class='ocrx_word' id='word_1_74' title='bbox 951 762 1158 813; x_wconf 78' lang='grc' dir='ltr'><em>ἐδίδαξεν,</em></span> <span class='ocrx_word' id='word_1_75' title='bbox 1190 759 1270 802; x_wconf 68' lang='grc' dir='ltr'><em>ὑπὸ</em></span> <span class='ocrx_word' id='word_1_76' title='bbox 1297 763 1370 802; x_wconf 81' lang='grc' dir='ltr'><em>τοῦ</em></span> <span class='ocrx_word' id='word_1_77' title='bbox 1401 761 1688 817; x_wconf 77' lang='grc' dir='ltr'><em>προφάντορος</em></span> 
     </span>
     <span class='ocr_line' id='line_1_10' title="bbox 254 824 1687 882; baseline 0 -15"><span class='ocrx_word' id='word_1_78' title='bbox 254 825 474 879; x_wconf 73' lang='grc' dir='ltr'><em>Στηθάτου</em></span> <span class='ocrx_word' id='word_1_79' title='bbox 509 826 674 875; x_wconf 80' lang='grc' dir='ltr'><em>εἰκαίως</em></span> <span class='ocrx_word' id='word_1_80' title='bbox 706 824 1046 880; x_wconf 79' lang='grc' dir='ltr'><em>ἑξετοξεύθησαν,</em></span> <span class='ocrx_word' id='word_1_81' title='bbox 1094 826 1225 876; x_wconf 70' lang='grc' dir='ltr'><em>αὐτά,</em></span> <span class='ocrx_word' id='word_1_82' title='bbox 1254 825 1382 882; x_wconf 78' lang='grc' dir='ltr'><em>φασί,</em></span> <span class='ocrx_word' id='word_1_83' title='bbox 1414 825 1466 867; x_wconf 82' lang='grc' dir='ltr'><em>τὰ</em></span> <span class='ocrx_word' id='word_1_84' title='bbox 1496 826 1687 881; x_wconf 81' lang='grc' dir='ltr'><em>πράγμα-</em></span> 
     </span>
     <span class='ocr_line' id='line_1_11' title="bbox 253 888 1757 949; baseline 0.001 -19"><span class='ocrx_word' id='word_1_85' title='bbox 253 906 307 934; x_wconf 77' lang='grc' dir='ltr'><em>τα</em></span> <span class='ocrx_word' id='word_1_86' title='bbox 336 888 518 945; x_wconf 79' lang='grc' dir='ltr'><em>ἔφηναν,</em></span> <span class='ocrx_word' id='word_1_87' title='bbox 562 892 601 933; x_wconf 85' lang='grc' dir='ltr'><em>εἰ</em></span> <span class='ocrx_word' id='word_1_88' title='bbox 625 892 684 945; x_wconf 79' lang='grc' dir='ltr'><em>μή</em></span> <span class='ocrx_word' id='word_1_89' title='bbox 712 907 774 939; x_wconf 85' lang='grc' dir='ltr'><em>τις</em></span> <span class='ocrx_word' id='word_1_90' title='bbox 796 892 854 947; x_wconf 38' lang='grc' dir='ltr'><em>.τῇ</em></span> <span class='ocrx_word' id='word_1_91' title='bbox 883 890 1177 949; x_wconf 75' lang='grc' dir='ltr'><em>ου’ρανοσκόπῳ</em></span> <span class='ocrx_word' id='word_1_92' title='bbox 1205 890 1411 948; x_wconf 78' lang='grc' dir='ltr'><em>ἐπιστήμῃ</em></span> <span class='ocrx_word' id='word_1_93' title='bbox 1439 893 1686 945; x_wconf 70' lang='grc' dir='ltr'><em>προσκείμε-</em></span> <span class='ocrx_word' id='word_1_94' title='bbox 1706 911 1757 938; x_wconf 71' lang='lat'><em>10</em></span> 
     </span>
     <span class='ocr_line' id='line_1_12' title="bbox 254 954 1689 1011; baseline 0.001 -14"><span class='ocrx_word' id='word_1_95' title='bbox 254 971 321 1004; x_wconf 89' lang='grc' dir='ltr'><em>νος</em></span> <span class='ocrx_word' id='word_1_96' title='bbox 350 954 409 1011; x_wconf 76' lang='grc' dir='ltr'><em>μη</em></span> <span class='ocrx_word' id='word_1_97' title='bbox 441 954 679 998; x_wconf 79' lang='grc' dir='ltr'><em>παντάπασι</em></span> <span class='ocrx_word' id='word_1_98' title='bbox 709 958 963 1010; x_wconf 76' lang='grc' dir='ltr'><em>διεψεῦσθαι</em></span> <span class='ocrx_word' id='word_1_99' title='bbox 991 958 1156 998; x_wconf 72' lang='grc' dir='ltr'><em>τουτονὶ</em></span> <span class='ocrx_word' id='word_1_100' title='bbox 1173 959 1418 998; x_wconf 79' lang='grc' dir='ltr'><em>διατείνοιτο</em></span> <span class='ocrx_word' id='word_1_101' title='bbox 1442 960 1516 998; x_wconf 76' lang='grc' dir='ltr'><strong><em>καί</em></strong></span> <span class='ocrx_word' id='word_1_102' title='bbox 1539 955 1589 998; x_wconf 81' lang='grc' dir='ltr'><em>τὰ</em></span> <span class='ocrx_word' id='word_1_103' title='bbox 1619 959 1689 1011; x_wconf 82' lang='grc' dir='ltr'><em>τῆς</em></span> 
     </span>
     <span class='ocr_line' id='line_1_13' title="bbox 254 1020 1689 1078; baseline 0.002 -17"><span class='ocrx_word' id='word_1_104' title='bbox 254 1023 400 1076; x_wconf 77' lang='grc' dir='ltr'><em>τέχνης</em></span> <span class='ocrx_word' id='word_1_105' title='bbox 435 1020 494 1076; x_wconf 73' lang='grc' dir='ltr'><em>μη</em></span> <span class='ocrx_word' id='word_1_106' title='bbox 541 1021 726 1064; x_wconf 75' lang='grc' dir='ltr'><em>καθόλου</em></span> <span class='ocrx_word' id='word_1_107' title='bbox 766 1024 996 1075; x_wconf 83' lang='grc' dir='ltr'><em>διαπεσεῖν,</em></span> <span class='ocrx_word' id='word_1_108' title='bbox 1039 1023 1098 1070; x_wconf 87' lang='grc' dir='ltr'><em>εἰς</em></span> <span class='ocrx_word' id='word_1_109' title='bbox 1128 1021 1201 1076; x_wconf 68' lang='grc' dir='ltr'><em>τήν</em></span> <span class='ocrx_word' id='word_1_110' title='bbox 1227 1024 1304 1063; x_wconf 81' lang='grc' dir='ltr'><em>τοῦ</em></span> <span class='ocrx_word' id='word_1_111' title='bbox 1331 1024 1481 1075; x_wconf 75' lang='grc' dir='ltr'><em>Βρανοῖ</em></span> <span class='ocrx_word' id='word_1_112' title='bbox 1506 1020 1689 1078; x_wconf 73' lang='grc' dir='ltr'><em>κεφαλὴν</em></span> 
     </span>
     <span class='ocr_line' id='line_1_14' title="bbox 252 1085 1688 1142; baseline 0.001 -15"><span class='ocrx_word' id='word_1_113' title='bbox 252 1086 439 1140; x_wconf 71' lang='grc' dir='ltr'><em>μετάγων</em></span> <span class='ocrx_word' id='word_1_114' title='bbox 466 1085 516 1128; x_wconf 75' lang='grc' dir='ltr'><em>τὰ</em></span> <span class='ocrx_word' id='word_1_115' title='bbox 557 1088 847 1142; x_wconf 77' lang='grc' dir='ltr'><em>προρρηθέντα</em></span> <span class='ocrx_word' id='word_1_116' title='bbox 890 1090 963 1128; x_wconf 83' lang='grc' dir='ltr'>καί</span> <span class='ocrx_word' id='word_1_117' title='bbox 988 1086 1057 1128; x_wconf 82' lang='grc' dir='ltr'><em>τὸν</em></span> <span class='ocrx_word' id='word_1_118' title='bbox 1087 1090 1223 1142; x_wconf 75' lang='grc' dir='ltr'><em>ἕτερον</em></span> <span class='ocrx_word' id='word_1_119' title='bbox 1256 1086 1387 1128; x_wconf 76' lang='grc' dir='ltr'><em>αὐτοῦ</em></span> <span class='ocrx_word' id='word_1_120' title='bbox 1417 1089 1499 1128; x_wconf 89' lang='grc' dir='ltr'><em>τῶν</em></span> <span class='ocrx_word' id='word_1_121' title='bbox 1527 1088 1688 1141; x_wconf 81' lang='grc' dir='ltr'><em>ποδῶν,</em></span> 
     </span>
     <span class='ocr_line' id='line_1_15' title="bbox 256 1147 1689 1214; baseline 0.002 -23"><span class='ocrx_word' id='word_1_122' title='bbox 256 1147 361 1205; x_wconf 78' lang='grc' dir='ltr'><em>ἅπερ</em></span> <span class='ocrx_word' id='word_1_123' title='bbox 379 1153 452 1205; x_wconf 81' lang='grc' dir='ltr'><em>τῆς</em></span> <span class='ocrx_word' id='word_1_124' title='bbox 480 1149 638 1206; x_wconf 74' lang='grc' dir='ltr'><em>ἡμέρας</em></span> <span class='ocrx_word' id='word_1_125' title='bbox 656 1154 812 1206; x_wconf 71' lang='grc' dir='ltr'><em>ἐκείνης</em></span> <span class='ocrx_word' id='word_1_126' title='bbox 841 1152 910 1193; x_wconf 77' lang='grc' dir='ltr'><em>διὰ</em></span> <span class='ocrx_word' id='word_1_127' title='bbox 935 1154 1008 1207; x_wconf 81' lang='grc' dir='ltr'><em>τῆς</em></span> <span class='ocrx_word' id='word_1_128' title='bbox 1036 1153 1192 1214; x_wconf 71' lang='grc' dir='ltr'><em>ιῖγορᾷς</em></span> <span class='ocrx_word' id='word_1_129' title='bbox 1208 1153 1570 1211; x_wconf 77' lang='grc' dir='ltr'><em>ἔμπεπερονημένα</em></span> <span class='ocrx_word' id='word_1_130' title='bbox 1597 1167 1689 1194; x_wconf 87' lang='grc' dir='ltr'><em>κον-</em></span> 
     </span>
     <span class='ocr_line' id='line_1_16' title="bbox 254 1215 1758 1273; baseline 0.004 -18"><span class='ocrx_word' id='word_1_131' title='bbox 254 1221 340 1264; x_wconf 85' lang='grc' dir='ltr'><em>τοῖς</em></span> <span class='ocrx_word' id='word_1_132' title='bbox 369 1215 704 1269; x_wconf 86' lang='grc' dir='ltr'><em>διεπόμπευσαν,</em></span> <span class='ocrx_word' id='word_1_133' title='bbox 733 1216 812 1259; x_wconf 83' lang='grc' dir='ltr'><em>σύν</em></span> <span class='ocrx_word' id='word_1_134' title='bbox 841 1218 947 1273; x_wconf 75' lang='grc' dir='ltr'><em>αὐτῇ</em></span> <span class='ocrx_word' id='word_1_135' title='bbox 975 1219 1022 1259; x_wconf 82' lang='grc' dir='ltr'><em>δὲ</em></span> <span class='ocrx_word' id='word_1_136' title='bbox 1050 1219 1123 1259; x_wconf 87' lang='grc' dir='ltr'><strong><em>καί</em></strong></span> <span class='ocrx_word' id='word_1_137' title='bbox 1146 1216 1307 1273; x_wconf 83' lang='grc' dir='ltr'><em>κεφαλή</em></span> <span class='ocrx_word' id='word_1_138' title='bbox 1337 1233 1445 1266; x_wconf 89' lang='grc' dir='ltr'><em>τινος</em></span> <span class='ocrx_word' id='word_1_139' title='bbox 1478 1216 1688 1272; x_wconf 73' lang='grc' dir='ltr'><em>α’γοραίου,</em></span> <span class='ocrx_word' id='word_1_140' title='bbox 1709 1222 1758 1262; x_wconf 80' lang='lat'><em>15</em></span> 
     </span>
     <span class='ocr_line' id='line_1_17' title="bbox 216 1279 1690 1337; baseline 0.001 -15"><span class='ocrx_word' id='word_1_141' title='bbox 216 1283 445 1335; x_wconf 83' lang='grc' dir='ltr'><em>ΒΠοιητοῦ</em></span> <span class='ocrx_word' id='word_1_142' title='bbox 471 1284 718 1335; x_wconf 74' lang='grc' dir='ltr'><em>λεγομένου,</em></span> <span class='ocrx_word' id='word_1_143' title='bbox 747 1281 796 1336; x_wconf 69' lang='grc' dir='ltr'><em>ἣν</em></span> <span class='ocrx_word' id='word_1_144' title='bbox 832 1282 1008 1335; x_wconf 83' lang='grc' dir='ltr'><em>οὗδεμιά</em></span> <span class='ocrx_word' id='word_1_145' title='bbox 1036 1286 1213 1335; x_wconf 80' lang='grc' dir='ltr'><em>πολεμία</em></span> <span class='ocrx_word' id='word_1_146' title='bbox 1239 1283 1333 1337; x_wconf 72' lang='grc' dir='ltr'><em>χείρ</em></span> <span class='ocrx_word' id='word_1_147' title='bbox 1364 1284 1583 1337; x_wconf 68' lang='grc' dir='ltr'><em>α’φείλετο,</em></span> <span class='ocrx_word' id='word_1_148' title='bbox 1612 1279 1690 1324; x_wconf 73' lang='grc' dir='ltr'><em>αὖ·</em></span> 
     </span>
     <span class='ocr_line' id='line_1_18' title="bbox 255 1344 1690 1403; baseline 0.003 -17"><span class='ocrx_word' id='word_1_149' title='bbox 255 1344 326 1395; x_wconf 82' lang='grc' dir='ltr'><em>τός</em></span> <span class='ocrx_word' id='word_1_150' title='bbox 363 1348 411 1390; x_wconf 84' lang='grc' dir='ltr'><em>δὲ</em></span> <span class='ocrx_word' id='word_1_151' title='bbox 449 1346 649 1400; x_wconf 79' lang='grc' dir='ltr'><em>βασιλεύς</em></span> <span class='ocrx_word' id='word_1_152' title='bbox 690 1346 793 1399; x_wconf 78' lang='grc' dir='ltr'><em>μετα</em></span> <span class='ocrx_word' id='word_1_153' title='bbox 840 1346 914 1403; x_wconf 77' lang='grc' dir='ltr'><em>τήν</em></span> <span class='ocrx_word' id='word_1_154' title='bbox 941 1347 1138 1402; x_wconf 73' lang='grc' dir='ltr'><em>λαμπράν</em></span> <span class='ocrx_word' id='word_1_155' title='bbox 1182 1349 1342 1402; x_wconf 75' lang='grc' dir='ltr'><em>ἐκείνην</em></span> <span class='ocrx_word' id='word_1_156' title='bbox 1371 1350 1486 1402; x_wconf 75' lang='grc' dir='ltr'><em>νίκην</em></span> <span class='ocrx_word' id='word_1_157' title='bbox 1513 1347 1585 1389; x_wconf 72' lang='grc' dir='ltr'><em>καὶ</em></span> <span class='ocrx_word' id='word_1_158' title='bbox 1614 1347 1690 1403; x_wconf 78' lang='grc' dir='ltr'><em>τἠν</em></span> 
     </span>
     <span class='ocr_line' id='line_1_19' title="bbox 254 1412 1690 1468; baseline 0.001 -16"><span class='ocrx_word' id='word_1_159' title='bbox 254 1412 334 1452; x_wconf 78' lang='grc' dir='ltr'><em>τῶν</em></span> <span class='ocrx_word' id='word_1_160' title='bbox 366 1413 563 1454; x_wconf 80' lang='grc' dir='ltr'><em>ἐναντίων</em></span> <span class='ocrx_word' id='word_1_161' title='bbox 607 1415 939 1467; x_wconf 81' lang='grc' dir='ltr'><em>καταπολέμησιν</em></span> <span class='ocrx_word' id='word_1_162' title='bbox 990 1413 1289 1468; x_wconf 77' lang='grc' dir='ltr'><em>ἀποτμηθῆναι</em></span> <span class='ocrx_word' id='word_1_163' title='bbox 1311 1414 1586 1467; x_wconf 80' lang='grc' dir='ltr'><em>προσέταξεν,</em></span> <span class='ocrx_word' id='word_1_164' title='bbox 1615 1415 1690 1454; x_wconf 66' lang='grc' dir='ltr'><em>οῦκ</em></span> 
     </span>
     <span class='ocr_line' id='line_1_20' title="bbox 254 1473 1190 1533; baseline 0.003 -17"><span class='ocrx_word' id='word_1_165' title='bbox 254 1473 331 1517; x_wconf 82' lang='grc' dir='ltr'><em>οἶδ’</em></span> <span class='ocrx_word' id='word_1_166' title='bbox 358 1475 423 1533; x_wconf 81' lang='grc' dir='ltr'><em>ἔφ’</em></span> <span class='ocrx_word' id='word_1_167' title='bbox 450 1473 528 1533; x_wconf 76' lang='grc' dir='ltr'><em>ὅτῳ</em></span> <span class='ocrx_word' id='word_1_168' title='bbox 562 1481 793 1520; x_wconf 78' lang='grc' dir='ltr'><em>συνοίσοντι</em></span> <span class='ocrx_word' id='word_1_169' title='bbox 825 1475 854 1532; x_wconf 77' lang='grc' dir='ltr'><strong><em>ἦ</em></strong></span> <span class='ocrx_word' id='word_1_170' title='bbox 883 1480 1190 1532; x_wconf 79' lang='grc' dir='ltr'><em>κατορθώματι.</em></span> 
     </span>
     <span class='ocr_line' id='line_1_21' title="bbox 362 1540 1756 1598; baseline 0.002 -14"><span class='ocrx_word' id='word_1_171' title='bbox 362 1559 406 1598; x_wconf 85' lang='grc'><em>9.</em></span> <span class='ocrx_word' id='word_1_172' title='bbox 465 1542 559 1585; x_wconf 80' lang='grc' dir='ltr'><em>Καὶ</em></span> <span class='ocrx_word' id='word_1_173' title='bbox 594 1545 753 1585; x_wconf 80' lang='grc' dir='ltr'><em>τοιοῦτο</em></span> <span class='ocrx_word' id='word_1_174' title='bbox 791 1546 869 1596; x_wconf 79' lang='grc' dir='ltr'><em>μὲν</em></span> <span class='ocrx_word' id='word_1_175' title='bbox 896 1543 917 1585; x_wconf 83' lang='grc' dir='ltr'><em>ὃ</em></span> <span class='ocrx_word' id='word_1_176' title='bbox 948 1542 1041 1586; x_wconf 84' lang='grc' dir='ltr'><em>τότε</em></span> <span class='ocrx_word' id='word_1_177' title='bbox 1074 1543 1185 1597; x_wconf 77' lang='grc' dir='ltr'><em>ἀγών</em></span> <span class='ocrx_word' id='word_1_178' title='bbox 1212 1541 1358 1598; x_wconf 83' lang='grc' dir='ltr'><em>εἴληφε</em></span> <span class='ocrx_word' id='word_1_179' title='bbox 1385 1546 1534 1598; x_wconf 79' lang='grc' dir='ltr'><em>πέρας,</em></span> <span class='ocrx_word' id='word_1_180' title='bbox 1563 1540 1690 1594; x_wconf 73' lang='grc' dir='ltr'><em>αύτός</em></span> <span class='ocrx_word' id='word_1_181' title='bbox 1702 1561 1756 1587; x_wconf 84' lang='lat'><em>20</em></span> 
     </span>
     <span class='ocr_line' id='line_1_22' title="bbox 255 1605 1690 1664; baseline 0.002 -16"><span class='ocrx_word' id='word_1_182' title='bbox 255 1609 293 1648; x_wconf 87' lang='grc' dir='ltr'><em>δ’</em></span> <span class='ocrx_word' id='word_1_183' title='bbox 342 1606 363 1648; x_wconf 79' lang='grc' dir='ltr'><em>ὅ</em></span> <span class='ocrx_word' id='word_1_184' title='bbox 402 1607 600 1661; x_wconf 82' lang='grc' dir='ltr'><em>βασιλεύς</em></span> <span class='ocrx_word' id='word_1_185' title='bbox 639 1609 895 1663; x_wconf 85' lang='grc' dir='ltr'><em>τραπόμενος</em></span> <span class='ocrx_word' id='word_1_186' title='bbox 933 1610 991 1658; x_wconf 85' lang='grc' dir='ltr'><em>εἰς</em></span> <span class='ocrx_word' id='word_1_187' title='bbox 1017 1605 1203 1651; x_wconf 72' lang='grc' dir='ltr'><em>ἑστίασιν</em></span> <span class='ocrx_word' id='word_1_188' title='bbox 1230 1611 1370 1651; x_wconf 77' lang='grc' dir='ltr'><em>πᾶσαν</em></span> <span class='ocrx_word' id='word_1_189' title='bbox 1397 1610 1479 1651; x_wconf 84' lang='grc' dir='ltr'><em>τῶν</em></span> <span class='ocrx_word' id='word_1_190' title='bbox 1509 1610 1690 1664; x_wconf 74' lang='grc' dir='ltr'><em>α’ρχείων</em></span> 
     </span>
     <span class='ocr_line' id='line_1_23' title="bbox 254 1670 1691 1730; baseline 0.001 -16"><span class='ocrx_word' id='word_1_191' title='bbox 254 1673 380 1729; x_wconf 75' lang='grc' dir='ltr'><em>α’νῆκε</em></span> <span class='ocrx_word' id='word_1_192' title='bbox 410 1670 544 1728; x_wconf 80' lang='grc' dir='ltr'><em>πύλην</em></span> <span class='ocrx_word' id='word_1_193' title='bbox 577 1670 742 1715; x_wconf 78' lang='grc' dir='ltr'><em>αὔλειον</em></span> <span class='ocrx_word' id='word_1_194' title='bbox 787 1676 860 1716; x_wconf 85' lang='grc' dir='ltr'>καί</span> <span class='ocrx_word' id='word_1_195' title='bbox 886 1672 1134 1728; x_wconf 80' lang='grc' dir='ltr'><em>παράθυρον</em></span> <span class='ocrx_word' id='word_1_196' title='bbox 1163 1672 1430 1730; x_wconf 80' lang='grc' dir='ltr'><em>προσκήνιον,</em></span> <span class='ocrx_word' id='word_1_197' title='bbox 1460 1671 1566 1717; x_wconf 73' lang='grc' dir='ltr'><em>(ὅστε</em></span> <span class='ocrx_word' id='word_1_198' title='bbox 1593 1674 1691 1724; x_wconf 85' lang='grc' dir='ltr'><em>τούς</em></span> 
     </span>
    </p>
   </div>
   <div class='ocr_carea' id='block_1_3' title="bbox 347 1795 1691 2029">
    <p class='ocr_par' dir='ltr' id='par_1_3' title="bbox 347 1795 1691 2029">
     <span class='ocr_line' id='line_1_24' title="bbox 347 1795 1687 1841; baseline 0.001 -12"><span class='ocrx_word' id='word_1_199' title='bbox 347 1796 377 1829; x_wconf 81' lang='lat'><em>3.</em></span> <span class='ocrx_word' id='word_1_200' title='bbox 406 1795 687 1841; x_wconf 80' lang='grc' dir='ltr'><em>τεκμηράμενος</em></span> <span class='ocrx_word' id='word_1_201' title='bbox 714 1797 753 1829; x_wconf 88' lang='lat' dir='ltr'><em>A.</em></span> <span class='ocrx_word' id='word_1_202' title='bbox 850 1807 879 1840; x_wconf 79' lang='lat'><em>7.</em></span> <span class='ocrx_word' id='word_1_203' title='bbox 907 1796 1107 1841; x_wconf 78' lang='grc' dir='ltr'><em>μυθίζεται</em></span> <span class='ocrx_word' id='word_1_204' title='bbox 1132 1797 1170 1829; x_wconf 85' lang='grc' dir='ltr'><em>Α.</em></span> <span class='ocrx_word' id='word_1_205' title='bbox 1243 1798 1274 1831; x_wconf 86' lang='grc'><em>8.</em></span> <span class='ocrx_word' id='word_1_206' title='bbox 1302 1796 1429 1830; x_wconf 74' lang='grc' dir='ltr'><em>ὁπόσα</em></span> <span class='ocrx_word' id='word_1_207' title='bbox 1452 1797 1575 1831; x_wconf 80' lang='grc' dir='ltr'><em>εἰπεῖν</em></span> <span class='ocrx_word' id='word_1_208' title='bbox 1601 1798 1622 1840; x_wconf 71' lang='grc' dir='ltr'><em>η’</em></span> <span class='ocrx_word' id='word_1_209' title='bbox 1650 1798 1687 1831; x_wconf 84' lang='grc' dir='ltr'><em>Α.</em></span> 
     </span>
     <span class='ocr_line' id='line_1_25' title="bbox 351 1839 1691 1890; baseline 0.002 -16"><span class='ocrx_word' id='word_1_210' title='bbox 351 1853 401 1875; x_wconf 77' lang='grc' dir='ltr'><em>ιο.</em></span> <span class='ocrx_word' id='word_1_211' title='bbox 425 1841 574 1886; x_wconf 81' lang='grc' dir='ltr'><em>ἔφαναν</em></span> <span class='ocrx_word' id='word_1_212' title='bbox 597 1842 635 1874; x_wconf 90' lang='grc' dir='ltr'><em>Α.</em></span> <span class='ocrx_word' id='word_1_213' title='bbox 762 1841 810 1874; x_wconf 84' lang='grc' dir='ltr'><em>ι3.</em></span> <span class='ocrx_word' id='word_1_214' title='bbox 834 1839 901 1878; x_wconf 81' lang='grc' dir='ltr'><em>τὸν</em></span> <span class='ocrx_word' id='word_1_215' title='bbox 923 1842 1065 1890; x_wconf 77' lang='grc' dir='ltr'><em>ἕτερον]</em></span> <span class='ocrx_word' id='word_1_216' title='bbox 1094 1840 1160 1877; x_wconf 84' lang='grc' dir='ltr'><em>τὸν</em></span> <span class='ocrx_word' id='word_1_217' title='bbox 1185 1840 1310 1882; x_wconf 80' lang='grc' dir='ltr'><em>δεξιόν</em></span> <span class='ocrx_word' id='word_1_218' title='bbox 1337 1845 1370 1876; x_wconf 89' lang='grc' dir='ltr'><em>Β.</em></span> <span class='ocrx_word' id='word_1_219' title='bbox 1496 1845 1545 1888; x_wconf 72' lang='grc'><em>14.</em></span> <span class='ocrx_word' id='word_1_220' title='bbox 1578 1844 1691 1890; x_wconf 73' lang='grc' dir='ltr'><em>ἐμπε-</em></span> 
     </span>
     <span class='ocr_line' id='line_1_26' title="bbox 347 1887 1691 1936; baseline 0.002 -15"><span class='ocrx_word' id='word_1_221' title='bbox 347 1889 524 1932; x_wconf 74' lang='grc' dir='ltr'><em>παρμένα</em></span> <span class='ocrx_word' id='word_1_222' title='bbox 554 1887 716 1933; x_wconf 84' lang='grc' dir='ltr'><em>δόρασιν</em></span> <span class='ocrx_word' id='word_1_223' title='bbox 738 1889 777 1921; x_wconf 81' lang='grc' dir='ltr'><em>Α.</em></span> <span class='ocrx_word' id='word_1_224' title='bbox 926 1890 976 1923; x_wconf 80' lang='grc'><em>15.</em></span> <span class='ocrx_word' id='word_1_225' title='bbox 1001 1889 1291 1935; x_wconf 74' lang='grc' dir='ltr'><em>ἐνεπόμπευσαν</em></span> <span class='ocrx_word' id='word_1_226' title='bbox 1317 1890 1355 1923; x_wconf 88' lang='grc' dir='ltr'><em>Α.</em></span> <span class='ocrx_word' id='word_1_227' title='bbox 1475 1902 1576 1927; x_wconf 73' lang='grc' dir='ltr'><em>τινος</em></span> <span class='ocrx_word' id='word_1_228' title='bbox 1601 1889 1691 1936; x_wconf 69' lang='grc' dir='ltr'><em>αἰγο-</em></span> 
     </span>
     <span class='ocr_line' id='line_1_27' title="bbox 347 1931 1690 1983; baseline 0.002 -16"><span class='ocrx_word' id='word_1_229' title='bbox 347 1933 470 1980; x_wconf 62' lang='lat' dir='ltr'>caton}</span> <span class='ocrx_word' id='word_1_230' title='bbox 498 1931 583 1972; x_wconf 79' lang='grc' dir='ltr'><em>ἑνός</em></span> <span class='ocrx_word' id='word_1_231' title='bbox 610 1934 902 1981; x_wconf 76' lang='grc' dir='ltr'><em>πραγματευτοῦ</em></span> <span class='ocrx_word' id='word_1_232' title='bbox 926 1935 962 1967; x_wconf 90' lang='lat' dir='ltr'><em>B.</em></span> <span class='ocrx_word' id='word_1_233' title='bbox 1105 1947 1155 1980; x_wconf 86' lang='lat'><em>¹7·</em></span> <span class='ocrx_word' id='word_1_234' title='bbox 1183 1934 1238 1982; x_wconf 67' lang='grc' dir='ltr'><em>δὲ]</em></span> <span class='ocrx_word' id='word_1_235' title='bbox 1271 1935 1303 1968; x_wconf 84' lang='grc' dir='ltr'><em>δ’</em></span> <span class='ocrx_word' id='word_1_236' title='bbox 1335 1936 1353 1970; x_wconf 83' lang='grc' dir='ltr'>ὁ</span> <span class='ocrx_word' id='word_1_237' title='bbox 1382 1937 1421 1969; x_wconf 87' lang='lat' dir='ltr'><em>A.</em></span> <span class='ocrx_word' id='word_1_238' title='bbox 1580 1948 1628 1982; x_wconf 84' lang='lat'><em>¹9·</em></span> <span class='ocrx_word' id='word_1_239' title='bbox 1652 1934 1690 1983; x_wconf 75' lang='grc' dir='ltr'><em>ηἹ</em></span> 
     </span>
     <span class='ocr_line' id='line_1_28' title="bbox 349 1975 1642 2029; baseline 0.002 -15"><span class='ocrx_word' id='word_1_240' title='bbox 349 1979 371 2020; x_wconf 88' lang='grc' dir='ltr'><em>ἢ</em></span> <span class='ocrx_word' id='word_1_241' title='bbox 394 1975 557 2023; x_wconf 68' lang='grc' dir='ltr'><em>ὅποιωδῆ</em></span> <span class='ocrx_word' id='word_1_242' title='bbox 590 1982 627 2014; x_wconf 87' lang='lat' dir='ltr'><em>A.</em></span> <span class='ocrx_word' id='word_1_243' title='bbox 774 1991 830 2015; x_wconf 81' lang='lat'><em>21.</em></span> <span class='ocrx_word' id='word_1_244' title='bbox 854 1981 1104 2029; x_wconf 78' lang='grc' dir='ltr'><em>τραπόμενος]</em></span> <span class='ocrx_word' id='word_1_245' title='bbox 1132 1983 1184 2020; x_wconf 75' lang='grc' dir='ltr'><em>εἰς</em></span> <span class='ocrx_word' id='word_1_246' title='bbox 1206 1981 1394 2028; x_wconf 78' lang='grc' dir='ltr'><em>τράπεζαν</em></span> <span class='ocrx_word' id='word_1_247' title='bbox 1416 1985 1581 2021; x_wconf 62' lang='grc' dir='ltr'><em>καθίσας</em></span> <span class='ocrx_word' id='word_1_248' title='bbox 1606 1985 1642 2016; x_wconf 89' lang='grc' dir='ltr'><em>Β.</em></span> 
     </span>
    </p>
   </div>
   <div class='ocr_carea' id='block_1_4' title="bbox 255 2104 1691 2799">
    <p class='ocr_par' dir='ltr' id='par_1_4' title="bbox 255 2104 1691 2658">
     <span class='ocr_line' id='line_1_29' title="bbox 255 2104 1691 2150; baseline 0.002 -13"><span class='ocrx_word' id='word_1_249' title='bbox 255 2104 340 2137; x_wconf 78' lang='lat' dir='ltr'>tatis</span> <span class='ocrx_word' id='word_1_250' title='bbox 356 2104 531 2148; x_wconf 86' lang='lat' dir='ltr'>princeps.</span> <span class='ocrx_word' id='word_1_251' title='bbox 545 2104 713 2139; x_wconf 83' lang='lat' dir='ltr'>nimirum</span> <span class='ocrx_word' id='word_1_252' title='bbox 730 2104 896 2149; x_wconf 89' lang='lat' dir='ltr'>scrupulo</span> <span class='ocrx_word' id='word_1_253' title='bbox 912 2105 1033 2149; x_wconf 78' lang='lat' dir='ltr'>aliquo</span> <span class='ocrx_word' id='word_1_254' title='bbox 1049 2106 1286 2139; x_wconf 85' lang='lat' dir='ltr'>minutissimo</span> <span class='ocrx_word' id='word_1_255' title='bbox 1302 2104 1471 2150; x_wconf 81' lang='lat' dir='ltr'>deceptus</span> <span class='ocrx_word' id='word_1_256' title='bbox 1484 2105 1521 2138; x_wconf 89' lang='lat' dir='ltr'>in</span> <span class='ocrx_word' id='word_1_257' title='bbox 1533 2108 1691 2140; x_wconf 78' lang='lat' dir='ltr'>tentorio</span> 
     </span>
     <span class='ocr_line' id='line_1_30' title="bbox 255 2149 1691 2194; baseline 0.001 -11"><span class='ocrx_word' id='word_1_258' title='bbox 255 2155 445 2190; x_wconf 79' lang='lat' dir='ltr'><strong>manserat,</strong></span> <span class='ocrx_word' id='word_1_259' title='bbox 462 2149 603 2183; x_wconf 81' lang='lat' dir='ltr'><strong>hostem</strong></span> <span class='ocrx_word' id='word_1_260' title='bbox 626 2151 850 2194; x_wconf 76' lang='lat' dir='ltr'>ingruentem</span> <span class='ocrx_word' id='word_1_261' title='bbox 868 2151 962 2184; x_wconf 88' lang='lat' dir='ltr'>nihil</span> <span class='ocrx_word' id='word_1_262' title='bbox 979 2152 1117 2184; x_wconf 84' lang='lat' dir='ltr'>timens.</span> <span class='ocrx_word' id='word_1_263' title='bbox 1141 2151 1324 2184; x_wconf 81' lang='lat' dir='ltr'>ferebatur</span> <span class='ocrx_word' id='word_1_264' title='bbox 1347 2157 1463 2184; x_wconf 89' lang='lat' dir='ltr'>autem</span> <span class='ocrx_word' id='word_1_265' title='bbox 1483 2152 1618 2185; x_wconf 77' lang='lat' dir='ltr'>Branae</span> <span class='ocrx_word' id='word_1_266' title='bbox 1646 2163 1691 2186; x_wconf 78' lang='lat' dir='ltr'><em>ex</em></span> 
     </span>
     <span class='ocr_line' id='line_1_31' title="bbox 256 2195 1690 2241; baseline 0.003 -13"><span class='ocrx_word' id='word_1_267' title='bbox 256 2196 344 2229; x_wconf 85' lang='lat' dir='ltr'>artis</span> <span class='ocrx_word' id='word_1_268' title='bbox 379 2195 628 2229; x_wconf 86' lang='lat' dir='ltr'>observatione</span> <span class='ocrx_word' id='word_1_269' title='bbox 665 2197 886 2241; x_wconf 83' lang='lat' dir='ltr'><strong>praedixisse</strong></span> <span class='ocrx_word' id='word_1_270' title='bbox 910 2198 986 2230; x_wconf 83' lang='lat' dir='ltr'>fore</span> <span class='ocrx_word' id='word_1_271' title='bbox 1024 2203 1064 2231; x_wconf 89' lang='lat' dir='ltr'><em>ut</em></span> <span class='ocrx_word' id='word_1_272' title='bbox 1088 2209 1129 2230; x_wconf 92' lang='lat' dir='ltr'><em>eo</em></span> <span class='ocrx_word' id='word_1_273' title='bbox 1155 2198 1213 2230; x_wconf 89' lang='lat' dir='ltr'>die</span> <span class='ocrx_word' id='word_1_274' title='bbox 1238 2197 1362 2230; x_wconf 88' lang='lat' dir='ltr'>urbem</span> <span class='ocrx_word' id='word_1_275' title='bbox 1390 2198 1636 2241; x_wconf 80' lang='lat' dir='ltr'>ingrederetur</span> <span class='ocrx_word' id='word_1_276' title='bbox 1653 2206 1690 2233; x_wconf 83' lang='lat' dir='ltr'><em>et</em></span> 
     </span>
     <span class='ocr_line' id='line_1_32' title="bbox 256 2243 1689 2289; baseline 0.003 -15"><span class='ocrx_word' id='word_1_277' title='bbox 256 2253 383 2286; x_wconf 82' lang='lat' dir='ltr'>magno</span> <span class='ocrx_word' id='word_1_278' title='bbox 409 2253 487 2274; x_wconf 87' lang='lat' dir='ltr'><em>cum</em></span> <span class='ocrx_word' id='word_1_279' title='bbox 523 2243 714 2286; x_wconf 85' lang='lat' dir='ltr'>splendore</span> <span class='ocrx_word' id='word_1_280' title='bbox 741 2244 987 2288; x_wconf 80' lang='lat' dir='ltr'>triumpharet.</span> <span class='ocrx_word' id='word_1_281' title='bbox 1022 2244 1120 2289; x_wconf 86' lang='lat' dir='ltr'>quod</span> <span class='ocrx_word' id='word_1_282' title='bbox 1144 2250 1261 2276; x_wconf 84' lang='lat' dir='ltr'>utrum</span> <span class='ocrx_word' id='word_1_283' title='bbox 1285 2243 1417 2277; x_wconf 86' lang='lat' dir='ltr'>dixerit</span> <span class='ocrx_word' id='word_1_284' title='bbox 1441 2254 1572 2285; x_wconf 83' lang='lat' dir='ltr'>necne,</span> <span class='ocrx_word' id='word_1_285' title='bbox 1597 2245 1689 2279; x_wconf 78' lang='lat' dir='ltr'>affir-</span> 
     </span>
     <span class='ocr_line' id='line_1_33' title="bbox 256 2290 1689 2333; baseline 0.001 -11"><span class='ocrx_word' id='word_1_286' title='bbox 256 2299 354 2322; x_wconf 79' lang='lat' dir='ltr'>mare</span> <span class='ocrx_word' id='word_1_287' title='bbox 381 2300 451 2320; x_wconf 86' lang='lat' dir='ltr'><em>non</em></span> <span class='ocrx_word' id='word_1_288' title='bbox 477 2299 645 2332; x_wconf 86' lang='lat' dir='ltr'>possum:</span> <span class='ocrx_word' id='word_1_289' title='bbox 676 2290 761 2322; x_wconf 86' lang='lat' dir='ltr'>novi</span> <span class='ocrx_word' id='word_1_290' title='bbox 794 2292 888 2323; x_wconf 84' lang='lat' dir='ltr'>enim</span> <span class='ocrx_word' id='word_1_291' title='bbox 923 2291 1037 2322; x_wconf 78' lang='lat' dir='ltr'>famae</span> <span class='ocrx_word' id='word_1_292' title='bbox 1069 2301 1142 2324; x_wconf 86' lang='lat' dir='ltr'><em>non</em></span> <span class='ocrx_word' id='word_1_293' title='bbox 1168 2300 1306 2333; x_wconf 88' lang='lat' dir='ltr'>semper</span> <span class='ocrx_word' id='word_1_294' title='bbox 1333 2290 1370 2322; x_wconf 89' lang='lat' dir='ltr'>in</span> <span class='ocrx_word' id='word_1_295' title='bbox 1394 2290 1602 2324; x_wconf 87' lang='lat' dir='ltr'>huiusmodi</span> <span class='ocrx_word' id='word_1_296' title='bbox 1628 2303 1689 2324; x_wconf 75' lang='lat' dir='ltr'>ru-</span> 
     </span>
     <span class='ocr_line' id='line_1_34' title="bbox 256 2334 1688 2380; baseline 0.003 -12"><span class='ocrx_word' id='word_1_297' title='bbox 256 2334 417 2368; x_wconf 82' lang='lat' dir='ltr'>moribus</span> <span class='ocrx_word' id='word_1_298' title='bbox 442 2334 547 2366; x_wconf 80' lang='lat' dir='ltr'><em>fidem</em></span> <span class='ocrx_word' id='word_1_299' title='bbox 572 2335 774 2368; x_wconf 84' lang='lat' dir='ltr'>habendam</span> <span class='ocrx_word' id='word_1_300' title='bbox 805 2347 890 2369; x_wconf 87' lang='lat' dir='ltr'>esse.</span> <span class='ocrx_word' id='word_1_301' title='bbox 918 2336 981 2369; x_wconf 89' lang='lat' dir='ltr'><em>sed</em></span> <span class='ocrx_word' id='word_1_302' title='bbox 1006 2337 1035 2369; x_wconf 89' lang='lat' dir='ltr'>si</span> <span class='ocrx_word' id='word_1_303' title='bbox 1059 2337 1122 2369; x_wconf 86' lang='lat' dir='ltr'>illa</span> <span class='ocrx_word' id='word_1_304' title='bbox 1150 2336 1243 2368; x_wconf 79' lang='lat' dir='ltr'>dixit</span> <span class='ocrx_word' id='word_1_305' title='bbox 1266 2347 1357 2380; x_wconf 81' lang='lat' dir='ltr'>quae</span> <span class='ocrx_word' id='word_1_306' title='bbox 1382 2336 1566 2378; x_wconf 82' lang='lat' dir='ltr'>feruntur,</span> <span class='ocrx_word' id='word_1_307' title='bbox 1589 2342 1688 2372; x_wconf 79' lang='lat' dir='ltr'>vates</span> 
     </span>
     <span class='ocr_line' id='line_1_35' title="bbox 258 2380 1689 2427; baseline 0.001 -13"><span class='ocrx_word' id='word_1_308' title='bbox 258 2382 387 2426; x_wconf 83' lang='lat' dir='ltr'>utique</span> <span class='ocrx_word' id='word_1_309' title='bbox 415 2380 584 2425; x_wconf 88' lang='lat' dir='ltr'>deceptus</span> <span class='ocrx_word' id='word_1_310' title='bbox 609 2386 682 2422; x_wconf 87' lang='lat' dir='ltr'>est,</span> <span class='ocrx_word' id='word_1_311' title='bbox 717 2387 758 2415; x_wconf 83' lang='lat' dir='ltr'><em>ut</em></span> <span class='ocrx_word' id='word_1_312' title='bbox 790 2394 844 2415; x_wconf 86' lang='lat' dir='ltr'>res</span> <span class='ocrx_word' id='word_1_313' title='bbox 871 2383 947 2427; x_wconf 84' lang='lat' dir='ltr'>ipsa</span> <span class='ocrx_word' id='word_1_314' title='bbox 977 2382 1192 2422; x_wconf 83' lang='lat' dir='ltr'>declaravit,</span> <span class='ocrx_word' id='word_1_315' title='bbox 1216 2382 1285 2414; x_wconf 85' lang='lat' dir='ltr'>nisi</span> <span class='ocrx_word' id='word_1_316' title='bbox 1311 2382 1391 2426; x_wconf 88' lang='lat' dir='ltr'>quis</span> <span class='ocrx_word' id='word_1_317' title='bbox 1418 2382 1512 2416; x_wconf 87' lang='lat' dir='ltr'>forte</span> <span class='ocrx_word' id='word_1_318' title='bbox 1536 2383 1689 2417; x_wconf 70' lang='lat' dir='ltr'>astrolo-</span> 
     </span>
     <span class='ocr_line' id='line_1_36' title="bbox 259 2426 1689 2473; baseline 0.003 -14"><span class='ocrx_word' id='word_1_319' title='bbox 259 2428 338 2472; x_wconf 80' lang='lat' dir='ltr'>giae</span> <span class='ocrx_word' id='word_1_320' title='bbox 372 2426 516 2460; x_wconf 82' lang='lat' dir='ltr'>deditus</span> <span class='ocrx_word' id='word_1_321' title='bbox 560 2438 641 2460; x_wconf 90' lang='lat' dir='ltr'><em>eum</em></span> <span class='ocrx_word' id='word_1_322' title='bbox 668 2438 741 2461; x_wconf 91' lang='lat' dir='ltr'><em>non</em></span> <span class='ocrx_word' id='word_1_323' title='bbox 773 2440 917 2473; x_wconf 82' lang='lat' dir='ltr'>prorsus</span> <span class='ocrx_word' id='word_1_324' title='bbox 948 2428 1131 2462; x_wconf 75' lang='lat' dir='ltr'>aberrasse</span> <span class='ocrx_word' id='word_1_325' title='bbox 1163 2439 1229 2461; x_wconf 87' lang='lat' dir='ltr'><em>nec</em></span> <span class='ocrx_word' id='word_1_326' title='bbox 1255 2433 1365 2460; x_wconf 81' lang='lat' dir='ltr'>artem</span> <span class='ocrx_word' id='word_1_327' title='bbox 1394 2429 1540 2462; x_wconf 87' lang='lat' dir='ltr'>omnino</span> <span class='ocrx_word' id='word_1_328' title='bbox 1561 2441 1689 2464; x_wconf 84' lang='lat' dir='ltr'>vanam</span> 
     </span>
     <span class='ocr_line' id='line_1_37' title="bbox 258 2473 1689 2520; baseline 0.001 -12"><span class='ocrx_word' id='word_1_329' title='bbox 258 2485 337 2508; x_wconf 82' lang='lat' dir='ltr'>esse</span> <span class='ocrx_word' id='word_1_330' title='bbox 359 2478 550 2518; x_wconf 82' lang='lat' dir='ltr'>propterea</span> <span class='ocrx_word' id='word_1_331' title='bbox 574 2474 785 2515; x_wconf 84' lang='lat' dir='ltr'>contendat,</span> <span class='ocrx_word' id='word_1_332' title='bbox 811 2475 909 2520; x_wconf 86' lang='lat' dir='ltr'>quod</span> <span class='ocrx_word' id='word_1_333' title='bbox 932 2480 1040 2519; x_wconf 84' lang='lat' dir='ltr'>caput</span> <span class='ocrx_word' id='word_1_334' title='bbox 1066 2475 1141 2507; x_wconf 85' lang='lat' dir='ltr'>eius</span> <span class='ocrx_word' id='word_1_335' title='bbox 1172 2479 1208 2507; x_wconf 89' lang='lat' dir='ltr'><em>et</em></span> <span class='ocrx_word' id='word_1_336' title='bbox 1235 2473 1360 2507; x_wconf 85' lang='lat' dir='ltr'>dexter</span> <span class='ocrx_word' id='word_1_337' title='bbox 1381 2486 1443 2519; x_wconf 84' lang='lat' dir='ltr'><em>pes</em></span> <span class='ocrx_word' id='word_1_338' title='bbox 1472 2486 1514 2508; x_wconf 91' lang='lat' dir='ltr'><em>eo</em></span> <span class='ocrx_word' id='word_1_339' title='bbox 1541 2475 1600 2509; x_wconf 86' lang='lat' dir='ltr'>die</span> <span class='ocrx_word' id='word_1_340' title='bbox 1623 2476 1689 2510; x_wconf 81' lang='lat' dir='ltr'><em>ha—</em></span> 
     </span>
     <span class='ocr_line' id='line_1_38' title="bbox 259 2519 1689 2565; baseline 0.002 -11"><span class='ocrx_word' id='word_1_341' title='bbox 259 2521 324 2554; x_wconf 79' lang='lat' dir='ltr'>stis</span> <span class='ocrx_word' id='word_1_342' title='bbox 352 2519 452 2553; x_wconf 77' lang='lat' dir='ltr'>affixa</span> <span class='ocrx_word' id='word_1_343' title='bbox 474 2530 540 2564; x_wconf 88' lang='lat' dir='ltr'>per</span> <span class='ocrx_word' id='word_1_344' title='bbox 566 2520 680 2553; x_wconf 85' lang='lat' dir='ltr'>forum</span> <span class='ocrx_word' id='word_1_345' title='bbox 707 2520 871 2554; x_wconf 82' lang='lat' dir='ltr'>traducta</span> <span class='ocrx_word' id='word_1_346' title='bbox 894 2527 999 2561; x_wconf 86' lang='lat' dir='ltr'>sunt,</span> <span class='ocrx_word' id='word_1_347' title='bbox 1032 2531 1176 2565; x_wconf 83' lang='lat' dir='ltr'>unaque</span> <span class='ocrx_word' id='word_1_348' title='bbox 1200 2526 1307 2565; x_wconf 82' lang='lat' dir='ltr'>caput</span> <span class='ocrx_word' id='word_1_349' title='bbox 1332 2521 1604 2557; x_wconf 83' lang='lat' dir='ltr'>circumforanei</span> <span class='ocrx_word' id='word_1_350' title='bbox 1626 2534 1689 2556; x_wconf 81' lang='lat' dir='ltr'><em>cu—</em></span> 
     </span>
     <span class='ocr_line' id='line_1_39' title="bbox 259 2563 1687 2613; baseline 0.003 -14"><span class='ocrx_word' id='word_1_351' title='bbox 259 2566 411 2607; x_wconf 87' lang='lat' dir='ltr'>iusdam,</span> <span class='ocrx_word' id='word_1_352' title='bbox 438 2567 502 2611; x_wconf 88' lang='lat' dir='ltr'>qui</span> <span class='ocrx_word' id='word_1_353' title='bbox 522 2563 631 2600; x_wconf 80' lang='lat' dir='ltr'>Poeta</span> <span class='ocrx_word' id='word_1_354' title='bbox 659 2566 863 2607; x_wconf 82' lang='lat' dir='ltr'>dicebatur,</span> <span class='ocrx_word' id='word_1_355' title='bbox 887 2578 959 2600; x_wconf 88' lang='lat' dir='ltr'><em>non</em></span> <span class='ocrx_word' id='word_1_356' title='bbox 984 2567 1023 2600; x_wconf 89' lang='lat' dir='ltr'>in</span> <span class='ocrx_word' id='word_1_357' title='bbox 1050 2567 1147 2600; x_wconf 88' lang='lat' dir='ltr'>bello</span> <span class='ocrx_word' id='word_1_358' title='bbox 1174 2567 1289 2607; x_wconf 84' lang='lat' dir='ltr'>caesi,</span> <span class='ocrx_word' id='word_1_359' title='bbox 1316 2567 1379 2600; x_wconf 87' lang='lat' dir='ltr'><em>sed</em></span> <span class='ocrx_word' id='word_1_360' title='bbox 1404 2574 1487 2613; x_wconf 84' lang='lat' dir='ltr'>post</span> <span class='ocrx_word' id='word_1_361' title='bbox 1510 2568 1687 2603; x_wconf 78' lang='lat' dir='ltr'>illustrem</span> 
     </span>
     <span class='ocr_line' id='line_1_40' title="bbox 260 2613 1620 2658; baseline 0.001 -11"><span class='ocrx_word' id='word_1_362' title='bbox 260 2613 359 2647; x_wconf 81' lang='lat' dir='ltr'>illam</span> <span class='ocrx_word' id='word_1_363' title='bbox 381 2613 567 2647; x_wconf 80' lang='lat' dir='ltr'>victoriam</span> <span class='ocrx_word' id='word_1_364' title='bbox 591 2613 689 2645; x_wconf 87' lang='lat' dir='ltr'>iussu</span> <span class='ocrx_word' id='word_1_365' title='bbox 719 2613 966 2658; x_wconf 81' lang='lat' dir='ltr'>imperatoris,</span> <span class='ocrx_word' id='word_1_366' title='bbox 994 2613 1091 2646; x_wconf 85' lang='lat' dir='ltr'>haud</span> <span class='ocrx_word' id='word_1_367' title='bbox 1116 2614 1189 2646; x_wconf 85' lang='lat' dir='ltr'>scio</span> <span class='ocrx_word' id='word_1_368' title='bbox 1215 2624 1286 2658; x_wconf 89' lang='lat' dir='ltr'><em>quo</em></span> <span class='ocrx_word' id='word_1_369' title='bbox 1315 2614 1404 2655; x_wconf 79' lang='lat' dir='ltr'>fine,</span> <span class='ocrx_word' id='word_1_370' title='bbox 1428 2615 1620 2648; x_wconf 81' lang='lat' dir='ltr'>interfecti.</span> 
     </span>
    </p>

    <p class='ocr_par' dir='ltr' id='par_1_5' title="bbox 260 2658 1688 2799">
     <span class='ocr_line' id='line_1_41' title="bbox 351 2658 1686 2704; baseline 0.002 -12"><span class='ocrx_word' id='word_1_371' title='bbox 351 2672 382 2704; x_wconf 88' lang='lat'><em>9.</em></span> <span class='ocrx_word' id='word_1_372' title='bbox 430 2659 480 2692; x_wconf 91' lang='lat' dir='ltr'><em>Eo</em></span> <span class='ocrx_word' id='word_1_373' title='bbox 509 2659 608 2692; x_wconf 86' lang='lat' dir='ltr'>bello</span> <span class='ocrx_word' id='word_1_374' title='bbox 646 2658 740 2692; x_wconf 86' lang='lat' dir='ltr'><em>hunc</em></span> <span class='ocrx_word' id='word_1_375' title='bbox 777 2660 910 2693; x_wconf 79' lang='lat' dir='ltr'>exitum</span> <span class='ocrx_word' id='word_1_376' title='bbox 940 2661 1086 2700; x_wconf 87' lang='lat' dir='ltr'>sortito,</span> <span class='ocrx_word' id='word_1_377' title='bbox 1112 2661 1305 2704; x_wconf 84' lang='lat' dir='ltr'>imperator</span> <span class='ocrx_word' id='word_1_378' title='bbox 1329 2661 1490 2693; x_wconf 84' lang='lat' dir='ltr'>convivio</span> <span class='ocrx_word' id='word_1_379' title='bbox 1514 2662 1686 2695; x_wconf 81' lang='lat' dir='ltr'>instructo</span> 
     </span>
     <span class='ocr_line' id='line_1_42' title="bbox 260 2706 1688 2752; baseline 0.002 -15"><span class='ocrx_word' id='word_1_380' title='bbox 260 2716 382 2739; x_wconf 87' lang='lat' dir='ltr'>omnes</span> <span class='ocrx_word' id='word_1_381' title='bbox 407 2706 510 2740; x_wconf 79' lang='lat' dir='ltr'>aulae</span> <span class='ocrx_word' id='word_1_382' title='bbox 544 2711 662 2750; x_wconf 80' lang='lat' dir='ltr'>portas</span> <span class='ocrx_word' id='word_1_383' title='bbox 686 2707 844 2750; x_wconf 83' lang='lat' dir='ltr'>aperuit,</span> <span class='ocrx_word' id='word_1_384' title='bbox 873 2712 913 2739; x_wconf 80' lang='lat' dir='ltr'><em>ut</em></span> <span class='ocrx_word' id='word_1_385' title='bbox 935 2707 1048 2739; x_wconf 88' lang='lat' dir='ltr'>victor</span> <span class='ocrx_word' id='word_1_386' title='bbox 1092 2716 1111 2738; x_wconf 86' lang='lat' dir='ltr'>a</span> <span class='ocrx_word' id='word_1_387' title='bbox 1135 2706 1320 2751; x_wconf 84' lang='lat' dir='ltr'>quibusvis</span> <span class='ocrx_word' id='word_1_388' title='bbox 1345 2708 1628 2752; x_wconf 80' lang='lat' dir='ltr'>conspiceretur3</span> <span class='ocrx_word' id='word_1_389' title='bbox 1652 2713 1688 2740; x_wconf 83' lang='lat' dir='ltr'><em>et</em></span> 
     </span>
     <span class='ocr_line' id='line_1_43' title="bbox 260 2752 1688 2799; baseline 0.001 -14"><span class='ocrx_word' id='word_1_390' title='bbox 260 2764 340 2787; x_wconf 79' lang='lat' dir='ltr'><em>cum</em></span> <span class='ocrx_word' id='word_1_391' title='bbox 366 2763 490 2789; x_wconf 80' lang='lat' dir='ltr'>manus</span> <span class='ocrx_word' id='word_1_392' title='bbox 516 2752 631 2799; x_wconf 85' lang='lat' dir='ltr'>epulis</span> <span class='ocrx_word' id='word_1_393' title='bbox 657 2752 862 2787; x_wconf 79' lang='lat' dir='ltr'>admoturus</span> <span class='ocrx_word' id='word_1_394' title='bbox 893 2758 1003 2792; x_wconf 84' lang='lat' dir='ltr'>esset,</span> <span class='ocrx_word' id='word_1_395' title='bbox 1030 2753 1202 2787; x_wconf 81' lang='lat' dir='ltr'>ferculum</span> <span class='ocrx_word' id='word_1_396' title='bbox 1232 2753 1328 2786; x_wconf 83' lang='lat' dir='ltr'>haud</span> <span class='ocrx_word' id='word_1_397' title='bbox 1354 2765 1438 2796; x_wconf 84' lang='lat' dir='ltr'>sanc</span> <span class='ocrx_word' id='word_1_398' title='bbox 1462 2753 1628 2788; x_wconf 85' lang='lat' dir='ltr'>decorum</span> <span class='ocrx_word' id='word_1_399' title='bbox 1653 2758 1688 2786; x_wconf 76' lang='lat' dir='ltr'><em>et</em></span> 
     </span>
    </p>
   </div>
  </div>
 </body>
</html>
