1878 3230
243 133 347 199 542
661 149 887 192 Nmss'mss
933 149 1245 192 cnomATAE

240 251 345 300 υἱεῖς
374 253 505 293 αϋτοῦ
534 249 830 303 διεπράξαντο,
861 246 924 289 ὅτι
953 252 1024 290 καί
1052 250 1123 304 τῆς
1153 251 1286 304 α’ρχῆς
1308 250 1381 306 ὑφ’
1411 251 1496 303 ἑνὸς
1535 256 1673 299 αιῖηὸν

238 319 316 357 τοῦ
350 318 611 358 Κοπαττίνου
640 311 1005 368 οἷπεσκορακισται·
1065 314 1102 356 οἱ
1133 317 1178 357 δὲ
1218 316 1390 369 Τοῧρκοι
1418 317 1469 359 τὰ
1497 320 1580 362 τῶν
1602 321 1674 377 κή-

238 398 326 422 πων
348 379 617 428 ὖπεισδύντες
643 377 925 436 ταφρεύματά
953 395 997 422 τε
1025 379 1098 421 καί
1123 379 1222 428 τούς
1246 380 1485 436 διώρυχας,
1514 384 1556 426 οἳ
1577 401 1675 429 συν-

239 450 348 497 εχεῖς
388 445 472 486 εἰσί
509 443 606 497 περὶ
634 443 679 485 τό
713 441 913 498 Ἰκόνιον,
942 447 1014 487 καί
1040 445 1137 493 τοὺς
1177 447 1221 486 ἐκ
1262 446 1393 488 λίθων
1429 448 1676 503 περιβόλους

237 509 294 557 ὥς
322 509 439 563 ἕρκος
467 508 828 563 περιβαλλόμενοι,
850 511 896 551 ἐκ
921 511 1080 552 τούτων
1110 506 1236 567 ᾤοντο
1265 513 1504 567 ἐπισχήσειν
1530 513 1605 568 τὴν
1634 516 1714 564 ἒςὸ

235 574 411 619 Ἰκόνιον
438 572 624 629 πάροδον
654 576 735 616 τῶν
765 576 1036 628 Ἀλαμανῶν,
1064 572 1130 618 οἷα
1157 574 1321 627 τοξόται
1357 578 1509 628 πάντες
1539 580 1676 635 κράτι-

238 657 332 683 στοι
354 642 451 695 περὶ
477 642 551 682 ἕνα
576 641 718 695 χῶρον
755 642 1072 695 συνηλισμένοι,
1103 644 1175 683 καί
1201 641 1302 697 πρὸς
1330 642 1466 693 ἱππεῖς
1494 643 1677 701 ὄπλοφό-

239 721 338 760 ρους
367 708 412 748 ἐν
441 707 701 761 δυσχωρίαις
738 708 892 761 κοῦφοι
934 706 1270 760 διαμιλλώμενοι.
1328 710 1420 750 ἀλλ’
1459 712 1519 758 εἰς
1560 709 1678 754 κενόν

235 772 307 813 καί
331 770 427 813 τότε
467 772 590 827 σφίσι
629 770 680 814 τοὶ
722 769 947 825 διαβούλια
988 770 1187 825 ἔσχασαν.
1242 773 1280 815 οἱ
1325 773 1404 829 γάρ
1433 776 1680 829 ’Ἀλαμανοί

107 845 221 880 {1265
238 836 493 890 θεασάμενοι
519 835 618 887 τούς
656 835 865 891 Τούρκους
894 835 968 886 τοὶς
1002 854 1084 879 των
1120 835 1262 892 κήπων
1303 839 1568 889 ὖπεισιόντας
1607 839 1741 886 oei-1⁰

234 901 394 955 μασιὰς
421 902 492 944 καί
516 918 573 951 ως
603 902 681 958 ἀφ’
708 899 959 958 ὅρμητηρίου
984 900 1092 953 τινὸς
1118 905 1277 946 ἐκεῖθεν
1306 903 1546 954 τοξεύοντας
1574 904 1676 948 τάδε

233 971 418 1010 ἐποίουν·
477 984 544 1010 επι
579 967 625 1009 τὸ
654 969 801 1010 οικεῖον
839 984 981 1024 οχημα
1025 985 1108 1010 των
1145 968 1302 1012 ἱππέων
1340 971 1512 1020 ἕκαστος
1550 971 1675 1036 πεζὸν

234 1035 489 1086 έπανέλαβεν
521 1031 715 1088 όπλίτην,
744 1034 816 1075 καί
834 1035 1008 1083 τούτους
1037 1035 1093 1084 ὥς
1122 1033 1192 1076 διὰ
1228 1037 1452 1089 βαθμίδων
1490 1052 1572 1078 των
1608 1038 1675 1078 ἳπ-

234 1115 324 1140 πων
354 1094 518 1140 ανωθεν
546 1099 627 1140 τῶν
655 1097 887 1153 περιβόλων
915 1102 1112 1153 θέιιενοι,
1142 1098 1244 1142 ἔιθα
1275 1101 1314 1142 οἱ
1352 1103 1530 1156 Τοῦρκοι
1556 1117 1678 1144 συνε-

234 1164 527 1218 σπειράθησαν
545 1196 558 1216 ,
596 1165 811 1219 διαφῆκαν
841 1167 1009 1207 ἐνθένδε
1038 1168 1160 1221 σφίσι
1205 1169 1544 1220 συμπλέκεσθαι,
1584 1170 1675 1209 ἐπε·
1694 1172 1740 1214 15

233 1230 418 1284 βοηθουν
442 1230 489 1271 δὲ
517 1228 590 1270 καί
617 1230 740 1270 αΰτοί
769 1230 814 1271 έν
842 1226 906 1279 οἷς
945 1232 1039 1284 ἐξῆν
1077 1231 1392 1282 διιππάζεσθαι.
1447 1231 1520 1273 καί
1560 1235 1678 1275 κακοὶ

233 1293 306 1336 καί
329 1294 421 1336 τότε
445 1297 578 1342 κακαῖς
607 1293 647 1335 οἱ
670 1297 839 1344 πλείους
866 1295 948 1336 τῶν
981 1295 1175 1350 Τούρκων
1202 1292 1430 1349 ιῖπιόλοντο,
1460 1296 1498 1338 οἳ
1531 1299 1578 1339 δὲ
1605 1300 1680 1340 καί

234 1360 534 1413 διασπαρέντες
562 1359 797 1414 ἐσώθησαν.
857 1362 924 1402 ἵνα
957 1362 1002 1404 δὲ
1031 1361 1104 1402 καί
1135 1366 1227 1410 ταῖς
1260 1361 1342 1403 α’πό
1384 1364 1469 1403 τῶν
1509 1364 1676 1417 ἐχθρῶν

234 1427 489 1481 μαρτυρίαις
519 1425 564 1468 τὸ
595 1428 755 1480 πλῆθος
782 1426 1093 1479 πιστωσώμεθα
1124 1430 1206 1468 τῶν
1246 1426 1473 1480 πεσόντων,
1516 1426 1676 1483 ἔφασκέ

234 1507 296 1539 τις
317 1487 614 1546 Ἰσμαηλίτης,
642 1490 686 1539 ὃς
711 1493 770 1549 τῷ
790 1494 954 1549 πολέμῳ
982 1491 1114 1549 τούτῳ
1146 1491 1489 1546 παρατετυχὴκει,
1517 1495 1572 1548 τῷ
1598 1495 1677 1545 βα·
1690 1513 1740 1542 20

198 1560 349 1600 Βσιλεῖ
370 1556 594 1613 προσρυείς
609 1558 848 1610 “Ρωμαίων,
872 1556 944 1612 την
970 1560 1124 1600 οἰκείαν
1143 1556 1420 1610 ἐπομνύμενος
1437 1559 1678 1611 θρησκείαν,

237 1624 473 1671 διακοσίους
503 1623 737 1677 α’ργυρέους
759 1623 1018 1664 καταθέσθαι
1047 1624 1256 1677 στατῆρας
1284 1623 1342 1670 εἰς
1366 1623 1579 1675 ε’κκόμισιν
1595 1623 1678 1664 τῶν

238 1689 391 1742 νεκρῶν
419 1687 462 1729 οἳ
485 1686 591 1729 κατὰ
625 1686 694 1730 τὸν
725 1689 853 1742 κῆπον
879 1684 1015 1729 αὕτοῦ
1041 1688 1358 1744 ἀπεσφάγησαν.
1418 1687 1454 1729 οὶ
1485 1690 1525 1728 δ’
1554 1688 1677 1730 Ἀλα-

330 1826 362 1850 2
385 1810 447 1861 τὰ]
478 1816 531 1851 εἰς
552 1813 597 1848 τοὶ
624 1818 698 1849 τῶν
721 1813 851 1856 κήπων
875 1815 1109 1852 εἰσελθόντες
1133 1815 1432 1871 περιᾳράγματα
1458 1817 1520 1847 καὶ
1554 1815 1606 1850 εἰς
1630 1826 1672 1846 τα

328 1862 515 1906 χαντάκιιῑ
539 1862 576 1894 Β.
633 1865 664 1897 3.
689 1873 800 1906 ταφρ.
827 1864 889 1894 και
916 1874 982 1899 τας
1005 1861 1037 1894 δ.
1053 1863 1093 1895 αἳ
1118 1864 1157 1895 A.
1202 1864 1235 1905 4.
1249 1861 1306 1908 ἐκ]
1333 1859 1395 1894 δια
1421 1863 1462 1894 Α.
1510 1871 1565 1892 2¹.
1580 1871 1676 1902 προ-

330 1910 432 1951 σρεὶς
457 1911 519 1941 καὶ
541 1906 607 1950 τὴν
633 1910 777 1941 οἰκείαν
805 1910 857 1945 εἰς
872 1906 987 1952 ὅοκον
1013 1910 1207 1953 ἐπιᾳέρων
1224 1912 1286 1951 θρ
1317 1910 1355 1942 Α.
1413 1918 1467 1939 22.
1499 1906 1676 1939 διακόσια

330 1953 462 1999 οἷσπρα
484 1955 522 1986 Β.
635 1954 782 2001 zaraa]
812 1940 1084 1999 καταβαλέσθαι
1111 1959 1148 1988 Α.
1268 1956 1322 1988 23.
1350 1953 1485 1999 κῆπον]
1503 1952 1673 1987 τόπονΑ.

240 2059 308 2091 filii
333 2060 388 2092 sui
412 2059 593 2101 fecissent,
620 2065 746 2105 utpote
771 2061 815 2093 ab
842 2071 913 2094 uno
942 2072 984 2094 ex
1008 2062 1053 2094 iis
1077 2061 1254 2105 Copatino
1280 2071 1386 2114 regno
1401 2059 1542 2104 pulsus:
1567 2059 1676 2091 'rm-ci

239 2116 324 2137 vero
353 2105 540 2139 hortorum
566 2108 752 2151 aggeribus
779 2114 815 2141 et
839 2108 968 2148 fossis,
995 2119 1087 2152 quae
1112 2108 1236 2140 crebra
1255 2112 1338 2139 sunt
1362 2107 1462 2138 iuxta
1491 2105 1674 2144 Iconium,

241 2152 441 2196 occupatis,
469 2158 505 2185 et
526 2155 689 2186 maceriis
715 2165 779 2199 pro
805 2166 906 2187 muro
930 2154 1095 2194 obiectis,
1117 2154 1395 2187 Alamannorum
1418 2162 1596 2184 accessum
1622 2151 1676 2183 fa·-

240 2198 310 2230 cile
334 2209 371 2230 se
399 2197 645 2242 prohibituros
673 2201 872 2244 putabant,
902 2212 980 2233 cum
1008 2211 1130 2232 omnes
1162 2199 1336 2244 sagittarii
1374 2198 1500 2242 optimi
1533 2202 1674 2238 essent,

246 2249 355 2288 atque
379 2255 451 2276 uno
476 2245 515 2278 in
537 2246 616 2278 loco
637 2246 796 2290 expediti
814 2258 892 2279 culn
915 2248 1027 2290 gravis
1054 2252 1251 2279 armaturae
1272 2245 1454 2289 equitibus
1472 2244 1675 2287 pugnaturi.

243 2289 306 2323 sed
325 2290 364 2322 id
379 2301 525 2335 quoque
539 2292 728 2324 consilium
753 2304 873 2325 eorum
890 2294 959 2325 fuit
974 2293 1122 2327 irritum.
1148 2303 1228 2325 nam
1241 2291 1428 2324 Alemanni
1444 2301 1522 2322 cum
1537 2290 1674 2322 'furcos

239 2341 344 2381 septa
369 2336 556 2370 hortorum
585 2338 704 2370 subire
721 2345 830 2384 atque
846 2339 931 2372 inde
957 2340 1054 2373 velut
1073 2350 1115 2372 ex
1137 2337 1412 2392 propugnaculis
1430 2337 1597 2380 sagittare
1621 2336 1681 2378 vi-v

241 2383 382 2423 ‹lei-ent,
397 2383 447 2415 sic
459 2384 630 2417 fecerunt.
650 2385 804 2430 quisque
818 2386 976 2430 peditem
995 2391 1168 2418 armatum
1189 2385 1227 2416 in
1246 2384 1329 2428 equi
1346 2383 1400 2415 sui
1417 2388 1554 2426 tergum
1577 2393 1680 2422 rece—v

242 2430 321 2473 pit,
349 2434 390 2462 ut
414 2439 458 2461 ex
484 2440 526 2462 eo
550 2435 734 2475 tanquam
750 2432 863 2472 scala,
884 2433 1038 2464 maceria
1062 2441 1265 2470 conscensa,
1291 2429 1486 2462 comminus
1512 2440 1588 2460 cum
1607 2428 1674 2462 ho-

243 2481 299 2508 ste
327 2475 626 2520 congrederetur3
654 2482 691 2509 et
718 2478 810 2522 ipsi,
847 2489 917 2522 qua
941 2479 1043 2522 equis
1077 2476 1226 2521 patebat
1259 2477 1350 2516 iter,
1390 2475 1672 2520 opitulabantur.

243 2523 296 2554 ita
320 2527 394 2555 tum
423 2533 568 2567 quoque
592 2500 700 2555 T⁷urci
725 2524 889 2568 plerique
918 2525 1003 2556 mali
1029 2524 1122 2555 male
1147 2523 1349 2568 perierunt3
1375 2522 1541 2554 nonnulli
1566 2522 1674 2554 etiam

244 2568 398 2612 dispersi
422 2570 505 2613 fuga
528 2569 679 2602 salutem
704 2571 922 2614 quaesivere.
964 2575 1005 2602 ut
1028 2575 1148 2602 autem
1175 2569 1371 2601 occisorum
1403 2568 1674 2601 multitudinem

245 2615 402 2648 hostium
431 2616 637 2650 testimonio
666 2616 935 2656 confirmemus,
970 2616 1151 2649 Ismaelita
1177 2615 1323 2660 quidam
1362 2615 1425 2659 qui
1466 2615 1499 2647 ei
1534 2624 1673 2659 pugnae

245 2662 483 2704 interfuerat,
508 2661 554 2695 nd
579 2662 829 2707 imperatorem
859 2642 1054 2707 proingus,
1078 2673 1143 2707 per
1176 2673 1274 2694 suam
1303 2661 1511 2706 religionem
1543 2660 1673 2693 iuravit

248 2718 284 2740 se
312 2707 484 2743 ducentos
509 2710 644 2754 argenti
669 2714 817 2743 stateres
842 2709 1117 2755 pollinctoribus
1140 2719 1354 2750 numerasse,
1379 2713 1420 2741 ut
1443 2707 1612 2743 cadavera
1629 2716 1672 2738 ex
