1838 3210
427 163 498 203 DE
535 161 792 204 MANUELE
834 160 1097 205 COMNENO
1134 166 1232 206 Lm.
1254 167 1308 206 v,
1481 137 1617 204 203*

162 262 231 305 διὰ
265 261 401 320 φόβου
446 266 519 305 καί
544 261 765 316 θαύματος
801 269 884 312 τοῖς
910 266 956 305 ἐκ
984 266 1068 306 τῶν
1105 264 1397 320 στρατοπέδων
1422 266 1598 323 ἀμφοῖν.

160 331 254 371 ἐπεὶ
280 331 326 372 δὲ
354 333 567 385 προῆλθον
595 329 653 378 ὥς
679 330 739 377 εἷς
757 331 1004 382 μεταίχμιον
1034 332 1107 371 καὶ
1131 331 1230 386 περὶ
1250 331 1516 387 μεσημβρίαν
1544 328 1597 387 ἧν

158 394 185 449 ἦ
214 395 348 450 ἡμέρα
387 397 461 437 καί
489 393 634 451 καιρὸς
659 393 795 437 ἐδόκει
836 394 1179 450 συρρήγνυσθαι,
1209 394 1232 437 ὅ
1259 399 1339 450 μὲν
1366 400 1597 440 Κοντοστέ-

164 476 296 515 φανος
310 466 395 510 τοῖς
411 463 458 503 ἐκ
474 462 613 512 δεξιοῦ
636 461 709 502 καί
733 463 859 501 λαιοῦ
882 463 1013 515 κέρως
1036 456 1213 515 ἄγχιστα
1230 466 1598 516 παρακολουθοῦσι

119 523 205 567 5τὰ
235 530 453 568 τελευταῖα
482 528 564 568 τῶν
593 525 819 580 βαρβάρων
855 525 1021 567 κόπτειν
1047 527 1202 582 ἐφῆκε,
1228 527 1414 580 μάλιστα
1435 529 1482 570 δὲ
1509 534 1596 577 τοῖς

153 589 433 641 ἱπποτοξόταις
453 590 571 644 θαμὰ
588 589 756 643 βάλλειν
772 589 1082 644 παρεκελεύετο.
1101 591 1250 641 σκοπὸς
1269 594 1315 634 δὲ
1332 589 1383 647 ἧν
1400 595 1594 635 ἐντεῦθεν

150 658 208 712 τῷ
250 658 466 713 στρατηγῷ
474 658 752 698 Ακατασείσειν
792 655 876 698 εἴτε
916 655 1001 710 μήν
1029 655 1269 712 ἐκκρούσειν
1308 660 1379 713 τῆς
1406 660 1630 713 συνεχεί-Ιὸ

152 737 204 770 ας
244 720 320 771 τας
344 720 582 770 Παιονικας
616 721 861 777 φάλαγγας·
917 720 1022 763 κατὰ
1059 721 1139 777 γὰρ
1168 722 1243 778 τὴν
1264 722 1492 779 Ὁμηρικήν
1520 727 1594 765 καί

150 786 242 828 τότε
267 788 496 842 παράταξιν
522 787 676 839 ,,ἆσπι“ς
705 783 847 828 ἀσπίδ’
876 785 1024 842 ἔρειδε,
1053 787 1183 842 κόρυς
1209 788 1361 844 κόρυν,
1393 790 1524 845 α’νὲρα
1553 793 1591 831 δ’

92 868 138 894 10
152 847 308 907 ‘21'17'92”
347 853 420 894 καί
456 851 552 902 ἴσας
591 849 705 906 εἶχον
741 850 780 894 οἱ
821 854 939 903 ἵπποι
968 851 1061 902 τὰς’
1083 853 1294 910 κεφαλάς,
1327 853 1470 910 ἔφριξε
1499 856 1534 896 δ’
1563 853 1589 910 ἦ

147 915 267 973 μα’χη
295 920 481 975 ἐγχείῃσι
514 920 836 973 φθισίμβροτος,
869 919 942 959 καί
969 917 1076 960 κατὰ
1107 917 1353 971 κινούμενον
1381 918 1586 975 δράκοντα

147 985 220 1025 καί
250 986 476 1040 φρίσσοντα
495 982 568 1033 τὰς
598 982 775 1039 φολίδας
803 982 1027 1035 ἐκύμαινον
1057 982 1095 1025 οἱ
1123 987 1305 1038 στρατοί.
1361 984 1382 1027 ὁ
1411 987 1458 1027 δὲ
1486 989 1586 1030 Διο-

145 1047 286 1098 νύσιος
313 1048 370 1098 ὥς
398 1054 533 1103 τεῖχος
551 1049 768 1090 α’τίνακτον
794 1047 1070 1102 προύβαινεν,
1099 1051 1143 1097 ἐς
1171 1049 1302 1091 αὐτόν
1315 1065 1361 1090 τε
1388 1049 1463 1092 τὸν
1475 1053 1583 1092 Κον-

144 1115 400 1170 τοστέφανον
427 1113 501 1156 καί
525 1112 571 1156 τὸ
602 1114 710 1170 ἀμφ’
735 1112 868 1156 αὕτὸν
889 1115 1131 1166 τεταγμένον
1152 1115 1350 1156 τιταίνων
1377 1114 1421 1156 τὸ
1452 1115 1582 1169 ἔγχος.

86 1179 202 1229 ιόὥς
229 1175 303 1221 οὖν
330 1181 523 1230 ἐδέξαντο
550 1180 698 1220 τοῦτον
719 1176 946 1231 Ῥωμαῖοι,
977 1179 1304 1232 διαδορατισμοὶ
1327 1182 1424 1235 παρ’
1458 1181 1584 1235 α’λλή-

143 1249 225 1286 λων
250 1239 358 1299 ἧσαν
376 1243 449 1287 καί
474 1244 658 1298 αἷθισμοί
687 1245 761 1285 καί
780 1241 1043 1296 dvm-‘hoaut
1067 1246 1194 1299 μέχρι
1219 1244 1358 1295 τινός·
1414 1246 1508 1288 ἐπεὶ
1535 1250 1582 1289 δὲ

141 1311 191 1352 τὰ
224 1311 380 1364 δόρατα
406 1308 596 1363 κατεάγει
626 1311 700 1351 καί
723 1303 774 1364 ἦν
798 1308 843 1351 τὸ
873 1308 1127 1363 μεταίχμιον
1154 1310 1494 1365 ἅποσχεδιασθὲν
1523 1313 1582 1362 εἰς

141 1375 340 1431 φραγμὸν
364 1381 453 1425 τοῖς
477 1378 558 1417 τῶν
585 1376 737 1417 κοντῶν
765 1378 1050 1428 στοιβασμοῖς,
1078 1374 1156 1424 τὰς
1183 1375 1397 1431 ἐπιμήκεις
1421 1379 1579 1419 ἐσέπει-
1594 1388 1620 1420 C

140 1458 192 1482 τα
219 1442 436 1496 μαχαίρας
463 1439 695 1483 ἐσπάσαντο
724 1441 797 1482 καί
824 1435 950 1489 αὖθις
978 1442 1255 1494 συμπεσόντες
1280 1440 1497 1497 ἐμάχοντο.
1525 1441 1581 1492 ὥς

77 1522 128 1548 20
141 1507 180 1547 δ’
202 1501 283 1561 ἤδη
311 1509 384 1548 καί
409 1501 538 1548 αὗται
557 1503 608 1547 τὰ
625 1505 814 1560 στόματα
840 1504 1143 1561 ἠμβλύνθησαν
1171 1506 1241 1548 διὰ
1269 1506 1316 1549 τὸ
1341 1509 1425 1550 τῶν
1450 1525 1580 1563 στρα-

138 1570 354 1624 τευμάτων
365 1571 604 1626 πάγχαλκον
621 1571 694 1613 καί
707 1573 971 1627 πανσίδηρον,
994 1571 1031 1614 οἱ
1044 1574 1124 1626 μὲν
1138 1572 1322 1622 Παίονες
1339 1575 1580 1629 η’μηχάνουν

139 1636 187 1678 τὸ
204 1637 284 1679 ἀπὸ
304 1639 439 1691 τοῦδε,
457 1639 664 1693 μηδαμῶς
692 1635 796 1679 κατά
815 1640 911 1679 νοῦν
935 1638 1103 1690 θέμενοι
1121 1636 1179 1687 ὥς
1207 1638 1399 1688 ἐπιόντας
1418 1639 1578 1690 αὐτοῦς

134 1702 330 1757 Ῥωμαῖοι
352 1705 551 1756 δέξονται,
566 1703 766 1756 Ῥωμαῖοι
793 1705 839 1746 δὲ
854 1701 961 1757 μετὰ
982 1708 1129 1758 χεῖρας
1143 1702 1218 1752 τοὶς
1238 1705 1284 1745 ἐκ
1309 1704 1488 1761 σιδήρου
1509 1721 1577 1747 κο-

229 1838 262 1869 9.
278 1823 404 1871 α’σπὶς]
426 1825 655 1869 σκουτᾶριον
674 1822 768 1870 μετὰ
783 1827 1021 1869 σκουταρίου,
1040 1824 1245 1868 κοντιέριον
1256 1823 1350 1871 μετὰ
1375 1830 1577 1873 κονταρίου

231 1874 295 1904 καὶ
319 1871 443 1915 ἄνδρα
463 1870 544 1917 μετ’
567 1871 706 1916 ιίνδρός
721 1873 756 1904 Β.
869 1883 919 1916 ¹7·
947 1867 990 1904 τὰ
1019 1871 1175 1919 δόρατα]
1203 1870 1247 1905 τὰ
1274 1872 1459 1917 :condona
1476 1875 1578 1914 ἐτζα-

229 1921 419 1960 κίσθησαν
459 1920 524 1952 καὶ
560 1918 604 1960 ἦν
638 1916 679 1952 τὰ
746 1920 833 1952 ἐσον
854 1919 1133 1964 γεγεμισμὲνον
1154 1923 1228 1951 τῶν
1256 1920 1516 1965 τζακισμιίιων
1540 1922 1575 1954 Β.

233 1967 284 2000 18·
309 1964 439 1999 ἔπειτα
462 1965 504 1998 A.
598 1964 655 1997 23.
678 1976 745 2002 τας
767 1965 810 1999 ἐκ
835 1964 924 2011 σιδ.]
953 1962 993 1998 τοὶ
1020 1965 1165 1999 τούτων
1188 1965 1414 1999 ἀπελατίκια
1435 1967 1472 1999 Β.

135 2065 294 2106 hebant,
319 2065 474 2099 sublime
499 2077 520 2099 a
545 2067 662 2100 ventis
688 2065 900 2111 agitabatur.
938 2071 1015 2100 erat
1036 2076 1078 2099 ea
1105 2066 1200 2100 acies
1224 2066 1372 2100 omnino
1396 2067 1574 2101 horrenda

134 2113 211 2145 visu
223 2137 233 2153 ,
262 2117 339 2145 tota
353 2113 528 2158 equestris
543 2120 580 2147 et
595 2113 748 2147 hastata.
771 2124 839 2146 nec
856 2113 924 2146 viri
949 2118 1088 2147 tantum
1104 2114 1210 2147 armis
1236 2114 1375 2158 egregie
1401 2113 1448 2147 ad
1462 2115 1577 2160 pedes

133 2170 247 2204 usque
265 2159 419 2201 muniti,
444 2159 508 2194 sed
533 2166 570 2194 et
596 2171 772 2206 equorum
794 2165 962 2205 pectora,
982 2166 1018 2193 et
1043 2161 1182 2194 frontes
1213 2161 1308 2194 ferro
1333 2166 1456 2194 contra
1481 2162 1576 2196 ictus

132 2205 374 2239 armabantur.
391 2206 437 2239 ad
459 2206 548 2240 haec
566 2218 741 2253 equorum
757 2206 921 2240 hinnitus
937 2218 1188 2252 armorumque
1211 2207 1330 2251 fulgor
1351 2207 1438 2242 solis
1462 2208 1574 2242 radiis

134 2252 375 2294 everberatus,
401 2259 443 2286 ut
458 2254 606 2299 propius
624 2260 771 2287 ventum
791 2259 857 2294 est,
875 2254 1020 2298 utrique
1039 2253 1214 2287 exercitui
1226 2254 1397 2287 maiorem
1417 2254 1574 2288 admira-

131 2299 268 2332 tionem
283 2305 320 2332 et
334 2305 506 2334 terrorem
523 2300 705 2334 afferebat.
719 2301 785 2334 sub
803 2299 991 2334 meridiem
1009 2301 1047 2333 in
1066 2300 1225 2334 medium
1247 2311 1463 2345 processere.
1477 2301 1574 2336 con-

131 2346 378 2391 tostephanus,
389 2346 454 2380 ubi
470 2353 611 2392 tempus
624 2348 740 2381 visum
761 2353 828 2388 est,
841 2347 958 2380 dextri
970 2352 1006 2380 et
1022 2347 1157 2380 sinistri
1172 2358 1283 2380 cornu
1300 2348 1435 2382 milites
1450 2349 1574 2393 proxi-

131 2403 209 2425 mos
224 2398 422 2426 extremum
438 2393 672 2427 harbarorum
695 2405 821 2439 agmen
840 2394 946 2427 iussit
966 2393 1127 2435 caedere,
1146 2394 1350 2438 sagittarios
1368 2406 1453 2428 vero
1468 2395 1573 2440 equi-

131 2439 238 2472 tesia
253 2440 378 2484 primis
393 2440 534 2474 crebras
550 2438 699 2486 sagittas
718 2446 758 2474 ut
771 2441 994 2474 coniicerent
1017 2439 1183 2474 hortatus
1205 2446 1270 2482 est,
1298 2451 1342 2474 eo
1362 2441 1515 2475 consilio
1531 2447 1571 2477 ut

131 2484 396 2520 Pannoniorum
429 2488 601 2521 continua
636 2487 795 2533 phalanx
827 2487 1093 2521 dissolveretur.
1123 2499 1206 2520 nam
1233 2493 1274 2520 ut
1303 2493 1413 2533 poeta
1447 2492 1571 2522 noster

132 2531 205 2572 ait,
228 2543 350 2572 „arma
374 2534 500 2576 armis,
524 2534 618 2579 pede
633 2546 697 2579 pes
720 2533 859 2575 haeret,
881 2534 1086 2578 densusque
1114 2534 1190 2567 viro
1219 2534 1309 2566 vir.“
1335 2535 1459 2568 iuncta
1484 2537 1568 2579 equi

133 2577 251 2622 capita
274 2577 473 2623 habebant3
501 2587 603 2615 atrox
625 2593 744 2627 pugna
767 2581 880 2614 hastis
904 2580 1092 2622 horrebat3
1130 2580 1244 2614 instar
1271 2580 1436 2614 draconis
1461 2591 1569 2625 squa-

133 2635 208 2656 mas
232 2625 431 2660 attollentis
458 2627 646 2662 undabant
670 2628 857 2661 exercitus.
920 2627 1115 2671 Dionysius
1142 2638 1226 2660 vero
1248 2627 1350 2661 velut
1376 2627 1483 2660 turris
1508 2627 1569 2659 firae

133 2670 291 2703 missima
304 2673 500 2716 procedens
523 2674 660 2709 hastam
685 2676 723 2708 in
738 2674 1070 2719 Contostephanum
1084 2678 1122 2706 et
1145 2674 1223 2707 eius
1238 2674 1433 2707 exercitum
1449 2672 1568 2706 vibra-

134 2716 208 2761 bat·
225 2715 287 2750 ubi
301 2717 347 2751 ad
360 2729 483 2754 manus
505 2727 649 2756 ventum
667 2727 731 2763 est,
746 2722 860 2767 primo
886 2721 997 2755 hastis
1014 2731 1088 2754 rem
1104 2726 1251 2764 gerunt,
1271 2725 1414 2765 urgent,
1438 2730 1559 2764 urgen-
