1878 3230
238 171 251 198 s·
275 150 383 221 672
693 161 921 203 memmi:
965 157 1272 201 cnomm-AE

276 266 347 308 δὸν
385 262 689 314 σκεδαννύμενα
731 257 1021 314 θανατηφόρον
1059 253 1166 312 ἦσαν
1189 256 1324 298 κακόν.
1381 256 1452 299 καί
1478 257 1619 306 νυκτὸς
1650 258 1697 299 δὲ

274 330 412 385 λάθρᾳ
454 328 529 368 τοῦ
569 325 774 380 ἐρύματος
815 322 990 374 ἐξιόντες
1032 320 1069 363 οἱ
1097 320 1305 376 βάρβαροι
1342 320 1414 369 τάς
1437 336 1482 362 τε
1509 321 1699 376 μηχανὰς

276 395 470 435 διέλυσαν
501 389 550 439 ἃς
578 388 649 431 ἐπὶ
677 391 758 431 τῶν
775 390 905 431 ἐκεῖσε
932 385 1126 443 γηλόφων
1153 387 1370 440 διέστησαν
1393 385 1602 438 Ῥωμαῖοι,
1630 385 1702 428 καὶ

239 458 319 502 Βτὸ
357 456 695 512 νυκτοφυλακοῧν
735 452 1061 508 διαθροήσαντες
1081 452 1328 508 ’στράτευμα
1365 453 1415 507 τῇ
1441 453 1515 492 τοῦ
1541 466 1701 505 πρωτο-

273 521 516 577 βεστιαριόυ
542 518 733 563 Ἰωάννου
764 520 891 575 σκηνῇ
920 520 1072 574 φεῦγον
1099 518 1402 569 ε’πικατέλαβον,
1432 516 1489 564 ὥς
1514 515 1588 557 καί
1605 517 1741 557 τοῦ-5

274 603 344 630 τον
369 588 661 641 θορυβηθέντα
693 584 972 637 ἑξαναστῆναί
997 598 1041 623 τε
1081 581 1229 623 αὐτίκα
1261 583 1337 622 τοῦ
1359 582 1527 634 λέχους,
1556 580 1612 629 ὥς
1638 577 1699 622 εἶ..

270 668 323 706 χε
364 649 715 706 καταδαρθάνων,
761 650 832 691 καί
868 649 1041 704 δρασμῷ
1082 645 1325 702 χρησασθαι
1362 648 1602 700 ω’ρακιῶντα
1632 645 1704 688 καὶ

271 715 354 759 ὑπὸ
385 719 505 765 δέους
529 713 798 770 βαλλόμενον.
858 714 1002 766 α’μέλει
1029 713 1102 754 καί
1130 710 1181 753 τὰ
1211 714 1254 754 ἐν
1286 713 1336 768 τῇ
1362 713 1491 767 σκηνῇ
1518 710 1704 764 διελόμε-

273 798 350 836 νοι,
378 783 423 824 έν
451 775 512 830 οἷς
539 776 592 835 ἦν
619 779 691 822 καί
714 779 764 822 τὰ
796 776 1032 833 βατράχεια
1061 775 1104 819 τὸ
1131 778 1284 831 χρῶμα
1314 778 1462 818 πέδιλα
1487 778 1562 817 τοῦ
1590 793 1703 830 πρω-

275 847 562 901 τοβεστιαρίου
577 877 590 898 ,
632 842 733 898 ὅλην
760 845 916 898 ἐκείνην
954 842 1030 897 την
1057 839 1182 884 νύκτα
1212 842 1255 883 έν
1278 844 1435 898 μωκείᾳ
1463 842 1536 882 καί
1559 842 1703 895 γέλωτι
1721 856 1770 889 iq

275 912 327 954 τοὶ
371 910 591 965 Ῥωμαίων
619 911 814 952 ἐτίθεσαν
849 908 1084 962 πράγματα.
1141 904 1203 948 ἔτι
1231 907 1277 947 δὲ
1304 908 1375 947 καί
1406 905 1526 948 οἴνων
1558 907 1704 959 δοχεΐα

274 977 558 1030 τυμπανοειδῆ
585 976 630 1017 ἐκ
657 973 792 1029 λόγων
841 972 1010 1015 διάκενα
1040 974 1321 1025 διαχαλῶντες
1349 966 1509 1013 ἄνωθεν
1535 974 1706 1022 ε’ξίστων

274 1045 332 1100 τῷ
362 1041 503 1098 δούπῳ
529 1040 575 1083 τὸ
605 1040 868 1096 στράτευμα,
913 1038 976 1094 μὴ
1009 1036 1120 1086 εἷδὸς
1149 1037 1205 1086 ὥς
1235 1039 1279 1079 ἐν
1309 1034 1446 1078 σκότει
1471 1035 1514 1078 τό
1543 1036 1705 1090 γινόμε-

274 1124 359 1150 νον.
411 1107 543 1163 ταύτῃ
571 1121 637 1148 τοι
665 1107 737 1147 καί
762 1104 961 1159 βασιλεῦς
987 1102 1039 1145 τοὶ
1071 1101 1174 1144 κατὰ
1206 1101 1360 1144 σκοπὸν
1388 1103 1467 1155 οὔχ
1495 1101 1605 1156 δρῶν
1634 1113 1707 1143 πε-

279 1172 529 1228 ραινόμενα,
579 1167 714 1220 ἄλλως
752 1186 794 1212 τε
821 1172 929 1225 μηδὲ
951 1171 1238 1224 χρονοτριβεῖν
1269 1169 1401 1210 ἐκεῖσε
1429 1170 1706 1225 προθέμενος,
1725 1166 1775 1213 15,

242 1241 322 1288 (Ζές
351 1235 575 1291 ξυμβάσεις
603 1237 811 1290 τρέπεται.
842 1237 918 1276 τοῦ
943 1249 989 1275 τε
1015 1228 1089 1274 οὖν
1107 1231 1335 1286 Προσάκου
1361 1231 1433 1274 καί
1457 1234 1531 1286 τῆς
1551 1234 1709 1285 Στρου-

277 1304 424 1357 μίτζης
457 1303 526 1342 καί
552 1301 632 1342 τῶν
657 1301 807 1355 χωρῶν
827 1300 909 1340 τῶν
934 1298 1053 1353 πέριξ
1082 1296 1241 1354 Χρόσῳ
1270 1296 1490 1349 ἐξίσταται,
1519 1296 1589 1338 καί
1607 1299 1711 1348 μίαν

278 1368 361 1409 τῶν
408 1368 452 1408 ἐκ
488 1366 561 1407 τοῦ
595 1366 739 1419 γένους
774 1363 1027 1406 συνευνάσαι
1069 1359 1108 1403 οἱ
1135 1363 1398 1415 συντίθεται,
1429 1361 1487 1416 μη
1516 1359 1712 1415 γυναικός

289 1433 538 1482 σπανίζοντι.
606 1430 751 1481 α’μέλει
792 1426 865 1469 καί
890 1427 1030 1469 εἰσιών
1063 1426 1107 1468 τὸ
1138 1425 1371 1478 Βυζάντιον
1398 1425 1473 1480 την
1502 1428 1579 1466 τοῦ
1598 1442 1710 1480 πρω-

283 1495 553 1550 τοστροίτορος
592 1496 806 1548 θυγατέρα
846 1495 921 1534 τοῦ
963 1494 1247 1540 συνοικοῦντος
1275 1491 1482 1541 Δοἷπ.·ἕζευξε
1499 1524 1512 1544 ‚
1558 1493 1629 1532 καί
1655 1492 1711 1547 τῷ
1724 1504 1779 1542 20⁴

282 1559 442 1618 Χρύσῳ
467 1558 622 1614 ταύτην
649 1560 907 1613 ἐκπέπομφε,
939 1555 1220 1613 νυμφαγωγὸν
1243 1555 1462 1605 ἀναδείξας
1488 1554 1560 1597 τὸν
1591 1559 1711 1610 σεβα-

283 1625 378 1669 στόν
411 1627 726 1667 Κωνσταντῖνον
755 1622 828 1665 τόν
850 1619 1077 1665 Ῥαδεινόν.
1135 1622 1410 1663 τελεσθέντων
1425 1622 1472 1662 δὲ
1500 1623 1581 1663 ταῖν
1607 1637 1711 1674 νυμ-

286 1690 512 1749 φευμάτων
527 1690 600 1732 καί
624 1689 694 1744 τῆς
720 1688 926 1743 γαμηλίου
954 1686 1091 1736 δαιτὸς
1118 1689 1424 1742 παρατεθείσης
1453 1685 1475 1727 ό
1502 1688 1580 1740 μὲν
1595 1683 1710 1741 Χρύ-

379 1818 410 1839 2.
436 1797 620 1852 μηχανιὶς]
645 1805 863 1848 τετραραίας
885 1804 921 1836 Β.
1066 1804 1097 1837 8.
1121 1801 1383 1847 παλλόμενονί>
1514 1815 1547 1846 9.
1576 1800 1619 1835 ui
1647 1805 1711 1845 βα-

375 1851 544 1899 τράχεια]
570 1850 615 1885 τοὶ
640 1852 811 1894 πράσινα
836 1848 1058 1897 ὕποδιίματα
1083 1850 1117 1881 Β.
1217 1860 1268 1883 ιι.
1296 1850 1360 1881 καὶ
1387 1847 1517 1894 οἴνων]
1538 1850 1600 1881 καὶ
1625 1852 1712 1892 βου-

375 1901 457 1939 τζία
481 1898 639 1942 εὔκαιρα
665 1897 799 1942 ἔχοντα
822 1898 959 1944 πέτρας
993 1895 1120 1936 ἐντός,
1146 1893 1258 1929 ἅτινα
1281 1896 1346 1928 καὶ
1375 1895 1579 1939 κυλιόμενα
1606 1894 1712 1928 ἐποι-

379 1947 500 1979 οὔσαν
525 1944 672 1978 κτύπον
691 1945 813 1989 μέγαν
835 1944 872 1975 Β.
1011 1952 1066 1976 21.
1103 1935 1380 1988 νυμφαγωγὸν]
1413 1941 1616 1976 ούνιεκνον
1648 1943 1712 1974 καὶ

377 1989 572 2037 πληρωτὴν
594 1992 664 2025 τοῦ
686 1990 811 2036 γάμου
836 1990 873 2022 Β.

293 2112 413 2146 sparsa
436 2100 616 2133 letiferum
635 2104 736 2133 erant
749 2099 891 2133 malum.
908 2104 945 2132 et
966 2097 1110 2132 barbari
1129 2103 1236 2131 noctu
1253 2098 1341 2131 clam
1368 2108 1387 2131 e
1412 2097 1559 2131 castello
1583 2098 1714 2142 egressi

293 2147 474 2180 machinas
504 2158 590 2191 quas
615 2147 762 2179 Romani
788 2146 825 2178 in
849 2145 995 2178 tumulis
1024 2145 1273 2188 disposuerant
1296 2145 1523 2184 deiecerunt,
1547 2149 1583 2177 et
1607 2155 1712 2176 excu-

292 2194 371 2226 bias
408 2193 549 2226 ten-itas
577 2193 622 2224 ad
655 2192 919 2236 protovestiarii
949 2191 1119 2223 Iohannis
1154 2191 1347 2223 tentorium
1380 2191 1556 2234 fugientes
1590 2189 1713 2234 adepti

293 2245 399 2279 sunt,
425 2244 466 2271 ut
497 2239 527 2271 is
560 2249 705 2283 quoque
731 2249 854 2271 somno
888 2249 1054 2270 excussus
1079 2237 1199 2270 statim
1224 2247 1242 2269 e
1271 2237 1363 2269 lecto
1391 2241 1553 2280 surgeret
1579 2241 1615 2268 et
1641 2242 1714 2269 tre-

291 2286 398 2331 pidus
427 2285 575 2327 fugeret.
602 2283 770 2328 praedam
794 2285 832 2316 in
858 2283 934 2316 eius
956 2283 1188 2315 tabernaculo
1211 2288 1386 2327 repertam
1409 2282 1555 2326 partiti,
1580 2282 1618 2314 in
1642 2293 1713 2327 qua

293 2333 402 2366 etiam
434 2330 565 2364 virides
602 2331 711 2362 calcei
738 2335 854 2370 erant,
888 2330 1028 2372 insigne
1052 2328 1236 2372 dignitatis
1264 2329 1382 2368 iliius,
1409 2339 1473 2372 per
1497 2332 1609 2361 totam
1635 2339 1713 2362 eam

291 2384 434 2413 noctem
458 2387 512 2409 res
537 2378 708 2408 Romanas
730 2376 930 2408 deriserunt
953 2381 988 2407 et
1010 2374 1283 2407 subsannatum.
1307 2379 1491 2418 praeterea
1515 2386 1626 2407 vacua
1648 2374 1715 2407 do-

291 2426 343 2458 lia
366 2421 588 2456 demittendo
607 2423 727 2455 sonitu
745 2422 959 2460 exercitum,
989 2421 1077 2465 quid
1103 2421 1154 2453 rei
1179 2426 1271 2452 esset
1294 2420 1331 2451 in
1359 2421 1517 2453 tenebris
1539 2422 1713 2465 ignarum,

291 2469 642 2516 perterrefaciebant.
666 2467 895 2512 quamobrem
928 2477 1006 2499 cum
1046 2467 1238 2510 imperator
1261 2476 1334 2498 non
1358 2466 1546 2499 succedere
1568 2467 1713 2500 institu-

292 2524 368 2551 tum
394 2527 494 2549 suum
525 2519 705 2554 cerneret,
744 2524 810 2545 nec
834 2513 970 2557 alioqui
999 2512 1134 2544 diutius
1160 2511 1338 2544 immorari
1364 2513 1628 2555 constituisset,
1650 2525 1715 2558 per

293 2563 477 2609 pactiones
500 2560 632 2605 Chryso
659 2559 865 2593 Strummiza
891 2564 927 2591 et
942 2559 1087 2591 Prosaco
1111 2558 1345 2602 finitimisque
1368 2559 1570 2603 regionibus
1599 2559 1714 2604 cedit3

295 2616 333 2643 et
356 2608 515 2653 quamvis
546 2618 689 2640 uxorem
727 2605 876 2637 habenti
913 2604 1091 2648 quandam
1121 2615 1162 2636 ex
1203 2605 1418 2646 cogitatione
1443 2617 1504 2638 sua
1529 2617 1566 2638 se
1592 2607 1624 2638 ei
1651 2606 1715 2639 de-

296 2665 505 2699 sponsurum
530 2653 717 2698 promittit.
764 2651 968 2695 Byzantium
987 2661 1146 2683 reversus
1173 2652 1440 2694 protostratoris
1463 2651 1571 2684 filiam
1596 2663 1616 2684 a
1640 2664 1715 2685 ma-

296 2703 365 2736 rito
389 2702 584 2734 seiunctam
611 2699 741 2743 Chryso
780 2709 845 2743 per
869 2697 1056 2731 Sebastum
1083 2697 1353 2731 Constantinum
1380 2697 1607 2732 Rhadaenum
1631 2698 1715 2733 mit--
