1878 3230
342 162 452 237 872
715 177 919 220 worm
960 174 1370 221 ANNo‘rArioNEs

334 295 409 321 nec
446 278 673 320 mehercule
711 279 798 319 sine
843 292 976 320 causa.
1010 291 1104 318 nam
1134 291 1180 317 ex
1207 276 1460 318 affectatione
1487 277 1620 318 nescio
1645 280 1760 320 cuius

336 334 540 375 insolentis
567 333 786 387 elegantiae
816 341 854 373 et
884 331 1062 386 poeticae
1089 332 1274 372 dictionis
1302 331 1569 372 aemulatione
1596 333 1637 372 in
1662 335 1768 376 sale·

334 390 428 429 bras
454 402 572 441 saepe
601 387 773 438 incidit3
802 394 844 427 et
872 388 982 428 duris
998 415 1011 438 ,
1043 401 1094 426 ne
1121 386 1267 440 ineptis
1295 387 1456 437 dicam,
1483 387 1614 426 utitur
1641 396 1768 428 meta·

337 443 504 496 phoris,
551 443 592 481 in
640 442 855 482 Prooemio
896 443 1154 495 praesertim,
1199 441 1269 480 ubi
1308 455 1402 480 cum
1429 441 1570 494 primis
1598 441 1769 483 disertus

335 495 463 537 videri
491 499 611 550 cupit.
639 497 782 549 quodsi
823 503 949 536 totam
974 496 1182 535 historiam
1208 495 1326 534 simili
1355 496 1539 535 oratione
1566 495 1762 536 involvis-

335 558 419 601 set,
464 551 501 590 in
531 553 732 591 Latomias
767 551 825 590 ire
858 564 978 604 quam
1022 549 1209 590 molestiis
1237 551 1504 589 conversionis
1547 548 1767 589 conflictari

337 605 578 646 maluissem.
615 605 684 645 sed
713 605 807 659 quia
845 604 1106 645 tolerabiliter
1133 604 1242 657 loqui
1271 604 1413 657 incipit
1441 618 1566 657 quum
1593 605 1644 643 ad
1675 619 1764 644 rem

338 660 466 714 ipsam
501 667 664 700 ventum
693 667 754 700 est
772 688 785 712 ,
825 658 928 699 hanc
966 672 1131 713 quoque
1165 672 1332 712 operam
1359 658 1547 698 studiosis
1576 658 1766 698 historia-

339 728 434 754 rum
472 713 571 754 dare
608 715 750 762 volui,
795 720 841 753 ut
875 714 1059 753 Zonarae
1093 726 1196 767 opus
1231 712 1307 752 hac
1351 713 1569 766 appendice
1610 712 1768 766 plenius

339 768 604 819 redderetur,
632 782 678 809 ea
706 776 841 808 tamen
887 768 1074 808 libertate
1101 774 1291 820 usurpata
1318 774 1365 807 ut
1392 768 1604 807 sententias
1630 775 1772 807 aucto-

341 824 398 862 ris
436 823 685 876 appendam,
720 824 845 863 verba
883 836 1153 863 annumerare
1190 836 1273 861 non
1308 835 1467 862 necesse
1512 821 1695 864 habeam.
1725 828 1771 861 ut

342 884 478 916 autem
519 877 560 917 in
601 877 671 916 illo
698 877 798 928 feci,
841 877 897 916 ita
921 877 987 917 hic
1024 878 1147 917 etiam
1183 877 1420 916 obscuriora
1454 875 1540 915 loca
1570 882 1609 915 et
1636 877 1770 916 varias

206 935 242 970 P.
265 936 333 982 4¹²⁸
344 931 532 971 lectiones
561 932 779 972 annotabo.
817 946 913 972 usus
940 932 1047 971 enim
1073 931 1138 970 hic
1165 944 1325 984 quoque
1353 945 1441 970 sum
1470 930 1629 970 duobus
1658 930 1771 978 codi-

342 986 456 1026 cibus
475 1015 487 1036 ,
516 1000 688 1039 quorum
731 986 905 1027 alterum
932 987 985 1026 D.
1015 985 1182 1026 Antonii
1208 986 1401 1039 Fuggeri,
1431 984 1604 1024 alterum
1631 983 1773 1024 herilis

344 1040 588 1080 bibliotheca
616 1041 894 1094 suppeditavit.
923 1042 1089 1080 accessit
1116 1039 1306 1090 tandem,
1339 1046 1386 1079 ut
1414 1039 1455 1078 in
1485 1040 1643 1078 Zonara
1671 1052 1774 1092 quo-

342 1109 447 1148 que,
489 1102 649 1148 praeter
679 1097 991 1149 expectationem
1029 1108 1180 1145 meam,
1221 1093 1367 1134 tertius
1404 1094 1666 1147 Augustanae
1714 1094 1774 1132 rei

343 1149 530 1202 publicae
554 1149 681 1189 codex
700 1179 712 1197 ‚
743 1157 928 1190 vetustus
955 1149 1200 1195 admodum,
1231 1147 1433 1201 principio
1461 1156 1501 1188 et
1541 1147 1621 1187 fine
1649 1147 1775 1186 muti-

344 1205 439 1253 lus,
472 1217 545 1243 nec
577 1204 740 1257 reliquis
770 1205 951 1257 partibus
992 1204 1142 1257 ubique
1180 1203 1402 1246 incolumis.
1436 1202 1506 1256 qui
1548 1202 1581 1241 si
1610 1201 1772 1255 integer

345 1257 512 1308 suisset,
559 1271 650 1297 eum
677 1257 810 1297 solum
835 1266 875 1298 et
911 1259 951 1296 in
983 1257 1240 1297 exscribendo
1270 1263 1311 1296 et
1336 1258 1379 1295 in
1406 1255 1680 1296 convertendo
1706 1269 1772 1296 se-

346 1319 463 1351 cutus
507 1325 657 1351 essem:
702 1312 863 1352 videtur
898 1311 1004 1351 enim
1033 1326 1079 1351 ex
1121 1325 1316 1364 germano
1344 1310 1521 1350 auctoris
1552 1310 1772 1363 archetypo

345 1366 455 1405 bona
484 1365 562 1405 fide
591 1366 836 1420 descriptus,
869 1373 911 1406 et
940 1380 1027 1406 eam
1045 1365 1342 1419 simplicitatem
1373 1378 1472 1419 prae
1499 1378 1540 1404 se
1566 1365 1646 1404 fert
1670 1378 1775 1417 quae

349 1421 394 1459 in
421 1420 497 1459 hoc
535 1420 742 1473 prooemio
776 1421 1046 1474 promittitur,
1087 1434 1140 1459 ne
1165 1419 1349 1459 barbaris
1378 1419 1539 1473 quidem
1569 1417 1774 1459 vocabulis

351 1475 533 1524 evitatis3
575 1488 677 1527 quae
718 1489 833 1514 causa
859 1474 947 1514 aliis
974 1475 1096 1514 fuisse
1123 1473 1284 1513 videtur
1315 1480 1359 1512 ut
1384 1472 1647 1526 paraphrasin
1681 1474 1776 1523 (uti-

351 1542 447 1568 nam
490 1529 623 1567 minus
660 1527 896 1580 affectatam)
928 1529 1050 1568 huius
1090 1528 1222 1582 operis
1247 1527 1500 1567 scribendam
1528 1528 1778 1580 susceperint

353 1590 393 1622 et
420 1582 471 1621 de
509 1596 583 1622 suo
611 1596 689 1622 non
718 1597 844 1636 pauca
875 1583 1081 1622 ornandae
1111 1584 1303 1622 orationis
1329 1596 1426 1636 ergo
1454 1581 1697 1621 addiderint.
1733 1582 1774 1621 in

351 1637 576 1691 Byzantino
604 1637 738 1676 codice
774 1652 855 1677 non
883 1638 1004 1677 modo
1048 1637 1273 1690 complures
1299 1650 1462 1688 versus,
1494 1635 1563 1675 sed
1591 1635 1776 1689 pluribus

352 1691 398 1730 in
424 1690 525 1731 locis
552 1692 670 1730 etiam
700 1690 857 1746 integra
890 1692 1006 1743 solia,
1046 1705 1173 1744 eaque
1201 1690 1278 1731 sub
1302 1691 1423 1730 finem
1449 1691 1584 1744 operis
1608 1691 1777 1744 amplius

352 1744 460 1795 XV,
488 1745 736 1797 defuerunt3
764 1761 868 1800 quae
893 1760 968 1800 ego
995 1760 1040 1785 ex
1080 1745 1218 1786 herilis
1248 1745 1514 1785 bibliothecae
1540 1743 1677 1785 codice
1706 1744 1779 1784 dc-

352 1799 568 1840 scribenda
595 1801 734 1840 curavi
772 1809 810 1840 et
851 1801 1055 1848 converti,
1082 1801 1208 1840 tutius
1235 1814 1318 1840 esse
1343 1807 1455 1840 ratus
1482 1812 1778 1852 supervacanea

354 1853 505 1894 addere
528 1869 648 1908 quam
666 1857 796 1896 minus
813 1855 1032 1895 necessaria
1055 1855 1386 1908 praetermittere,
1416 1853 1651 1906 praesertim
1683 1866 1776 1893 cum

353 1915 533 1948 vetustus
561 1923 720 1963 quoque
747 1910 871 1950 codex
899 1909 1056 1950 easdem
1082 1923 1170 1963 res,
1206 1908 1302 1949 licet
1328 1909 1486 1949 diverso
1510 1921 1656 1962 genere
1682 1921 1776 1947 ora-

353 1963 501 2012 tionis,
529 1965 768 2004 coutineret.
1123 1979 1127 1983 ·

466 2017 517 2056 P.
538 2017 580 2067 4,
597 2017 638 2070 4.
667 2016 939 2070 πολυπειρίας
955 2013 1226 2058 §aureatam
1244 2013 1408 2071 ὁπόσοι]
1437 2015 1671 2069 ambiguum
1697 2021 1774 2063 est,

353 2077 492 2110 utrum
528 2072 724 2113 historiae
757 2072 1018 2126 multiplicem
1043 2073 1325 2126 experientiam
1357 2085 1496 2112 eorum
1522 2072 1592 2125 qui
1623 2071 1779 2124 magnis

353 2126 523 2177 ingeniis
541 2127 711 2178 praediti
734 2135 854 2182 atque
873 2127 926 2167 ab
953 2128 1035 2181 ipsa
1054 2134 1202 2167 natura
1230 2127 1281 2166 ad
1309 2126 1434 2166 decus
1461 2132 1500 2165 et
1526 2126 1776 2165 honestatem

355 2178 600 2219 conformati
637 2188 730 2220 sunt
755 2189 1000 2235 proponant,
1042 2195 1093 2234 an
1119 2194 1218 2221 vero
1244 2180 1425 2220 homines
1451 2179 1643 2234 ingeniosi
1669 2179 1777 2218 dun-

355 2238 465 2271 taxat
492 2240 532 2272 et
558 2234 718 2274 virtutis
748 2243 927 2276 amantes
953 2235 1068 2276 varia
1083 2234 1260 2289 exempla
1285 2235 1345 2275 rei
1371 2235 1475 2274 bene
1501 2232 1702 2287 gerendae
1730 2247 1776 2274 cx

355 2285 536 2326 historiis
573 2295 708 2341 petere
749 2289 914 2328 soleant.
957 2291 1158 2330 incertum
1200 2290 1306 2330 enim
1334 2294 1418 2337 est,
1445 2294 1580 2327 utrum
1610 2293 1700 2340 post
1727 2285 1775 2326 τό

357 2337 630 2380 ὑποτιθέασιν
656 2342 1034 2396 subintelligendum
1061 2345 1111 2383 sit
1136 2343 1301 2384 ἐκείνων
1325 2356 1376 2382 an
1407 2340 1585 2388 ἐκείνοις.
1613 2342 1778 2381 fortasse

358 2396 547 2448 scriptori
572 2395 824 2450 Thucydidis
854 2397 1031 2437 salebrae
1056 2399 1295 2450 placuerunt
1311 2425 1324 2448 ,
1354 2395 1425 2450 qui
1451 2395 1614 2435 oracula
1639 2396 1776 2450 potius

356 2463 477 2503 quam
508 2449 714 2489 historiam
738 2450 991 2491 scribendam
1021 2452 1204 2505 suscepit.

467 2505 516 2544 P.
545 2504 587 2553 4,
621 2503 682 2555 ¹4·
737 2505 812 2544 τοῦ
845 2505 922 2555 μὲν
959 2504 1002 2550 ἐς
1029 2499 1131 2558 ᾅδου
1158 2505 1330 2555 βέβηκεν
1368 2500 1397 2555 ἧ
1433 2500 1570 2556 ψυχή]
1607 2503 1775 2544 imitatio

357 2557 576 2597 Homerica
607 2560 755 2610 magis,
782 2555 898 2610 ψυχὴ
931 2557 966 2596 «5²
990 2553 1160 2597 ἄϊὸόσδε
1187 2558 1355 2610 βέβηκε,
1385 2572 1504 2610 quam
1533 2558 1774 2598 Christiana.

357 2626 482 2665 quare
509 2626 583 2666 ego
601 2641 613 2662 ‚
643 2613 795 2653 evitatis
825 2619 1018 2666 quantum
1055 2611 1168 2651 licuit
1196 2612 1412 2651 istiusmodi
1442 2612 1622 2665 ineptiis,
1653 2626 1774 2665 repo-

357 2668 418 2704 sui
450 2680 495 2706 ea
530 2680 632 2720 quae
660 2681 734 2706 nec
760 2681 782 2706 a
814 2668 1009 2720 religione
1047 2680 1121 2706 nec
1147 2665 1199 2705 ab
1229 2666 1372 2706 usitata
1400 2665 1589 2719 loquendi
1613 2667 1773 2706 ratione

357 2719 578 2760 abhorrere
623 2721 872 2763 videbantur.
912 2720 1121 2762 consilium
1166 2734 1298 2762 meum
1345 2720 1471 2761 doctis
1514 2727 1554 2762 et
1595 2719 1774 2761 candidis
