1878 3230
266 195 380 260 684
687 210 914 250 NICETAE
955 208 1267 248 cuoNlATAE

264 311 343 362 γάρ
373 306 513 360 ἕτερόν
543 308 629 347 ἐστι
657 307 774 360 φωνὴ
804 300 829 358 ἢ
858 306 1133 358 πεπληγμένος
1167 303 1265 357 ἀήρ.
1317 305 1462 356 μηδείς
1497 298 1570 345 οὖν
1607 302 1690 356 ἀμ·-

268 375 462 429 φιβολίαν
488 373 640 422 ἐχέτω,
669 369 714 411 τὸ
744 366 963 425 ἄφθαρτον
988 369 1089 420 μετὰ
1120 367 1192 422 την
1217 369 1420 422 μυστικήν
1457 366 1692 423 ἱερουργίαν

219 442 337 480 Dua!
361 437 436 491 τήν
465 437 585 489 ἁγίαν
618 435 843 477 ἀνάστασιν
871 436 942 475 καί
969 432 1176 474 ἀθάνατον
1210 436 1282 475 καί
1324 431 1440 486 ἅγιον
1478 432 1550 474 καί
1589 435 1691 480 ζωο-

261 502 377 544 ποιὸν
405 497 511 552 αἷμα
538 504 616 542 τοῦ
644 503 791 554 κυρίου
826 506 911 549 τοῖς
943 499 1178 548 ἀντιτύποις
1211 500 1470 550 ἐντιθέμενον
1500 497 1570 539 διά
1611 500 1690 542 τῶν

257 567 502 620 ἱερουργιῶν
541 565 711 608 ἔλαττον
749 567 830 607 τῶν
872 567 1181 619 προειρημένων
1221 563 1568 618 παραδειγμάτων
1614 562 1726 613 uis-5

257 634 412 680 οἰκείας
442 632 832 685 ἑναπομόργνυσθαι
864 628 1059 682 δυνάμεις
1081 663 1094 683 ‚
1123 632 1213 671 ἀλλ’
1242 627 1337 672 ὅλον
1365 631 1409 671 ἐν
1438 626 1549 677 ὅλοις
1575 627 1690 683 εὑρί-

256 699 469 740 σκεσθαι.”
527 699 607 738 τῶν
633 698 710 748 μὲν
740 691 814 737 οὖν
842 699 979 737 ταῦτα
1008 698 1334 748 προτεινομένων
1361 694 1433 736 καί
1457 695 1690 750 μαρτυρίας

255 758 385 810 ἄλλας
412 765 605 811 πλείστας
636 764 710 815 τῆς
736 761 951 815 ἐκκλησίας
981 761 1325 814 παραγαγόντων,
1365 762 1447 802 τῶν
1478 762 1513 801 δ’
1541 761 1586 801 ὲκ
1616 760 1691 813 τῆς

254 825 400 881 ἑτέρας
426 825 577 882 μοίρας
598 825 840 883 φασκόντων
866 825 922 881 μη
955 825 1026 867 καί
1043 826 1310 875 ἀναστάσεως
1338 824 1556 879 ὁμολογίαν
1579 823 1687 866 ἀλλὰ

251 894 408 934 θυσίαν
435 890 567 947 μόνην
592 891 637 934 τὸ
667 893 912 944 τελούμενον
946 889 1073 944 εἶναι,
1103 891 1174 933 καί
1208 892 1402 947 φθαρτὸν
1443 888 1687 939 ἀκολούθως
1705 907 1751 935 10

252 957 324 999 καί
347 954 473 1000 ἄνουν
512 960 584 999 καί
612 952 808 1011 ἄψυχον,
846 959 953 1012 μηδὲ
990 957 1064 998 τὸν
1100 959 1150 1013 τῇ
1189 955 1421 1011 μεταλήψει
1462 955 1685 1010 προσιόντα

125 1028 238 1072 Ρ-334
253 1020 348 1064 ὅλον
376 1025 579 1076 δέχεσθαι
619 1021 689 1064 τὸν
728 1021 917 1076 Χριστὸν
957 1021 1063 1063 ἀλλά
1092 1025 1217 1077 μέρος
1245 1021 1302 1070 ὥς
1330 1021 1402 1063 καί
1426 1027 1578 1076 μέρους
1610 1036 1688 1075 με-

250 1087 588 1141 ταλαμβάνοντα·
645 1088 684 1129 εἰ
710 1088 789 1142 γὰρ
820 1083 896 1142 ἦν,
923 1088 1070 1143 φησίν,
1103 1083 1324 1143 ἄφθαρτον
1349 1089 1422 1128 καί
1447 1085 1588 1129 ἔννουν
1615 1085 1686 1129 καὶ

250 1152 466 1206 ἔμψυχον,
498 1149 549 1208 ἦν
582 1149 635 1194 ἀν
661 1157 734 1195 καί
761 1155 920 1209 ἀναφὲς
948 1152 1019 1194 καί
1047 1149 1247 1206 ἀθέατον,
1283 1154 1380 1206 μηδ’
1422 1153 1565 1194 ὀδοῦσι
1603 1168 1686 1193 κει-

120 1218 423 1271 νκηὸρόμενον
450 1221 523 1260 καί
547 1219 824 1273 ἀληθόμενον,
853 1219 943 1260 οὐδ’
974 1221 1018 1260 ἐν
1044 1222 1101 1276 τῷ
1126 1221 1312 1271 τμᾶσθαι
1345 1220 1551 1273 μηδαμῶς
1584 1219 1684 1259 δυσ·
1703 1221 1750 1262 15

211 1290 238 1321 Β
246 1290 443 1340 χεραΐνον
492 1284 564 1326 καί
604 1281 892 1337 ὀδυνώμενον,
939 1285 1032 1325 ἐπεὶ
1067 1283 1141 1326 καί
1180 1284 1236 1332 ὥς
1279 1285 1318 1325 εἰ
1358 1285 1441 1325 τῶν
1477 1281 1685 1336 σωμάτων

342 1378 375 1411 3.
403 1377 573 1412 θάνατον
595 1378 633 1410 A.
777 1379 812 1412 6.
841 1378 981 1415 οἰκείας
1003 1376 1180 1412 ἐλαττοῦν
1204 1378 1562 1422 ἐναπορμίγνυσθαι
1587 1376 1617 1410 δ.
1643 1377 1680 1409 Β.

341 1427 374 1460 8.
399 1435 520 1457 nonne
546 1424 826 1469 παραγόντωνὶ)
985 1423 1202 1471 9.μοίρας]
1230 1424 1385 1469 μερίδος
1407 1424 1455 1464 A,
1477 1426 1616 1468 μέρους
1644 1424 1681 1455 Β.

344 1474 395 1506 16.
421 1471 503 1504 ἐπει
527 1473 591 1503 καὶ
617 1490 662 1496 ——
686 1470 903 1528 ἄφθαρτον]
935 1437 1008 1504 καὶ9
1029 1474 1147 1504 ταῦτα
1169 1474 1238 1504 τοῦ
1272 1471 1414 1524 ιερέως
1433 1471 1641 1527 λέγοντος,
1647 1469 1682 1508 ,o‘

337 1516 492 1572 τρώγων
516 1526 565 1563 με
589 1517 759 1558 ζήσεται,
786 1517 916 1554 καθὼς
938 1516 1146 1550 α’πέσταλκέ
1175 1526 1222 1563 με
1260 1516 1282 1549 ὁ
1319 1513 1464 1559 πατήρ,
1494 1514 1596 1574 xa'yw
1633 1517 1681 1555 ζιῖἱ

338 1561 402 1596 διὰ
429 1557 497 1596 τὸν
518 1565 703 1607 πατέοα,”
726 1563 853 1608 ωσπερ
880 1565 914 1596 εἰ
936 1573 1029 1609 μετα
1071 1565 1185 1604 κακῆς
1218 1563 1370 1608 γνώμης
1408 1564 1470 1595 καὶ
1499 1561 1682 1603 θελόσεως

339 1609 462 1643 αὐτῶν
479 1609 546 1651 την
568 1610 751 1652 τοσαύτην
772 1609 938 1666 ἄγνοιαν
962 1611 1026 1642 καὶ
1043 1607 1227 1651 ανοησίαν
1250 1609 1541 1654 ἐσχηματίζοντο
1566 1609 1680 1653 ἔχειν.

338 1654 380 1689 -ιό
406 1668 482 1701 γαρ
506 1655 702 1703 βάπτισμα
727 1667 819 1689 κατα
853 1653 894 1690 τὸ
927 1655 1101 1712 οιιοίωμα
1132 1658 1200 1690 τοῦ
1223 1655 1393 1689 θανάτου
1418 1655 1487 1689 τοῦ
1509 1657 1682 1697 Χριστοῦ

337 1702 439 1747 ταφή
466 1706 545 1736 ἐστι
571 1705 635 1735 καὶ
661 1702 853 1740 ἀνάδυσις·
882 1687 968 1736 ὅσοι
990 1701 1069 1758 γὰρ
1107 1703 1160 1739 εἰς
1184 1697 1362 1760 Χρισῖὂνυ
1384 1701 1682 1748 ἔβαπτίσθημεν,

339 1747 512 1793 Χριστὸν
536 1749 769 1796 ἐνεδύθημεν
796 1751 860 1782 και
881 1750 933 1786 εἰς
958 1747 1026 1784 τὸν
1049 1749 1216 1784 θάνατον
1246 1747 1362 1782 αιῗτοῦ
1387 1748 1681 1804 ἐβαπτίσθημεν,

337 1798 401 1828 καὶ
425 1795 445 1837 ἤ
468 1798 542 1829 τοῖν
564 1799 681 1831 θείων
706 1798 925 1842 μυστηρίων
949 1796 1122 1840 ἐνέργεια
1147 1793 1211 1829 διὰ
1235 1797 1299 1837 τῆς
1325 1787 1423 1840 πρὸς
1450 1792 1544 1829 θεὸν
1568 1795 1681 1839 ευχῆς

340 1843 405 1875 και
421 1841 648 1884 ἐπικλήσεως
671 1844 736 1876 και
760 1842 986 1879 ἐπελεύσεως
1003 1844 1067 1884 τῆς
1090 1842 1127 1881 ἒξ
1151 1841 1317 1887 οὐρανοῦ
1342 1841 1499 1886 χάριτος
1512 1842 1680 1886 πληροῦ-

337 1900 410 1921 ται
434 1891 550 1922 ταῦτα
575 1891 672 1934 γοῦν
696 1890 761 1923 καὶ
789 1888 883 1922 ἄλλα
906 1890 1082 1933 λέγουσιν
1109 1888 1147 1923 οἱ
1173 1890 1357 1933 πονηροί,
1391 1887 1502 1924 ἅτινα
1534 1887 1584 1926 ως
1609 1896 1680 1921 σω-

339 1933 416 1980 θρά
446 1938 510 1969 καὶ
534 1934 708 1981 α’νωᾳελῆ
734 1937 1007 1981 κατελείψαμεν
1030 1936 1067 1967 Β.

248 2024 325 2053 tota
350 2025 405 2053 est
432 2020 686 2062 indivisibilis,
725 2026 760 2054 et
785 2022 923 2065 integra
962 2020 1057 2066 apud
1093 2031 1233 2060 omnes,
1263 2021 1331 2053 etsi
1371 2019 1493 2052 decem
1524 2018 1679 2052 millium

247 2077 435 2098 numerum
459 2073 648 2111 superent,
680 2068 839 2112 quamvis
867 2069 944 2112 ipsa
970 2079 1097 2112 corpus
1134 2067 1191 2100 sit.
1214 2077 1338 2120 'neque
1362 2067 1457 2098 enim
1482 2065 1581 2098 aliud
1625 2071 1679 2099 est

248 2124 315 2145 vox
341 2124 447 2156 quum
472 2118 533 2148 οὔκ·
559 2115 661 2147 ictus.
687 2126 793 2147 nemo
821 2115 931 2158 igitur
950 2114 1125 2158 ambigat,
1161 2113 1249 2158 quin
1282 2112 1556 2157 incorruptibile
1595 2117 1679 2155 post

247 2160 434 2202 mysticum
463 2161 674 2193 sacrificium
702 2167 738 2194 et
759 2167 918 2194 sanctam
944 2166 981 2194 et
1003 2160 1239 2193 immortalem
1265 2159 1571 2198 resurrectionem,
1596 2169 1679 2190 san-

248 2211 342 2237 ctum
370 2211 406 2238 et
429 2207 607 2239 vivificum
636 2218 784 2251 corpus,
811 2207 953 2251 sanguis
980 2206 1116 2239 domini
1141 2218 1205 2251 per
1228 2206 1399 2238 sacrificia
1434 2205 1472 2237 in
1508 2214 1563 2236 res
1589 2204 1676 2236 soli-

249 2251 312 2284 das
337 2253 545 2296 impositus,
579 2254 695 2286 minus
725 2265 833 2299 quam
869 2259 1141 2287 commemorata
1176 2252 1337 2295 exempla
1373 2262 1453 2284 suas
1478 2251 1570 2283 vires
1608 2250 1678 2282 mi-

247 2309 362 2330 nuens
389 2299 606 2343 exprimatur
630 2305 666 2332 et
689 2305 786 2333 totus
815 2301 853 2332 in
877 2301 964 2332 totis
989 2299 1225 2333 inveniatur?
1250 2298 1306 2330 his
1333 2307 1412 2340 ergo
1441 2295 1530 2328 haee
1555 2297 1677 2340 profe-

247 2345 410 2377 rentibus
440 2351 476 2378 ct
499 2346 570 2377 alia
594 2346 747 2389 plurima
771 2347 978 2379 testimonia
1003 2346 1180 2379 Ecclesiae
1206 2343 1422 2383 enantibus,
1448 2343 1578 2375 alteros
1593 2367 1602 2382 ,
1637 2342 1676 2375 id

246 2391 454 2434 mysterium
476 2402 550 2424 non
574 2392 833 2425 confessionem
857 2393 1128 2426 resurrectionis
1159 2391 1223 2424 sed
1256 2390 1467 2423 sacrificium
1503 2389 1678 2424 duntaxat
1727 2428 1729 2431 .

249 2448 341 2478 esse,
368 2443 404 2470 et
426 2437 578 2482 proinde
605 2439 840 2482 corruptibile
869 2445 905 2471 et
929 2449 1048 2471 amens
1075 2444 1111 2471 et
1134 2437 1311 2478 inanime;
1335 2436 1381 2468 ad
1405 2435 1504 2480 quod
1531 2435 1592 2480 qui
1618 2447 1676 2468 ac-

248 2483 371 2524 cedat,
395 2495 467 2516 non
491 2490 606 2517 totum
633 2484 813 2518 ChriStum
835 2485 1012 2529 percipiat
1033 2484 1097 2517 sed
1115 2489 1262 2528 partem,
1287 2487 1327 2515 ut
1352 2483 1413 2526 qui
1431 2487 1568 2536 partem
1592 2493 1675 2526 per-

248 2531 369 2574 cipiat.
403 2541 486 2563 nam
511 2531 563 2571 si,
590 2531 780 2575 inquiunt,
808 2530 1084 2575 incorruptibile
1120 2535 1235 2568 esset,
1275 2529 1382 2562 etiam
1415 2529 1546 2561 mentis
1580 2533 1675 2562 esset

247 2578 425 2622 particeps
449 2582 485 2610 et
509 2556 701 2610 animatum
730 2582 766 2611 et
791 2577 953 2610 intactile
983 2582 1020 2609 et
1042 2575 1322 2620 inaspectabile,
1359 2586 1478 2620 neque
1502 2573 1673 2608 dentibus

248 2623 471 2656 scinderetur
493 2630 530 2656 et
553 2624 764 2664 moleretur,
791 2630 827 2657 et
854 2624 891 2656 in
915 2622 1111 2656 scindendo
1136 2622 1270 2655 nullam
1305 2622 1450 2654 omniuo
1473 2621 1674 2666 molestiam

249 2676 312 2703 aut
343 2670 503 2702 dolorem
527 2670 695 2712 sentiret;
721 2671 929 2715 praesertim
953 2681 1031 2702 cum
1055 2669 1234 2702 sacrificus
1261 2669 1357 2700 dicat
1395 2668 1481 2713 „qui
1517 2667 1674 2700 comedit

248 2727 328 2757 me,
362 2717 468 2750 vivet.
497 2716 793 2761 quemadmodum
819 2717 918 2750 misit
940 2728 996 2749 me
1022 2721 1145 2760 pater,
1171 2721 1209 2748 et
1236 2726 1299 2758 ego
1334 2714 1413 2748 vivo
1440 2719 1585 2758 propter
1607 2725 1672 2759 pa-

251 2765 362 2800 trem!
366 2764 498 2808 'quasi
524 2775 601 2796 cum
627 2763 721 2798 malo
752 2764 869 2797 animo
896 2769 931 2796 et
964 2763 1147 2798 voluntate
1186 2768 1321 2795 tuntum
1358 2761 1595 2805 ignorantiam
1636 2765 1672 2793 et
