1878 3230
309 173 383 232 οὲ
422 187 614 230 Ammo
668 187 859 232 isAAcn
900 189 1096 234 ANGEH
1134 191 1218 232 m.
1259 192 1341 233 Lm
1391 195 1423 232 1.
1504 172 1608 229 621

184 292 368 345 α’ρχειόις
399 291 472 329 καί
510 288 633 330 πάλιν
661 289 766 329 κατὰ
805 289 878 330 τόν
909 291 966 337 εἰς
1007 289 1052 331 τό
1084 294 1261 345 κέλυφος
1285 291 1488 343 βυόμενον
1510 290 1618 332 σκώ-

184 360 310 411 ληκα,
360 357 522 397 στέλλει
561 356 607 396 δὲ
634 353 704 396 τὸν
741 356 1093 410 πρωτοστράτορα
1127 355 1339 411 Μἀνουὴλ
1363 354 1435 398 τὸν
1461 356 1618 409 Kalmi-

183 423 307 477 τζην,
336 418 514 462 ἇνειπών
541 419 780 474 στρατηγόν.
835 418 858 459 δ
888 421 924 460 δ’
953 419 1115 475 ἀπάρας
1145 421 1190 463 ἐκ
1218 422 1291 475 τῆς
1309 423 1517 463 Φιλίππου
1545 437 1618 474 με-

183 485 233 528 τὰ
261 489 340 528 τῶν
378 483 589 538 ἑπομένων
629 485 766 541 ἐκεινῳ
792 483 1030 537 δυνάμεων,
1076 485 1147 526 καί
1169 489 1250 527 τῶν
1277 484 1388 540 ὅρων
1416 490 1488 542 τῆς
1516 490 1620 529 Μυ-

147 553 278 601 5σιάς
305 547 448 605 ἄκροις
474 549 595 591 ποσὶν
621 550 904 604 ἐφαψάμενος,
933 553 1187 598 παλίσσυτος
1214 553 1372 604 γίνεται
1402 552 1517 606 παρὰ
1549 551 1619 594 δό·

183 620 270 667 ξαν.
324 615 368 660 τό
398 615 477 670 γάρ
506 615 739 669 στράτευμα
761 613 996 656 έπαναστάν
1022 620 1126 666 „noc
1147 611 1261 669 ἄγεις
1291 617 1422 671 ἡμᾶς’
1449 616 1590 672 ἔλεγον
1606 629 1656 672 ,Β

183 678 238 737 ,,ἢ
265 685 350 724 τίσι
395 679 770 733 συμπλακῆσεσθαι
798 681 1022 731 μέλλομενς
1051 681 1102 720 ου’
1131 682 1329 731 πολλάκις.
1350 682 1425 732 τὰς
1451 685 1621 738 ὀριαίας

182 749 339 797 ταύτας
380 745 504 794 ὁδοὺς
534 745 784 799 διήλθομεν,
831 743 904 786 καί
924 743 985 798 μή
1010 743 1139 798 μόνον
1173 748 1294 789 ου’δὲν
1323 764 1363 789 τι
1391 749 1618 804 κατωρθώ-

181 828 320 866 κειμεν
359 813 539 866 βέλτιον,
580 808 686 851 ἀλλὰ
727 812 799 852 καί
835 811 988 864 μικροῦ
1029 810 1391 866 προαπολώλειμεν
1417 811 1595 863 ἅπαντες
1605 822 1671 867 ,·v.
1688 823 1756 869 249

122 896 170 923 10
182 877 416 934 ἄνάστρεφε
458 879 620 928 τοίνυν,
660 872 920 931 ἅνάστρεφε,
960 878 1032 917 καί
1060 876 1164 932 ἧγοῧ
1191 880 1265 932 τῆς
1291 879 1366 920 ἐπὶ
1388 878 1438 921 τά
1471 880 1619 936 σφέτε-

181 946 272 999 ρα.”
341 941 412 984 ἐπὶ
451 940 502 996 δὴ
551 939 716 990 τούτοις
752 942 825 982 καί
852 941 1045 993 δειμασιν
1079 941 1243 996 ἀλόγοις
1274 945 1618 999 ἐκταραχθέντες,

181 1006 318 1063 ὥσπερ
368 1006 473 1050 κατά
513 1005 647 1048 νώτου
687 1008 811 1048 τινῶν
852 1007 1096 1059 ἐγκειμένων
1135 1010 1207 1050 καί
1243 1009 1453 1058 παντοίοις
1479 1006 1621 1059 ὅπλοις

178 1073 442 1129 βαλλόντων,
472 1070 665 1124 ἀκόσμως
683 1067 850 1128 ᾤχοντο.
907 1070 982 1113 καί
1006 1066 1136 1122 αὖθις
1161 1068 1237 1115 οὖν
1262 1073 1367 1129 πρὸς
1390 1077 1470 1116 τοῦ
1495 1078 1620 1128 βασι-

180 1142 282 1190 λέως
309 1140 334 1196 ἦ
367 1140 514 1195 πρᾶξις
543 1134 649 1192 αὕτη
678 1136 782 1190 μετά
810 1138 1011 1191 στρατιᾶς
1036 1138 1277 1192 έπεκρίνατο
1304 1141 1505 1192 μείζονος.
1537 1142 1621 1183 ἐνί-

120 1212 167 1252 15
179 1223 231 1247 κα
267 1208 306 1247 δ’
335 1203 454 1247 ε’σαεὶ
477 1204 526 1245 τὰ
553 1206 746 1257 χείρονα,
774 1201 954 1257 μηδενὸς
983 1205 1043 1252 εἰς
1073 1209 1220 1258 χεῖρας
1246 1205 1386 1247 ἐλθεῖν
1414 1205 1486 1247 καί
1510 1222 1620 1259 συμ-

177 1274 300 1325 μῖξαι
326 1276 409 1318 τοῖς
448 1268 678 1322 βαρβάροις
704 1269 750 1310 ἐν
786 1269 844 1324 τῷ
868 1267 1090 1323 ἐπαρήγειν
1112 1268 1286 1327 Ἰβαγκῷ
1314 1269 1620 1323 δοκιμάζοντος.

177 1334 413 1392 ἀπειρηκώς
441 1337 578 1377 τοίνυν
606 1329 728 1383 οὗτος
758 1334 830 1375 καί
851 1338 936 1383 τοῖς
964 1331 1068 1376 κατὰ
1098 1333 1170 1376 τὸν
1202 1337 1406 1390 Τέρνοβον
1433 1338 1618 1391 δυσχρη-

176 1401 400 1454 στούμενος
430 1398 671 1454 πράγμασιν
689 1431 700 1449 ,
734 1393 802 1440 οἷα
834 1399 916 1440 τῶν
941 1397 1039 1453 περὶ
1062 1398 1134 1440 τὸν
1162 1401 1330 1455 Πέτρον
1362 1403 1656 1456 κρατυνομέ-(Ξ

176 1483 256 1509 νων
284 1466 354 1509 ἀεὶ
379 1467 452 1507 καί
477 1466 674 1520 στρατιᾶς
698 1463 956 1519 προσθήκαις
986 1465 1304 1518 έπαυξομένων,
1332 1463 1484 1517 ἔξεισιν
1513 1468 1617 1508 έκεῖ-

115 1551 167 1577 20
178 1535 254 1574 θεν
287 1530 501 1587 λαθραίως
534 1532 606 1572 καί
630 1528 822 1583 πρόσεισι
851 1533 1038 1583 βασιλεῖ’,
1070 1529 1143 1572 καί
1166 1532 1376 1585 μετῆλθεν
1401 1528 1511 1573 οὕτω
1543 1549 1618 1573 κα-

178 1598 322 1651 θαραῖς
365 1595 469 1650 πρὸς
513 1594 583 1638 τόν
613 1597 782 1650 Πέτρον
818 1593 943 1637 πάλιν
992 1593 1016 1650 ἦ
1065 1596 1247 1650 α’ρχηγία
1274 1599 1453 1639 Ῑηυσῶν.
1509 1596 1616 1651 πλὴν

179 1663 269 1704 οὐδ’
298 1657 418 1710 οὗτος
449 1660 619 1716 θανάτῳ
653 1661 819 1717 φυσικῷ
855 1662 1115 1714 ἐπαπῆλθεν,
1145 1656 1253 1702 ἄλλα
1280 1664 1417 1718 μικρῷ
1445 1658 1616 1716 ὕστερον

177 1724 293 1783 παρά
321 1741 396 1768 του
425 1727 506 1768 τῶν
533 1723 738 1779 ὁμογενῶν
762 1724 873 1781 ξίφει
906 1726 1112 1774 διελαθείς
1141 1726 1418 1782 κατέστρεψεν
1446 1729 1616 1783 οἰκτρῶς

278 1856 306 1878 1.
333 1839 425 1877 κατά
454 1838 533 1890 τόν]
574 1840 700 1887 ὥσπερ
725 1841 745 1875 ὁ
770 1843 920 1886 κοχλίας
957 1843 1010 1878 εἰς
1030 1837 1070 1875 τὸ
1099 1842 1218 1876 αὐτοῦ
1245 1842 1472 1888 ὀστράκινον
1497 1844 1616 1886 ὅσην]-

275 1902 358 1924 τιον
383 1891 418 1922 Β.
551 1889 583 1933 4.
608 1891 681 1922 τῶν
705 1887 816 1934 ὅρων]
843 1892 915 1923 τῶν
939 1892 1085 1932 parmasu
1119 1892 1181 1930 τῆς
1210 1891 1373 1935 ζαγοριῖς
1397 1890 1615 1935 ἀναβαίνειν

271 1936 483 1984 ἀρξάμενος
507 1936 552 1968 Β;
578 1947 686 1980 „ergo
700 1934 891 1980 legendum
915 1935 1037 1980 6916st
1055 1935 1215 1969 Wolfius.
1293 1937 1342 1981 ¹4·
1367 1937 1614 1984 ἐπεκίρναῐοὲ

177 2052 294 2086 titiam
332 2055 372 2084 ut
405 2049 555 2083 cochlea
591 2053 720 2082 testam
756 2054 944 2093 repetens,
978 2048 1016 2081 in
1050 2049 1186 2092 palatio
1217 2049 1385 2090 abditus,
1411 2051 1616 2085 Manuelem

178 2099 361 2142 Camyzem
386 2100 680 2142 protostratorem
706 2107 783 2128 cum
806 2096 956 2139 imperio
982 2095 1105 2128 mittit.
1131 2096 1161 2127 is
1184 2107 1262 2128 cum
1289 2097 1361 2129 suis
1390 2098 1502 2143 copiis
1534 2098 1618 2132 Phi-

177 2144 356 2190 lippopoli
381 2143 562 2188 profectus
598 2148 634 2175 et
663 2142 798 2185 Mysiae
834 2142 966 2174 limites
991 2142 1051 2174 vix
1083 2142 1263 2185 ingressus
1283 2148 1426 2188 praeter
1450 2151 1619 2190 expecta-

176 2193 313 2226 tionem
347 2196 441 2223 retro
483 2189 569 2222 abit.
596 2188 731 2221 milites
757 2188 853 2221 enim
881 2194 978 2221 mota
998 2187 1176 2221 seditione
1192 2214 1201 2229 ‚
1239 2201 1312 2234 quo
1336 2201 1374 2223 se
1409 2190 1556 2225 duceret
1580 2197 1619 2225 et

177 2250 257 2272 cum
284 2237 417 2283 quibus
441 2235 672 2281 pugnandum
699 2241 814 2274 esset,
857 2234 1071 2279 rogitabant.
1097 2247 1167 2275 „an
1190 2247 1263 2269 non
1290 2238 1417 2281 saepe’'
1445 2238 1618 2283 inquiunt

177 2290 371 2327 „montana
405 2283 474 2316 ista
510 2283 758 2323 transivimus,
796 2286 904 2325 atque
937 2281 1027 2314 adeo
1066 2282 1161 2314 nihil
1191 2284 1409 2316 confecimus
1451 2290 1492 2318 ut
1523 2296 1617 2329 pene

177 2342 299 2364 omnes
324 2329 589 2363 interierimus?
619 2334 796 2362 revertere
821 2329 941 2372 igitur,
970 2334 1157 2367 revertere,
1183 2340 1320 2374 nosque
1343 2330 1488 2364 domum
1511 2332 1617 2365 redu-

177 2378 281 2410 cito-'¹
305 2382 490 2422 praeterea
516 2376 703 2420 inopinato
729 2380 825 2408 metu
845 2375 1076 2415 consternati,
1093 2376 1194 2420 quasi
1220 2376 1341 2410 hostes
1359 2389 1379 2410 a
1393 2383 1491 2422 tergo
1505 2379 1619 2412 insta-

178 2429 258 2456 rent
272 2429 308 2456 et
321 2423 435 2456 omnis
453 2423 591 2467 generis
619 2423 693 2455 tela
705 2422 935 2462 coniicerent,
955 2424 1064 2455 effuse
1083 2422 1262 2466 fugerunt.
1286 2424 1500 2468 imperatore
1522 2425 1619 2458 idem

179 2481 269 2514 opus
286 2481 363 2502 cnm
387 2469 544 2502 exercitu
569 2470 704 2501 maiore
726 2470 856 2501 iterum
873 2474 1036 2502 tentante
1053 2468 1207 2502 subinde
1224 2480 1277 2502 res
1305 2482 1467 2504 successu
1490 2472 1618 2505 caruit.

179 2526 291 2560 quare
314 2516 465 2549 Ibancns
500 2527 581 2548 cum
615 2526 720 2549 nemo
745 2517 982 2548 Romanorum
1008 2527 1087 2547 cum
1112 2515 1274 2548 barbaris
1299 2517 1410 2550 vellet
1427 2517 1617 2561 congredi,

180 2561 481 2594 invalescentibus
493 2563 586 2595 Petri
608 2562 738 2606 opibus
768 2568 804 2595 et
821 2562 1019 2594 maioribus
1042 2563 1074 2594 ei
1093 2563 1205 2606 copiis
1225 2563 1466 2603 affluentibus,
1489 2564 1616 2608 despe-

182 2608 268 2641 ratis
288 2607 392 2640 rebus
405 2608 572 2641 Ternobo
594 2609 685 2641 clam
709 2609 879 2654 profugus
903 2609 1154 2653 imperatorem
1171 2609 1257 2642 adit.
1274 2611 1324 2643 ita
1338 2611 1460 2643 Petrus
1481 2621 1616 2642 summa

183 2665 299 2687 rerum
318 2652 434 2686 denuo
456 2655 601 2698 potitur.
626 2655 689 2688 sed
707 2667 774 2688 nec
796 2655 873 2700 ipse
892 2655 1048 2688 naturali
1072 2661 1186 2688 morte
1212 2656 1301 2695 obit,
1327 2656 1390 2688 sed
1415 2656 1617 2700 paulopost

184 2712 227 2733 eo
254 2711 398 2744 quoque
436 2710 456 2731 a
480 2701 706 2744 popularium
745 2702 900 2746 quodam
925 2701 1178 2735 miserabiliter
1207 2703 1369 2735 confosso
1395 2703 1615 2746 principatus

188 2747 232 2780 ad
261 2746 458 2781 Iohannem
485 2747 630 2780 tertium
655 2749 732 2781 eius
755 2749 900 2782 fratrem
923 2749 1070 2788 transit,
1095 2760 1201 2793 quem
1226 2755 1300 2782 tum
1323 2748 1445 2782 Petrus
1473 2748 1615 2783 adiuto-
