1878 3230
337 151 447 225 594
787 167 1014 209 NICETAE
1067 166 1376 208 cHoNiATAE

333 271 407 309 καί
433 272 579 321 χαῖνον
610 263 867 317 ἑστιατόριον
895 263 966 305 καί
991 270 1139 317 χαῖρον
1168 269 1259 312 ταῖς
1289 265 1369 305 τῶν
1407 266 1658 318 πραγμάτων
1695 268 1759 316 ἐξ·

292 337 540 385 Βαλλαγαῖς.
597 337 842 383 προσχωρεῑ
864 332 911 371 δέ
939 329 976 371 οἱ
1004 329 1076 370 καί
1102 327 1205 383 πρὸς
1221 327 1352 382 μόνην
1376 327 1448 382 τήν
1475 332 1555 371 τῶν
1580 345 1760 384 νεοχμω-

331 400 489 438 θέντων
521 394 716 449 ἐνηχησιν
745 391 856 435 ἅπαν
883 393 928 436 τὸ
959 392 1256 450 στρατιωτικὸν
1292 392 1459 446 ἰλαδόν,
1500 396 1573 436 καί
1612 394 1761 438 ὁπόσον

326 459 516 517 ’Ἱσαακίῳ
546 463 799 514 προσέρρεπε
829 458 1128 514 θεραπευτικὸν
1158 459 1230 499 καί
1253 460 1435 511 οἰκίδιον,
1464 458 1536 500 καί
1561 460 1674 514 οἵπερ
1703 462 1763 509 εἰς

327 528 482 580 βουλῆς
511 526 673 577 ἀξίωμα
704 521 909 582 ᾖρθησαν.
969 525 990 566 ὅ
1019 527 1065 567 δὲ
1096 523 1293 578 βασιλεὺς
1327 522 1513 578 ἀσήμους
1541 523 1590 566 τὰ
1620 526 1798 577 πρῶταό

330 590 474 646 φωνάς
505 593 564 639 εἰς
595 589 722 645 οἷκοην
754 591 877 631 αἰτίου
911 592 1159 643 δεξάμενος,
1188 586 1276 630 εἶτα
1305 589 1376 630 καί
1400 588 1505 630 κατὰ
1539 588 1616 644 τήν
1644 590 1760 644 α’ρχι-

327 655 401 709 κὴν
430 657 609 697 αὐλαίαν
636 658 718 698 ταῖν
744 656 943 698 πλείστων
969 653 1179 709 θεώμενος
1211 654 1451 709 συνδρομὴν
1479 653 1552 696 καί
1584 653 1658 710 τὴν
1688 655 1763 696 τοῦ

328 721 520 776 α’δελφοῦ
545 721 775 775 ἀνάρρησιν
803 722 1110 776 ἐνηχούμενος,
1146 724 1239 774 μετ’
1267 721 1318 761 οὕ
1346 719 1450 761 πολύ
1483 721 1530 761 δὲ
1567 722 1640 762 καί
1665 717 1762 768 τους

329 788 599 840 α’γγέλλοντας
632 785 739 839 ἔχων
765 789 888 828 ταυτί
912 785 963 828 τὰ
985 787 1255 840 τολμώμενα,
1284 785 1383 840 ἔστη
1421 801 1464 827 τε
1507 787 1583 827 τοῦ
1619 785 1761 826 ἵεσθαι

326 852 494 905 πρόσω,
523 854 597 892 καί
626 851 671 892 τὸ
699 854 774 893 τοῦ
801 855 989 907 σταυροῦ
1017 858 1186 907 σημεῖον
1216 850 1351 909 ἑαυτῷ
1377 849 1609 905 ἐγχαράξας
1640 847 1758 904 „in3-

325 933 411 966 κοις
428 919 588 972 Χριστὲ
607 919 803 970 βασιλεῦ”
833 916 1048 972 α’νεβὸησε,
1076 919 1150 958 καί
1173 917 1385 973 ῥυσθῆναι
1412 919 1486 972 τῆς
1514 913 1625 971 ὥρας
1656 917 1760 957 ἑκεί-

324 998 396 1037 νης
424 981 623 1031 πολλάκις
653 981 968 1037 ἐθεοκλύτησεν.
1026 980 1246 1037 ἐξενεγκών
1280 984 1327 1023 δὲ
1367 981 1441 1024 καί
1477 980 1501 1022 ὃ
1543 979 1652 1035 εἶχεν
1693 982 1762 1022 ἐν-

287 1047 498 1102 ρστήθιον
528 1050 602 1102 τῆς
629 1047 884 1102 θεομήτορος
911 1047 1126 1104 μόρφωμα
1154 1046 1288 1089 πυκνὰ
1316 1051 1438 1089 τοῦτο
1465 1046 1760 1102 περιεπτύσσε-

324 1128 397 1166 το,
425 1113 476 1154 τὰ
507 1115 584 1166 μὲν
611 1112 1024 1167 α’νθομολογούμενος
1063 1113 1111 1155 τά
1142 1115 1188 1155 δὲ
1227 1114 1299 1154 καί
1340 1111 1643 1166 ἑξιλεούμενος,
1689 1114 1763 1153 καί

1779 867 1825 893 10

322 1178 430 1231 μετὰ
458 1181 636 1233 συνοχῆς
660 1180 793 1219 ἐδεῖτο
818 1178 995 1232 καρδίας
1017 1180 1243 1233 διαδρᾶναι
1263 1177 1334 1220 τὸν
1363 1177 1534 1220 ἐπιόντα
1554 1180 1758 1220 κίνδυνον.
1776 1177 1824 1218 15

321 1242 416 1285 ἐπεὶ
443 1245 489 1285 δὲ
518 1242 591 1284 καί
619 1242 718 1291 τούς
749 1244 1091 1298 συλληψομένους
1120 1242 1249 1285 αὕτὸν
1281 1240 1392 1296 ἑώρα
1423 1243 1558 1287 πάντα
1585 1242 1759 1297 χαλινὸν

319 1305 534 1356 α’νεικότας
565 1309 639 1350 καί
663 1310 707 1350 ἓν
733 1311 931 1357 πνέοντας
957 1309 1030 1350 καί
1052 1307 1158 1363 πρὸς
1184 1311 1229 1350 ἓν
1251 1311 1474 1362 βλέποντας
1511 1308 1586 1364 τήν
1627 1306 1759 1350 αὖτοῦ

318 1371 591 1426 κατάσχεσιν,
622 1375 854 1428 φυγαδείας
881 1370 1072 1415 ἅπτεταιὸ
1131 1372 1204 1414 καί
1230 1372 1301 1415 τὸν
1327 1371 1517 1425 ποταμὸν
1544 1371 1759 1415 ἐπικινδύ-

318 1454 398 1486 νως
428 1437 580 1490 διαβὰς
617 1437 663 1485 ὃς
692 1440 824 1480 ἐκεῖσε
852 1439 1083 1493 βαθυδίνης
1115 1437 1183 1479 διὰ
1204 1441 1280 1479 τοῦ
1297 1439 1440 1479 πεδίου
1470 1437 1667 1492 σύρεται,
1698 1437 1756 1479 εἴ·

316 1519 414 1556 χετο
443 1506 516 1556 τῆς
545 1500 658 1555 ὁδοῦ,
692 1505 741 1552 ἐςι
760 1503 883 1544 οὐδὲν
913 1506 990 1555 μὲν
1018 1503 1233 1558 προδήλως
1255 1505 1386 1553 σῶζον
1402 1503 1642 1557 κατάντημα
1661 1519 1757 1544 συν-
1770 1515 1821 1542 20

321 1571 453 1623 ορῶν,
487 1568 558 1609 τὸν
588 1570 623 1609 δ’
649 1563 823 1619 ὄλεθρον
861 1568 918 1616 ὥς
946 1567 1122 1610 α’νυστὸν
1150 1568 1469 1623 ἐκτρεπόμενος,
1507 1567 1554 1617 ὃς
1595 1571 1640 1611 ἐκ
1685 1569 1759 1610 τοῦ

320 1636 559 1687 μανιώδους
584 1635 664 1675 τῶν
699 1632 908 1687 ἑπομένων
938 1631 1179 1689 ὃρμήματος
1212 1636 1286 1675 καί
1313 1636 1391 1675 τοῦ
1428 1636 1559 1690 μηδὲν
1599 1630 1758 1676 ἀνιέναι

411 1744 442 1787 4.
470 1743 521 1790 θ]
550 1742 598 1779 «ἧς
620 1746 658 1777 θ.
683 1744 723 1778 Α.
854 1756 885 1789 7.
909 1743 1081 1791 αὐλαίαν]
1110 1735 1250 1786 σκηνὴν
1272 1745 1311 1777 A.
1442 1757 1476 1789 9.
1499 1745 1606 1778 ταυτὶ
1631 1754 1688 1776 om
1715 1744 1754 1776 A.

416 1802 467 1824 io.
492 1790 644 1836 πρόσω]’
663 1791 868 1836 περαιτέρω
899 1791 938 1823 A.
1047 1802 1096 1826 ιι.
1120 1792 1271 1835 βασιλεῦ
1297 1802 1352 1823 om
1382 1791 1421 1823 A.
1556 1801 1605 1822 12.
1627 1789 1756 1831 ἐνστή-

415 1836 521 1882 θιον]
553 1837 755 1880 ἐγκόλπιον
782 1838 849 1871 ΑΒ.
993 1838 1042 1871 15.
1067 1835 1110 1871 τιὶ
1136 1837 1292 1871 ἐπιόντα
1323 1836 1361 1869 οἱ
1395 1839 1447 1870 τώ·
1479 1835 1560 1869 τότε
1585 1836 1689 1870 δεινά
1714 1837 1753 1869 Α.

414 1894 464 1926 ¹9·
490 1881 530 1919 ὃς
556 1882 690 1930 ἐκεῖσε]
714 1881 752 1920 ὃς
770 1876 834 1916 διιὶ
855 1882 989 1916 τούτου
1010 1883 1076 1917 τοῦ
1104 1884 1220 1918 τόπου
1248 1882 1449 1928 διέρχεται,
1474 1881 1518 1916 ὃν
1547 1885 1610 1916 καὶ
1638 1884 1752 1929 σήμε-

412 1940 479 1973 ρον
507 1927 688 1974 ὀνομαστὶ
713 1931 896 1974 μαρίτζαν
919 1927 939 1971 ἢ
965 1929 1166 1976 όμαδίτζαν
1194 1931 1376 1964 καλοῦσιν
1397 1931 1435 1964 Β.
1501 1930 1639 1976 εἴχετο]
1665 1932 1755 1963 επο-

413 1974 539 2016 ρεύετο
563 1975 682 2021 μόνος
706 1976 743 2007 Β.
850 1987 906 2011 20.
930 1976 967 2014 ἐς
992 1975 1104 2011 ου’δέν
1130 1989 1166 2010 τι
1194 1988 1257 2022 πρ.
1283 1976 1415 2017 σώζειν
1438 1976 1534 2021 ἔχων
1557 1975 1597 2009 A.
1697 1985 1753 2008 22.

409 2020 621 2069 ἑπομένων]
648 2022 834 2057 ἐπιόντων
861 2023 901 2055 A.

321 2121 478 2144 mensam
521 2111 872 2145 sebastocratoricam
908 2113 1222 2154 consectabantur,
1261 2113 1362 2146 novis
1405 2113 1510 2146 rebus
1546 2110 1752 2155 gaudentes.

322 2163 420 2191 totus
444 2159 530 2191 item
557 2159 733 2191 exercitus
759 2159 823 2191 illo
848 2165 946 2193 motu
973 2159 1148 2193 duntaxat
1170 2159 1293 2193 audito
1312 2160 1492 2192 turmatim
1519 2158 1563 2190 ad
1587 2156 1752 2190 Alexium

324 2203 463 2244 deficit,
482 2203 670 2237 domestici
692 2211 876 2249 praeterea
912 2211 950 2239 et
975 2207 1130 2240 ministri
1158 2206 1282 2239 Isaacii
1311 2217 1456 2246 omnes,
1483 2210 1520 2237 et
1551 2203 1614 2248 qui
1637 2202 1682 2235 ab
1708 2213 1752 2236 eo

323 2249 498 2293 dignitate
537 2252 715 2283 senatoria
751 2252 867 2285 ornati
909 2258 1021 2285 erant.
1059 2258 1096 2286 at
1135 2252 1330 2297 imperator
1374 2251 1532 2286 obscuris
1571 2248 1751 2294 principio

322 2297 469 2329 vocibus
495 2297 672 2341 acceptis,
710 2296 842 2330 deinde
878 2298 916 2330 in
947 2299 1142 2331 tentorium
1177 2310 1277 2331 suum
1309 2309 1480 2330 concursu
1517 2296 1753 2340 plurimorum

321 2342 398 2375 viso
428 2347 465 2375 et
488 2342 608 2376 fratris
634 2342 876 2377 declaratione
901 2344 1043 2385 audita,
1077 2356 1144 2378 nec
1166 2345 1280 2378 multo
1307 2349 1389 2388 post
1423 2341 1640 2377 facinoribus
1672 2342 1752 2375 istis

321 2388 518 2429 nuntiatis,
542 2400 644 2421 cursu
671 2390 850 2433 represso,
887 2391 986 2433 signo
1014 2393 1126 2424 crucis
1163 2401 1200 2423 se
1234 2390 1386 2430 muniit,
1425 2396 1462 2423 et
1496 2388 1628 2422 Christi
1664 2399 1752 2433 pace

322 2435 514 2479 implorata
538 2434 644 2467 deum
671 2436 812 2480 saepius
838 2437 953 2469 oravit
980 2447 1017 2469 se
1046 2448 1090 2469 ex
1113 2437 1176 2469 illo
1203 2436 1407 2469 discrimine
1434 2435 1602 2476 liberari3
1627 2440 1666 2470 et
1692 2433 1752 2468 dei

323 2481 505 2524 genitricis
529 2481 717 2524 imaginem
745 2492 788 2514 ex
811 2483 890 2515 sinu
914 2482 1088 2526 prolatam
1111 2483 1235 2516 crebro
1263 2483 1480 2527 amplectens
1515 2481 1644 2527 partim
1676 2481 1753 2513 col-

323 2526 511 2568 laudabat,
534 2527 665 2572 partim
693 2528 843 2572 supplex
871 2529 1028 2562 efflictim
1054 2529 1178 2562 orabat
1200 2535 1241 2562 ut
1263 2529 1451 2562 imminens
1474 2527 1671 2573 periculum
1697 2527 1752 2560 ef-

323 2573 447 2617 fugere
474 2574 610 2608 liceret.
639 2585 718 2606 cum
741 2579 858 2607 autem
884 2575 1057 2619 quosdam
1082 2575 1410 2620 comprehendendi
1434 2576 1488 2609 sui
1523 2585 1627 2608 causa
1659 2574 1750 2607 laxis

324 2618 476 2653 habenis
493 2621 627 2653 irruere
651 2631 718 2653 uec
745 2620 844 2652 aliud
869 2621 1003 2665 spirare
1030 2627 1092 2655 aut
1106 2627 1264 2666 spectare
1287 2623 1357 2655 nisi
1382 2622 1623 2667 captivitatem
1650 2631 1750 2653 suam

327 2672 500 2707 cerneret,
525 2667 643 2710 fugam
669 2666 815 2710 arripit3
843 2672 879 2699 et
902 2668 1079 2701 vorticoso
1093 2668 1213 2708 fluvio,
1239 2670 1302 2714 qui
1326 2669 1402 2701 illic
1425 2666 1659 2713 praeterfluit,
1675 2675 1750 2700 non

327 2712 404 2744 sine
430 2713 592 2758 periculo
618 2718 784 2759 superato
809 2714 936 2759 pergit.
963 2715 1122 2760 quamvis
1147 2715 1242 2749 enim
1267 2715 1406 2750 nullum
1427 2721 1546 2751 tutum
1564 2717 1748 2760 receptum
