1838 3210
258 195 333 248 66
666 209 893 251 Momm-2
931 206 1241 249 cnonTAF„

256 314 315 362 εἰς
343 311 415 367 την
444 307 647 362 διαδοχὴν
664 309 733 360 τῆς
761 304 976 358 βασιλείας
1004 306 1253 358 καλούμενος
1282 304 1353 345 καί
1379 303 1481 346 κατὰ
1509 303 1581 359 τὴν
1607 307 1683 356 βα-

255 379 396 419 σιλίδα
438 376 557 416 πόλιν
588 372 680 413 τότε
727 368 876 424 παρών
902 372 976 411 καί
1000 373 1080 412 ταῖν
1103 368 1341 425 ἀνακτόρων
1370 369 1485 418 ἐντὸς
1513 369 1684 418 αὖλιζόσ

254 456 390 494 μενος,
417 437 521 481 ἔνθα
551 438 634 478 τῶν
661 433 888 489 χρημάτων
915 434 959 476 αἱ
986 437 1164 491 σωρεῖαί
1189 437 1292 477 εἰσιν
1320 436 1586 488 ἀποκείμεναι
1614 432 1686 476 καὶ

218 505 306 548 Βτά
338 507 418 547 τῶν
445 500 706 556 κρατούντων
724 500 972 554 γνωριστικά
1003 501 1304 556 περιβλήματα.
1339 499 1361 540 ὅ
1386 500 1578 553 Ἰωάννης
1604 502 1685 540 τοί-

253 587 328 612 νυν
354 566 649 619 καταταχύνας
675 564 749 620 τὴν
775 564 892 607 πόλιν
911 564 1057 608 εἴσεισι
1074 598 1086 619 ,
1122 568 1192 608 καί
1218 564 1291 607 τὸν
1316 566 1521 608 Ἰσαάκιον
1552 565 1721 617 α’γνῶ-ἔί

252 651 304 676 τα
334 632 394 675 ἔτι
423 629 520 673 ὄντα
540 634 624 673 ταῖν
652 631 878 685 γενομένων
907 631 1024 686 αι’ρεϊ
1044 630 1116 673 καί
1138 633 1188 687 τῇ
1214 634 1326 689 ,ωονῇ
1352 634 1427 673 τοῦ
1457 626 1685 685 παντοκρά-

252 714 371 750 τορος
421 696 659 751 εἵργνυσιν,
709 694 738 750 ἢ
785 694 857 737 τὸν
896 699 1071 748 βασιλέα
1112 695 1302 751 Ἰωάννην
1334 694 1431 749 ἔσχε
1460 693 1682 749 δομήτορα.

144 765 238 811 V·27
252 766 325 806 καί
370 763 391 804 ὅ
427 764 506 815 μὲν
545 761 652 814 μετὰ
693 760 769 816 τὴν
795 760 1042 815 κατάσχεσιν
1070 761 1142 817 τὴν
1171 763 1246 804 τοῦ
1271 760 1426 817 πατρὸς
1457 757 1688 813 άναμαθών

249 827 446 883 τελευτὴν
474 830 548 869 καί
588 826 661 881 την
691 830 765 869 τοῦ
797 827 987 882 ἀδελφοῦ
1021 826 1250 882 ἀνάρρησιν
1278 825 1495 882 ἐνηχηθείς
1523 825 1599 866 οὐκ
1627 821 1683 867 εἶ-

247 910 322 948 χεν
349 890 372 934 ὅ
416 909 456 935 τι
493 895 566 935 καί
604 891 900 946 διαπράξαιτο,
942 891 1058 934 δεινά
1094 892 1272 946 πάσχειν
1296 896 1426 946 λέγων
1456 894 1528 933 καί
1555 893 1748 945 πέρανιο

250 961 388 1002 δεινοῦ
416 957 663 1011 ξύμπαντος,
694 960 765 1000 καί
793 958 846 1005 αἷς
877 959 1092 1000 ἐπαινετέα
1120 958 1146 1011 ἦ
1173 959 1304 1010 τάξις,
1338 958 1410 1012 ὑφ’
1438 952 1484 1011 ἧς
1511 958 1686 1010 διακρα-

249 1029 383 1067 τεῖται
426 1022 472 1065 τὸ
504 1027 599 1065 πᾶν.
673 1023 900 1077 ,,’άπῆλθὲ”
934 1039 1062 1078 φησιν
1088 1022 1295 1076 ,,Ἀλε’ξιος
1333 1019 1497 1079 θανάτῳ
1523 1020 1685 1072 πεσών,

250 1086 272 1132 ὃ
299 1089 383 1130 τῶν
410 1089 606 1143 α’δελφῶν
633 1086 886 1142 πρωτότοκος
918 1090 991 1128 καί
1019 1089 1093 1141 τῆς
1123 1087 1318 1144 πατρῴας
1346 1088 1480 1139 α’ρχῆς
1510 1087 1685 1139 κληροῦ-

245 1169 348 1207 χος·
409 1150 718 1207 ἐπηκολούθησε
745 1151 874 1209 τούτῳ
908 1150 1168 1207 Ἀνδρόνικος
1196 1154 1250 1208 τῷ
1283 1154 1466 1208 προτέρῳ
1495 1148 1516 1191 0‘
1546 1149 1684 1192 δεύτε-

209 1232 337 1274 ορος,
364 1218 436 1259 καί
462 1216 533 1259 τὸν
559 1216 703 1272 νεκρὸν
733 1216 966 1270 εἰσαγαγών
993 1219 1071 1258 τοῦ
1099 1217 1287 1273 ἀδελφοῦ
1315 1215 1548 1258 διαπόντιον
1575 1217 1683 1268 μετά
1703 1219 1749 1260 ι5

246 1282 387 1339 βραχὺ
418 1285 490 1325 καί
519 1277 641 1330 οὗτος
667 1280 736 1324 τὸν
763 1282 855 1334 βίον
882 1281 1146 1336 μετήλλαξεν.
1205 1284 1264 1331 εἰς
1291 1279 1442 1323 ἑαυτὸν
1465 1280 1604 1323 τοίνυν
1632 1280 1684 1322 τὰ

246 1351 327 1390 τῶν
347 1347 566 1401 Ῥωμαίων
604 1348 791 1402 σκῆπτρα
821 1346 901 1403 δρᾷ
917 1380 928 1401 ,
965 1346 1039 1389 καί
1063 1349 1121 1405 τῷ
1149 1349 1295 1405 δικαίῳ
1325 1348 1450 1396 αὕτός
1478 1347 1592 1388 ἐστιν
1618 1347 1686 1400 ἐγ-

246 1413 398 1470 κρατὴς
427 1417 503 1469 τῆς
531 1415 709 1468 οἶρχῆς.”
766 1410 858 1455 ἄλλ’
887 1413 909 1454 ὅ
935 1415 1014 1466 μὲν
1039 1417 1211 1455 τοιαῦτα
1238 1414 1369 1469 μάτην
1400 1408 1683 1468 ἐξετραγῴδει,

246 1481 318 1521 καί
353 1480 520 1529 εἰκαίως
550 1475 601 1534 ἦν
634 1480 887 1532 πτερυγίζων
919 1478 1020 1521 κατὰ
1046 1482 1301 1533 σαγηνευθὲν
1345 1476 1569 1533 πτηνάριον
1589 1494 1601 1506 ·
1660 1476 1683 1518 ὅ

246 1547 293 1587 δὲ
322 1543 373 1599 δὴ
400 1546 531 1598 μέγας
576 1545 815 1597 δομέστικος
858 1545 931 1597 τῆς
958 1546 1042 1586 τῶν
1067 1545 1291 1597 βασιλείων
1324 1544 1514 1599 φυλακῆς
1542 1545 1685 1595 ἒπιμε-
1698 1560 1749 1586 20

245 1609 388 1665 ληθείς
416 1609 489 1651 καί
511 1610 585 1664 τῆς
614 1611 690 1650 τοῦ
717 1612 922 1661 βασιλέως
941 1609 1149 1664 ΙΠανουηλ
1168 1610 1282 1664 παρὰ
1313 1616 1394 1658 τοῖς
1419 1611 1559 1658 α’στοῖς
1586 1611 1683 1651 α’να-

246 1673 478 1730 γορεύσεως
496 1707 508 1728 ,
535 1674 710 1729 γράμμα
739 1672 1104 1729 ἐρυθροσὴμαντον
1130 1677 1337 1730 σφραγῖδί
1359 1691 1403 1716 τε
1434 1677 1596 1731 χρυσέᾳ
1616 1677 1688 1716 καί

246 1742 404 1797 σηρικιῇ
440 1739 590 1795 νήματι
625 1738 830 1792 ἔμπεδον,
870 1737 1021 1794 κόγχης
1064 1739 1377 1796 άναδεδευμένῳ
1418 1742 1586 1793 αἵματι,
1627 1741 1686 1798 τῷ

345 1877 395 1900 ιο.
421 1867 517 1911 πέρα
539 1866 579 1897 A.
679 1867 728 1901 ¹5·
757 1865 919 1911 εἰσάγων
932 1866 1083 1899 codices.
1179 1876 1233 1898 22.
1258 1865 1431 1914 γράμμα]
1459 1865 1686 1911 χρυσόβωλ-

341 1913 409 1948 zor
433 1911 566 1945 δίδωσι
590 1913 641 1958 τῷ
668 1911 786 1957 κλήρῳ
803 1913 839 1944 Β.
1158 1924 1160 1927 ’

248 2017 478 2058 vendicaret,
508 2018 608 2062 quod
636 2023 672 2051 et
698 2023 815 2051 aetate
842 2018 888 2051 ad
927 2019 1116 2063 imperium
1140 2024 1348 2059 vocaretur,
1374 2024 1410 2051 et
1434 2024 1509 2052 tum
1533 2019 1572 2052 in
1597 2019 1685 2053 urbe

250 2065 476 2108 imperatrice
499 2070 720 2105 versaretur,
748 2070 783 2097 et
810 2066 848 2096 in
873 2065 1008 2108 palatio
1033 2065 1195 2109 degeret,
1223 2065 1286 2096 ubi
1312 2065 1544 2109 pecuniarum
1569 2067 1684 2099 acervi

251 2117 287 2144 et
311 2111 563 2155 imperatoriae
604 2116 720 2143 vestes
745 2111 924 2154 repositae
954 2117 1082 2143 essent.
1131 2110 1308 2144 Iohannes
1337 2111 1445 2154 igitur
1472 2112 1687 2145 festinanter

250 2156 375 2190 urbem
401 2157 579 2200 ingressus
602 2157 776 2189 Isaacium
820 2168 934 2189 rerum
961 2157 1077 2190 adhuc
1100 2158 1261 2202 ignarum
1286 2159 1405 2201 capit,
1435 2163 1471 2190 et
1493 2158 1532 2190 in
1560 2158 1687 2191 Omni—

251 2203 410 2248 potentis
435 2203 651 2235 monasterio
690 2203 891 2243 concludit,
917 2215 937 2235 a
964 2203 1124 2236 Iohanne
1152 2205 1367 2248 imperatore
1394 2203 1595 2238 aedificato.
1623 2207 1686 2250 qui

252 2250 316 2282 ubi
331 2255 413 2294 post
439 2250 680 2293 captivitatem
698 2251 809 2294 patris
835 2250 974 2282 obitum
994 2256 1030 2283 et
1048 2251 1165 2284 fratris
1191 2251 1475 2294 designationem
1501 2253 1686 2296 cognovit,

253 2295 342 2341 quid
367 2301 487 2339 ageret
510 2307 583 2328 non
607 2295 775 2337 habebat,
795 2296 1022 2340 iniquissime
1041 2308 1161 2330 secum
1179 2298 1234 2341 agi
1252 2308 1485 2341 conquerens.
1509 2303 1546 2331 et
1559 2297 1686 2331 ordine

253 2342 483 2382 collaudato,
517 2354 537 2374 a
566 2353 637 2387 quo
672 2343 781 2375 etiam
815 2354 932 2375 rerum
955 2344 1167 2377 universitas
1195 2344 1469 2387 gubernaretur,
1494 2344 1687 2385 „Alexius”

253 2390 372 2434 inquit
408 2388 550 2430 ‚‚0biit‚
589 2389 736 2422 fratrum
773 2390 1031 2433 primogenitus
1067 2396 1103 2424 et
1127 2391 1268 2436 paterni
1290 2390 1432 2434 imperii
1453 2389 1565 2423 heres.
1591 2390 1687 2424 hunc

255 2441 398 2469 secutus
434 2441 488 2468 est
521 2440 639 2468 aetate
675 2436 856 2479 proximus
898 2437 1145 2479 Andronicus3
1183 2438 1350 2482 quicum
1382 2436 1501 2469 fratris
1537 2436 1688 2470 cadaver

253 2482 345 2517 mari
371 2481 584 2522 advexisset,
606 2481 714 2525 paulo
737 2487 818 2526 post
844 2488 879 2514 et
903 2483 978 2526 ipse
1004 2483 1168 2517 decessit.
1215 2485 1452 2516 Romanorum
1475 2483 1584 2527 igitur
1610 2495 1688 2516 sce-

255 2534 334 2574 ptra
362 2527 407 2560 ad
433 2538 489 2559 me
518 2533 698 2572 spectant,
727 2533 762 2561 et
786 2539 848 2571 ego
874 2529 952 2561 iure
988 2530 1137 2574 imperio
1162 2530 1312 2576 potiarl’
1335 2540 1428 2574 quae
1453 2539 1531 2561 cum
1556 2529 1686 2563 frustra

254 2575 512 2608 vociferaretur
549 2579 586 2607 et
628 2575 749 2607 irritae
790 2575 950 2607 aviculae
984 2577 1096 2610 instar
1139 2577 1240 2610 inani
1276 2581 1406 2609 conatu
1441 2575 1686 2620 obstreperet,

257 2632 403 2666 magnus
428 2620 643 2654 domesticus
667 2620 850 2654 custodiae
875 2623 1000 2664 palatii
1025 2624 1205 2665 intentus,
1229 2628 1337 2667 atque
1362 2621 1399 2655 id
1424 2632 1530 2666 agens
1555 2628 1596 2655 ut
1608 2623 1687 2656 Ma-

258 2668 366 2701 nuele
395 2667 502 2700 etiam
526 2678 546 2699 a
571 2667 708 2700 civibus
741 2667 932 2711 imperator
968 2669 1201 2710 salutaretur,
1226 2670 1348 2703 literas
1372 2667 1480 2701 rubro
1504 2679 1686 2714 aureoque

257 2714 376 2758 sigillo
402 2719 439 2747 et
462 2715 574 2747 serico
601 2714 662 2747 filo
692 2715 846 2747 munitas
871 2720 908 2747 et
932 2716 1087 2749 conchae
1116 2717 1288 2760 sanguine
1310 2716 1424 2761 pictas
1448 2715 1544 2748 clero
1567 2715 1686 2760 magni

257 2761 385 2806 templi
419 2763 542 2802 offert,
578 2760 709 2806 quibus
753 2761 803 2795 eis
836 2767 1023 2806 argenteae
1055 2769 1220 2796 monetae
1256 2762 1392 2797 nummi
1417 2760 1463 2795 ad
1492 2762 1548 2796 CC
1571 2762 1686 2795 minas
