1838 3210
239 143 345 197 106
405 127 407 129 ⁵
650 155 878 201 NJCETAE
916 154 1233 198 cHoNxATAE

227 259 480 315 ἔπανῄρητο·
537 254 642 298 ἔνθα
670 253 744 296 καί
765 251 838 294 τὸν
858 253 1005 295 οἰκεῖον
1033 249 1335 305 ἀποδοχμώσας
1366 251 1526 304 αὐχένα
1554 252 1657 308 πρὸς

225 326 277 379 τῇ
304 321 452 378 εἰσόδῳ
481 322 554 363 τοῦ
578 317 762 373 προνάου
789 322 934 359 πατεῖν
954 322 1126 372 παρεῖχε
1155 318 1211 373 τῷ
1238 314 1403 358 εἰσιόντι
1430 314 1555 360 παντὶ
1580 332 1656 368 μο-

225 390 362 444 ναχιῇ,
398 388 526 440 λέγων
566 381 821 439 οἴξυμφόρως
861 379 995 439 ἑαυτῷ
1030 381 1105 437 τήν
1149 378 1392 436 ἡλικιώτιδα
1431 380 1504 422 καί
1530 383 1657 436 φίλην

224 451 405 507 ἡσυχίαν
442 447 724 504 παρώσασθαι
761 449 835 489 καί
873 448 934 490 ἐπ’
967 447 1108 489 οὐδενί
1152 446 1380 496 ξυνοίσοντι
1411 444 1481 488 τὸν
1503 443 1657 498 θρόνον

223 513 428 569 ἀναβῆναι
454 513 524 556 τὸν
551 510 836 568 ὑπερύψηλον.
889 512 912 555 ὃ
943 514 989 555 δὲ
1018 514 1195 565 Κοσμᾶς
1221 507 1272 566 ἧν
1299 511 1377 563 μὲν
1403 516 1489 560 τοῖς
1516 507 1691 552 ‹hand-5

221 595 306 627 νοις
347 578 612 633 ἐναρίθμιος,
650 574 736 631 εἶχε
776 579 822 620 δὲ
869 579 1051 634 πατρίδα
1089 576 1164 632 την
1193 575 1397 630 Αἴγιναν,
1437 578 1590 631 σοφίας
1617 577 1656 617 δ’

220 643 385 698 ἁπάσης
411 642 661 698 μεταλαχών
689 645 735 685 ἐκ
763 645 839 686 τοῦ
860 645 942 686 τῶν
972 644 1132 698 α’ρεταῖν
1161 640 1354 697 ὁρμαθοῦ
1380 644 1504 684 πλέον
1534 636 1657 696 ηὔχει

218 710 483 764 τούπίσημον.
511 708 692 763 μάλιστα
716 711 763 751 δὲ
791 712 848 767 τῷ
878 711 1015 766 πολλῷ
1037 711 1110 763 τῆς
1141 704 1417 763 ἑλεημοσύνης
1445 708 1656 760 ἐκέκαστο,

220 772 314 828 ἥτις
343 774 402 823 ὥς
442 776 486 816 ἐν
520 775 798 832 περιδερραίῳ
839 773 979 832 κόσμῳ
1026 777 1243 815 πολυτελεῖ
1263 777 1579 828 προσπεπηγυΐα
1606 774 1657 830 τῇ

217 842 398 897 ποικιλίᾳ
431 841 513 881 τῶν
548 839 711 894 ἀρετῶν
757 841 873 895 δίκην
915 838 1168 887 α’κτινώδους
1203 840 1324 880 λίθου
1364 838 1651 893 ἑπάμφαινεν·
1673 855 1718 882 ιο

218 901 324 945 οὕτω
354 902 435 958 γάρ
463 902 538 945 τὸν
571 904 629 952 εἰς
657 904 907 959 ἀνθρώπους
931 903 1044 946 ἔλεον
1074 903 1231 958 ἔρρωτο
1263 903 1318 952 ὥς
1350 904 1420 944 καί
1443 901 1513 944 τὸν
1537 903 1654 944 ἐπεν-

117 975 205 1021 Ρ.54
220 966 344 1024 δύτην
388 967 516 1011 αὐτὸν
545 971 618 1010 καί
655 967 728 1011 τὸν
763 972 920 1024 χιτῶνα
959 967 1113 1011 ἑαυτοῦ
1149 970 1224 1011 τοῦ
1257 969 1448 1021 σώ,ιιατος
1483 966 1557 1009 καὶ
1581 967 1654 1022 τήν

218 1034 478 1090 ὀθονοσκεπῆ
517 1032 756 1090 καλύπτραν
796 1038 868 1090 τῆς
899 1038 1083 1092 κεφαλῆς
1119 1032 1355 1076 διαδιδόναι
1383 1036 1552 1088 πένησι,
1582 1036 1656 1075 καί

217 1100 442 1155 πράγματα
484 1101 684 1155 παρέχειν
720 1107 806 1150 τοῖς
845 1101 924 1157 ἀφ’
947 1099 1085 1149 ἑστίας
1110 1099 1169 1154 μη
1201 1100 1357 1155 διφῶσι
1385 1099 1513 1152 μόνον
1543 1098 1655 1141 αὐτοὶ

215 1162 323 1208 ἀλλὰ
352 1165 425 1208 καί
462 1164 568 1221 πρὸς
616 1166 819 1222 εὔπορίαν
845 1163 982 1209 ἄλλων
1019 1167 1357 1220 τυρβαζομένοις.
1415 1162 1487 1205 διὰ
1518 1165 1652 1207 ταῦτα
1671 1171 1718 1212 15

214 1230 287 1273 καί
317 1229 433 1286 παρὰ
473 1233 577 1273 πᾶσι
611 1234 690 1284 μὲν
739 1228 792 1286 ἦν
818 1234 1031 1285 αἰδέσιμος
1071 1230 1092 1272 ὅ
1133 1227 1235 1285 ἆνὴρ
1259 1247 1268 1257 ·
1328 1229 1351 1271 ὅ
1381 1231 1426 1271 δὲ
1453 1233 1652 1283 σεβαστο-

213 1295 377 1352 κράτωρ
407 1296 613 1345 Ἰσαάκιος
641 1295 664 1337 ὅ
693 1299 770 1338 τοῦ
799 1299 1006 1351 βασιλέως
1034 1293 1242 1350 Μανουηλ
1271 1292 1501 1348 αὖτόαιμος
1525 1293 1654 1348 μόνον

214 1364 291 1403 ov’n
319 1361 498 1405 ἐπέθυεν
528 1360 585 1412 ὦς
615 1364 724 1420 θεῷ’,
752 1364 882 1404 έκεῖνο
912 1365 1109 1418 θεοφιλὲς
1133 1362 1205 1402 καί
1231 1362 1435 1417 πρακτέον
1465 1363 1650 1413 οἰόμενος

215 1424 316 1484 ὅπερ
342 1422 395 1482 ἦν
427 1427 450 1468 ὅ
481 1427 743 1483 πατριάρχης
769 1428 1077 1481 ὑποτιθέμενος,
1106 1424 1268 1468 κάκεῖνο
1301 1420 1431 1476 αὖθις
1455 1427 1652 1478 θεομισὲς

213 1494 287 1534 καί
323 1491 544 1546 οἷπώμοτον
572 1490 672 1548 ὅπερ
704 1494 851 1536 οὑτοσί
886 1492 1152 1547 ἀπηγόρευεν.
1205 1491 1230 1547 ἦ
1258 1494 1358 1546 γοῦν
1387 1490 1546 1547 φατρία
1572 1492 1718 1536 τῶν2ο

213 1556 308 1600 τότε
347 1559 575 1610 οἷντιδόξων
613 1563 683 1614 τῆς
725 1561 875 1614 α’ρετῆς
925 1559 1158 1613 ἀρχιερέων
1199 1560 1273 1599 καί
1307 1560 1384 1600 τοῦ
1422 1554 1651 1612 ἱερωτάτου

213 1625 363 1665 τούτου
398 1625 614 1675 α’ντιθετος
638 1630 767 1681 μοῖρα
797 1624 1115 1678 ἐνδιαβάλλουσι
1144 1622 1217 1665 τὸν
1244 1618 1376 1678 ἄνδρα
1404 1625 1460 1680 τῷ
1486 1626 1660 1676 βασιλεῖ’

213 1687 269 1738 οἷς
296 1689 352 1745 τῷ
390 1689 560 1746 ἀδελφῷ
600 1690 784 1748 Ἰσαακίιρ
821 1688 897 1745 τὴν
921 1692 1139 1743 βασιλείαν
1175 1689 1413 1741 μνώμενον,
1442 1686 1650 1743 λαθραίας

174 1752 285 1803 arag
312 1752 545 1809 προόπτους
575 1757 635 1804 εἰς
654 1754 701 1798 τὸ
729 1753 843 1811 ἱερὸν
872 1756 1043 1809 α’ρχεΐον
1066 1752 1240 1803 α’νόδους
1267 1757 1344 1796 τοῦ
1370 1753 1650 1808 σεβαστοκροί..

303 1872 335 1906 7.
358 1858 559 1906 μετασχών
583 1861 623 1894 Α.
745 1874 795 1906 ¹7·
819 1859 1047 1907 αὐτόαιμος]
1082 1858 1326 1906 α’ρθόμαιμος
1358 1861 1398 1893 Α.
1493 1870 1548 1894 20.
1572 1871 1648 1905 φα·

303 1906 404 1955 τρία]
431 1905 576 1949 πληθύς
599 1908 637 1940 Β.
754 1918 810 1940 22.
837 1907 911 1942 ἐνδ.
936 1907 1054 1941 τούτω
1078 1905 1183 1951 παρὰ
1208 1910 1257 1952 τῷ
1284 1907 1322 1940 A.

212 1985 262 2018 cis
286 1985 492 2018 institutum
515 1996 537 2017 a
554 1996 667 2029 puero
708 1986 825 2018 fuerat
849 1985 1043 2029 amplexus.
1069 1985 1122 2017 ibi
1146 1985 1184 2018 in
1209 1984 1335 2029 templi
1361 1984 1540 2018 vestibulo
1562 1993 1649 2029 pro-

210 2037 342 2066 stratus
367 2032 478 2064 cuivis
492 2031 668 2064 monacho
683 2032 814 2064 collum
829 2032 1038 2064 calcandum
1056 2031 1244 2076 praebuit,
1270 2029 1368 2076 quod
1391 2037 1516 2063 contra
1538 2042 1646 2075 quam

209 2077 282 2111 sibi
307 2077 516 2122 expediret,
540 2077 742 2111 adamatam
766 2089 784 2110 a
809 2078 932 2121 primis
959 2078 1061 2110 annis
1092 2078 1252 2122 quietem
1276 2076 1502 2121 repudiasset
1524 2078 1647 2110 nullo-

209 2134 283 2169 que
311 2135 391 2157 cum
410 2124 529 2158 fructu
565 2124 734 2157 thronum
758 2123 939 2157 sublimen
965 2123 1241 2157 conscendisset.
1290 2123 1434 2156 Cosmus
1460 2135 1544 2157 vero
1569 2129 1647 2157 tum

209 2170 249 2204 in
272 2181 422 2203 numero
447 2171 680 2203 diaconorum
707 2176 808 2211 erat,
831 2172 948 2215 patria
974 2171 1167 2214 Aegineta,
1194 2176 1231 2203 et
1257 2171 1419 2214 quamvis
1444 2170 1647 2203 eruditissi-

208 2228 309 2258 mus,
333 2218 506 2251 virtutum
531 2222 651 2250 tamen
676 2217 784 2250 choro
808 2223 885 2251 erat
909 2218 1097 2257 illustrior,
1128 2218 1166 2249 in
1191 2217 1315 2262 primis
1339 2216 1564 2261 benignitate
1590 2228 1646 2250 er-

205 2274 250 2308 ga
273 2275 450 2309 pauperes
476 2264 648 2308 insignis3
674 2275 767 2309 quae
789 2269 961 2309 tanquam
987 2264 1025 2297 in
1048 2264 1207 2308 pretioso
1234 2264 1363 2296 monili
1387 2275 1524 2307 gemma
1550 2263 1648 2296 radi-

206 2321 294 2351 ans,
332 2310 384 2344 sic
418 2311 497 2355 ipsa
528 2311 623 2343 inter
660 2311 811 2344 virtutes
854 2311 1011 2355 reliquas
1049 2309 1236 2351 elucebat,
1264 2309 1354 2342 adeo
1380 2315 1422 2343 ut
1445 2309 1645 2355 aliquando

204 2357 358 2402 pallium
387 2362 423 2390 et
444 2357 603 2390 tunicam
626 2362 663 2390 et
685 2357 817 2390 lineam
842 2358 1035 2402 calyptram
1049 2356 1175 2400 capitis
1199 2355 1418 2401 pauperibus
1441 2357 1643 2390 misericor-

206 2403 268 2437 dia
289 2408 408 2436 motus
422 2403 667 2445 distribueret,
693 2415 759 2436 nec
782 2404 826 2437 de
851 2415 916 2437 suo
940 2409 1081 2437 tantum
1107 2403 1307 2447 largiretur,
1329 2402 1393 2435 sed
1416 2403 1506 2436 alios
1534 2403 1644 2436 etiam

205 2454 248 2483 ut
272 2461 471 2494 pauperum
506 2450 651 2495 inopiae
688 2450 922 2484 subvenirent
958 2450 1172 2494 impelleret.
1211 2449 1267 2483 his
1297 2449 1342 2482 de
1367 2450 1482 2482 causis
1503 2449 1567 2481 ille
1589 2449 1645 2482 vir

205 2497 373 2529 omnibus
399 2502 476 2529 erat
499 2497 730 2529 venerabilis.
789 2498 944 2530 Isaacius
972 2508 1056 2530 vero
1079 2496 1259 2529 Manuelis
1284 2496 1396 2529 frater
1420 2495 1643 2529 sebastocra-

204 2547 262 2576 tor
286 2543 319 2575 ei
344 2548 484 2576 tantum
507 2555 581 2576 non
605 2543 826 2585 immolabat,
855 2543 894 2576 id
921 2542 987 2576 deo
1015 2548 1151 2586 gratum
1178 2548 1214 2575 et
1237 2542 1442 2575 faciendum
1464 2542 1643 2583 iudicans,

203 2588 304 2634 quod
327 2590 530 2634 patriarcha
557 2591 741 2631 monebat,
766 2596 889 2623 contra
908 2600 995 2623 vero
1019 2589 1172 2623 invisum
1188 2589 1259 2624 ,deo
1286 2594 1323 2622 et
1346 2588 1640 2629 abominandum,

203 2635 303 2680 quod
339 2636 370 2668 is
409 2637 565 2670 vetabat.
602 2642 640 2670 at
670 2637 779 2670 factio
811 2636 1023 2682 pontificum
1062 2635 1204 2669 virtutis
1241 2635 1469 2670 inimicorum
1495 2640 1531 2668 et
1554 2635 1641 2668 huic

203 2682 418 2715 sanctissimi
445 2683 512 2717 viri
537 2683 703 2717 instituto
738 2682 1003 2717 adversantium
1027 2693 1107 2715 eum
1136 2681 1232 2728 apud
1260 2682 1511 2727 imperatorem
1538 2681 1639 2715 defe-

204 2733 303 2771 runt,
329 2729 434 2775 quasi
473 2730 608 2766 Isaacio
633 2729 733 2765 fratri
765 2741 911 2775 regnum
935 2729 1126 2764 conciliare
1151 2728 1333 2763 studeret:
1358 2729 1567 2763 manifestos
1592 2728 1639 2762 it-
