<?xml version="1.0" encoding="UTF-8"?>
<!DOCTYPE html PUBLIC "-//W3C//DTD XHTML 1.0 Transitional//EN"
    "http://www.w3.org/TR/xhtml1/DTD/xhtml1-transitional.dtd">
<html xmlns="http://www.w3.org/1999/xhtml" xml:lang="en" lang="en">
 <head>
  <title>
</title>
<meta http-equiv="Content-Type" content="text/html;charset=utf-8" />
  <meta name='ocr-system' content='tesseract 3.04.00' />
  <meta name='ocr-capabilities' content='ocr_page ocr_carea ocr_par ocr_line ocrx_word'/>
</head>
<body>
  <div class='ocr_page' id='page_1' title='image "./corpusscriptorum41niebuoft/corpusscriptorum41niebuoft_0717.png"; bbox 0 0 1878 3230; ppageno 0'>
   <div class='ocr_carea' id='block_1_1' title="bbox 301 138 1616 212">
    <p class='ocr_par' dir='ltr' id='par_1_1' title="bbox 301 138 1616 212">
     <span class='ocr_line' id='line_1_1' title="bbox 301 138 1616 212; baseline 0.002 -21"><span class='ocrx_word' id='word_1_1' title='bbox 301 153 373 192; x_wconf 86' lang='lat' dir='ltr'><strong><em>DE</em></strong></span> <span class='ocrx_word' id='word_1_2' title='bbox 404 151 600 193; x_wconf 72' lang='lat' dir='ltr'><strong>ALmo</strong></span> <span class='ocrx_word' id='word_1_3' title='bbox 639 152 834 195; x_wconf 75' lang='lat' dir='ltr'><strong>isAAcn</strong></span> <span class='ocrx_word' id='word_1_4' title='bbox 874 154 1073 195; x_wconf 66' lang='lat' dir='ltr'><strong>ANGFJJ</strong></span> <span class='ocrx_word' id='word_1_5' title='bbox 1116 154 1199 195; x_wconf 69' lang='lat' dir='ltr'><strong><em>Fu.</em></strong></span> <span class='ocrx_word' id='word_1_6' title='bbox 1241 155 1340 195; x_wconf 78' lang='lat' dir='ltr'><strong><em>Lm.</em></strong></span> <span class='ocrx_word' id='word_1_7' title='bbox 1370 157 1442 197; x_wconf 75' lang='grc' dir='ltr'><strong><em>ιη.</em></strong></span> <span class='ocrx_word' id='word_1_8' title='bbox 1507 138 1616 212; x_wconf 86' lang='lat'><strong><em>687</em></strong></span> 
     </span>
    </p>
   </div>
   <div class='ocr_carea' id='block_1_2' title="bbox 114 244 1756 1684">
    <p class='ocr_par' dir='ltr' id='par_1_2' title="bbox 114 244 1756 1684">
     <span class='ocr_line' id='line_1_2' title="bbox 184 244 1622 309; baseline 0.004 -19"><span class='ocrx_word' id='word_1_9' title='bbox 184 244 296 303; x_wconf 80' lang='grc' dir='ltr'><strong><em>εἶχεν</em></strong></span> <span class='ocrx_word' id='word_1_10' title='bbox 323 250 368 291; x_wconf 81' lang='grc' dir='ltr'><strong><em>έν</em></strong></span> <span class='ocrx_word' id='word_1_11' title='bbox 397 251 584 302; x_wconf 82' lang='grc' dir='ltr'><strong><em>δεσμοῖς,</em></strong></span> <span class='ocrx_word' id='word_1_12' title='bbox 613 249 688 304; x_wconf 78' lang='grc' dir='ltr'><strong><em>τὴν</em></strong></span> <span class='ocrx_word' id='word_1_13' title='bbox 715 249 846 303; x_wconf 58' lang='grc' dir='ltr'><strong><em>,μετὰ</em></strong></span> <span class='ocrx_word' id='word_1_14' title='bbox 874 247 993 293; x_wconf 79' lang='grc' dir='ltr'><strong><em>ὅσιὀυ</em></strong></span> <span class='ocrx_word' id='word_1_15' title='bbox 1023 247 1138 300; x_wconf 78' lang='grc' dir='ltr'><strong><em>ὅσιος</em></strong></span> <span class='ocrx_word' id='word_1_16' title='bbox 1167 251 1242 309; x_wconf 79' lang='grc' dir='ltr'><strong><em>ἔσῃ</em></strong></span> <span class='ocrx_word' id='word_1_17' title='bbox 1272 250 1344 294; x_wconf 77' lang='grc' dir='ltr'><strong><em>καὶ</em></strong></span> <span class='ocrx_word' id='word_1_18' title='bbox 1365 251 1473 304; x_wconf 77' lang='grc' dir='ltr'><strong><em>μετὰ</em></strong></span> <span class='ocrx_word' id='word_1_19' title='bbox 1500 269 1622 309; x_wconf 87' lang='grc' dir='ltr'><strong><em>στρε-</em></strong></span> 
     </span>
     <span class='ocr_line' id='line_1_3' title="bbox 182 315 1623 373; baseline 0.004 -18"><span class='ocrx_word' id='word_1_20' title='bbox 182 316 290 367; x_wconf 79' lang='grc' dir='ltr'><strong><em>βλοῧ</em></strong></span> <span class='ocrx_word' id='word_1_21' title='bbox 315 315 596 371; x_wconf 81' lang='grc' dir='ltr'><strong><em>διαστρέψῃς”</em></strong></span> <span class='ocrx_word' id='word_1_22' title='bbox 622 315 860 370; x_wconf 82' lang='grc' dir='ltr'><strong><em>Δαβιδικὴν</em></strong></span> <span class='ocrx_word' id='word_1_23' title='bbox 888 315 1032 372; x_wconf 73' lang='grc' dir='ltr'><strong><em>φωνην</em></strong></span> <span class='ocrx_word' id='word_1_24' title='bbox 1059 318 1141 370; x_wconf 81' lang='grc' dir='ltr'><strong><em>ούχ</em></strong></span> <span class='ocrx_word' id='word_1_25' title='bbox 1175 317 1234 366; x_wconf 77' lang='grc' dir='ltr'><strong><em>ὥς</em></strong></span> <span class='ocrx_word' id='word_1_26' title='bbox 1273 318 1427 373; x_wconf 66' lang='grc' dir='ltr'><strong><em>ἐρρέθη</em></strong></span> <span class='ocrx_word' id='word_1_27' title='bbox 1461 319 1623 373; x_wconf 77' lang='grc' dir='ltr'><strong><em>ἐπενεγ-</em></strong></span> 
     </span>
     <span class='ocr_line' id='line_1_4' title="bbox 183 375 1622 439; baseline 0.003 -17"><span class='ocrx_word' id='word_1_28' title='bbox 183 380 279 422; x_wconf 80' lang='grc' dir='ltr'><strong><em>κών.</em></strong></span> <span class='ocrx_word' id='word_1_29' title='bbox 335 375 414 421; x_wconf 81' lang='grc' dir='ltr'><strong><em>κᾶκ</em></strong></span> <span class='ocrx_word' id='word_1_30' title='bbox 442 381 566 422; x_wconf 81' lang='grc' dir='ltr'><strong><em>τοῦδε</em></strong></span> <span class='ocrx_word' id='word_1_31' title='bbox 592 383 672 422; x_wconf 74' lang='grc' dir='ltr'><strong><em>τῶν</em></strong></span> <span class='ocrx_word' id='word_1_32' title='bbox 698 396 744 422; x_wconf 87' lang='grc' dir='ltr'><strong><em>τε</em></strong></span> <span class='ocrx_word' id='word_1_33' title='bbox 771 379 933 424; x_wconf 88' lang='grc' dir='ltr'><strong><em>πόλεων</em></strong></span> <span class='ocrx_word' id='word_1_34' title='bbox 959 383 1031 425; x_wconf 80' lang='grc' dir='ltr'><strong><em>καί</em></strong></span> <span class='ocrx_word' id='word_1_35' title='bbox 1060 384 1278 438; x_wconf 87' lang='grc' dir='ltr'><strong><em>φρουρίων</em></strong></span> <span class='ocrx_word' id='word_1_36' title='bbox 1304 384 1483 438; x_wconf 81' lang='grc' dir='ltr'><strong><em>α’πονητί</em></strong></span> <span class='ocrx_word' id='word_1_37' title='bbox 1504 400 1622 439; x_wconf 86' lang='grc' dir='ltr'><strong><em>περι-</em></strong></span> 
     </span>
     <span class='ocr_line' id='line_1_5' title="bbox 182 440 1622 504; baseline 0.003 -17"><span class='ocrx_word' id='word_1_38' title='bbox 182 445 338 500; x_wconf 75' lang='grc' dir='ltr'><em>γίνεται</em></span> <span class='ocrx_word' id='word_1_39' title='bbox 370 440 430 488; x_wconf 68' lang='grc' dir='ltr'><strong><em>ὦν</em></strong></span> <span class='ocrx_word' id='word_1_40' title='bbox 471 442 599 501; x_wconf 81' lang='grc' dir='ltr'><strong><em>ἦρχεν</em></strong></span> <span class='ocrx_word' id='word_1_41' title='bbox 625 448 828 499; x_wconf 83' lang='grc' dir='ltr'><strong><em>Ἀλέξιος,</em></strong></span> <span class='ocrx_word' id='word_1_42' title='bbox 868 449 941 488; x_wconf 83' lang='grc' dir='ltr'><strong><em>καί</em></strong></span> <span class='ocrx_word' id='word_1_43' title='bbox 979 446 1054 489; x_wconf 78' lang='grc' dir='ltr'><strong><em>τόν</em></strong></span> <span class='ocrx_word' id='word_1_44' title='bbox 1096 448 1282 504; x_wconf 76' lang='grc' dir='ltr'><strong><em>ἀδελφὸν</em></strong></span> <span class='ocrx_word' id='word_1_45' title='bbox 1322 447 1456 491; x_wconf 67' lang='grc' dir='ltr'><strong><em>αὐτοῦ</em></strong></span> <span class='ocrx_word' id='word_1_46' title='bbox 1480 452 1622 494; x_wconf 82' lang='grc' dir='ltr'><strong><em>Μῖτον</em></strong></span> 
     </span>
     <span class='ocr_line' id='line_1_6' title="bbox 146 510 1622 567; baseline 0.004 -16"><span class='ocrx_word' id='word_1_47' title='bbox 146 510 356 566; x_wconf 75' lang='grc' dir='ltr'><strong><em>5φυγάδα</em></strong></span> <span class='ocrx_word' id='word_1_48' title='bbox 385 513 542 566; x_wconf 73' lang='grc' dir='ltr'><strong><em>τίθησι.</em></strong></span> <span class='ocrx_word' id='word_1_49' title='bbox 601 514 676 554; x_wconf 84' lang='grc' dir='ltr'><em>καί</em></span> <span class='ocrx_word' id='word_1_50' title='bbox 711 514 886 554; x_wconf 79' lang='grc' dir='ltr'><strong><em>τοιαῦτα</em></strong></span> <span class='ocrx_word' id='word_1_51' title='bbox 919 512 1082 567; x_wconf 78' lang='grc' dir='ltr'><em>δράσας</em></span> <span class='ocrx_word' id='word_1_52' title='bbox 1123 514 1340 557; x_wconf 72' lang='grc' dir='ltr'><strong><em>ἐπάνεισιν</em></strong></span> <span class='ocrx_word' id='word_1_53' title='bbox 1378 517 1422 564; x_wconf 84' lang='grc' dir='ltr'><strong><em>ές</em></strong></span> <span class='ocrx_word' id='word_1_54' title='bbox 1457 514 1502 558; x_wconf 83' lang='grc' dir='ltr'><strong><em>τὸ</em></strong></span> <span class='ocrx_word' id='word_1_55' title='bbox 1530 518 1622 558; x_wconf 75' lang='lat' dir='ltr'><strong><em>Bu-</em></strong></span> 
     </span>
     <span class='ocr_line' id='line_1_7' title="bbox 182 575 359 628; baseline 0.006 -10"><span class='ocrx_word' id='word_1_56' title='bbox 182 575 359 628; x_wconf 81' lang='grc' dir='ltr'><strong><em>ζάντιον.</em></strong></span> 
     </span>
     <span class='ocr_line' id='line_1_8' title="bbox 290 640 1617 704; baseline 0.003 -18"><span class='ocrx_word' id='word_1_57' title='bbox 290 643 492 698; x_wconf 87' lang='grc' dir='ltr'><strong><em>Ευρίσκει</em></strong></span> <span class='ocrx_word' id='word_1_58' title='bbox 531 644 579 684; x_wconf 82' lang='grc' dir='ltr'><strong><em>δὲ</em></strong></span> <span class='ocrx_word' id='word_1_59' title='bbox 614 644 688 684; x_wconf 82' lang='grc' dir='ltr'><em>καί</em></span> <span class='ocrx_word' id='word_1_60' title='bbox 725 641 802 696; x_wconf 81' lang='grc' dir='ltr'><strong><em>τήν</em></strong></span> <span class='ocrx_word' id='word_1_61' title='bbox 842 640 1042 685; x_wconf 76' lang='grc' dir='ltr'><strong><em>σύνευνον</em></strong></span> <span class='ocrx_word' id='word_1_62' title='bbox 1068 644 1351 700; x_wconf 75' lang='grc' dir='ltr'><strong><em>Εὐφροσύνην</em></strong></span> <span class='ocrx_word' id='word_1_63' title='bbox 1387 645 1446 702; x_wconf 83' lang='grc' dir='ltr'><em>μὴ</em></span> <span class='ocrx_word' id='word_1_64' title='bbox 1486 647 1617 704; x_wconf 77' lang='grc' dir='ltr'><strong><em>πάντῃ</em></strong></span> 
     </span>
     <span class='ocr_line' id='line_1_9' title="bbox 179 707 1756 773; baseline 0.003 -22"><span class='ocrx_word' id='word_1_65' title='bbox 179 707 258 764; x_wconf 77' lang='grc' dir='ltr'><strong><em>τὴν</em></strong></span> <span class='ocrx_word' id='word_1_66' title='bbox 289 708 503 763; x_wconf 81' lang='grc' dir='ltr'><strong><em>οἰκουρίαν</em></strong></span> <span class='ocrx_word' id='word_1_67' title='bbox 522 709 845 762; x_wconf 81' lang='grc' dir='ltr'><strong><em>α’σπασαμένην,</em></strong></span> <span class='ocrx_word' id='word_1_68' title='bbox 871 707 980 750; x_wconf 73' lang='grc' dir='ltr'><strong><em>ἄλλα</em></strong></span> <span class='ocrx_word' id='word_1_69' title='bbox 1012 708 1116 752; x_wconf 76' lang='grc' dir='ltr'><strong><em>κατὰ</em></strong></span> <span class='ocrx_word' id='word_1_70' title='bbox 1143 725 1409 753; x_wconf 89' lang='grc' dir='ltr'><strong><em>στασιαστων</em></strong></span> <span class='ocrx_word' id='word_1_71' title='bbox 1445 714 1520 754; x_wconf 77' lang='grc' dir='ltr'><strong><em>καί</em></strong></span> <span class='ocrx_word' id='word_1_72' title='bbox 1547 715 1673 768; x_wconf 62' lang='lat' dir='ltr'><strong>‹iq-v</strong></span> <span class='ocrx_word' id='word_1_73' title='bbox 1685 729 1756 773; x_wconf 59' lang='lat'><strong><em>226</em></strong></span> 
     </span>
     <span class='ocr_line' id='line_1_10' title="bbox 179 771 1620 831; baseline 0.003 -16"><span class='ocrx_word' id='word_1_74' title='bbox 179 773 371 826; x_wconf 82' lang='grc' dir='ltr'><strong><em>μὀκόπων</em></strong></span> <span class='ocrx_word' id='word_1_75' title='bbox 403 771 593 828; x_wconf 74' lang='grc' dir='ltr'><strong><em>κάκείνην</em></strong></span> <span class='ocrx_word' id='word_1_76' title='bbox 629 774 936 829; x_wconf 84' lang='grc' dir='ltr'><strong><em>α’νδρισαμένην</em></strong></span> <span class='ocrx_word' id='word_1_77' title='bbox 978 773 1052 816; x_wconf 87' lang='grc' dir='ltr'><strong><em>και</em></strong></span> <span class='ocrx_word' id='word_1_78' title='bbox 1091 775 1149 824; x_wconf 90' lang='grc' dir='ltr'><strong><em>ως</em></strong></span> <span class='ocrx_word' id='word_1_79' title='bbox 1184 778 1305 829; x_wconf 82' lang='grc' dir='ltr'><strong><em>μίτον</em></strong></span> <span class='ocrx_word' id='word_1_80' title='bbox 1332 775 1620 831; x_wconf 76' lang='grc' dir='ltr'><strong><em>Πηνελόπειαν</em></strong></span> 
     </span>
     <span class='ocr_line' id='line_1_11' title="bbox 121 836 1621 897; baseline 0.003 -17"><span class='ocrx_word' id='word_1_81' title='bbox 121 852 168 879; x_wconf 88' lang='lat'><strong><em>10</em></strong></span> <span class='ocrx_word' id='word_1_82' title='bbox 180 837 449 880; x_wconf 83' lang='grc' dir='ltr'><strong><em>ιίναλυσασαν</em></strong></span> <span class='ocrx_word' id='word_1_83' title='bbox 476 838 530 879; x_wconf 79' lang='grc' dir='ltr'><strong><em>τὰ</em></strong></span> <span class='ocrx_word' id='word_1_84' title='bbox 563 836 679 892; x_wconf 82' lang='grc' dir='ltr'><strong><em>παρά</em></strong></span> <span class='ocrx_word' id='word_1_85' title='bbox 707 854 819 888; x_wconf 86' lang='grc' dir='ltr'><strong><em>τινος</em></strong></span> <span class='ocrx_word' id='word_1_86' title='bbox 844 840 1189 896; x_wconf 80' lang='grc' dir='ltr'><strong><em>Κοντοστεφάνου</em></strong></span> <span class='ocrx_word' id='word_1_87' title='bbox 1218 843 1506 897; x_wconf 75' lang='grc' dir='ltr'><strong><em>εξυφανθέντα</em></strong></span> <span class='ocrx_word' id='word_1_88' title='bbox 1543 860 1621 885; x_wconf 81' lang='grc' dir='ltr'><strong><em>συ-</em></strong></span> 
     </span>
     <span class='ocr_line' id='line_1_12' title="bbox 178 898 1620 962; baseline 0.003 -15"><span class='ocrx_word' id='word_1_89' title='bbox 178 906 439 960; x_wconf 85' lang='grc' dir='ltr'><strong><em>στρέμματα.</em></strong></span> <span class='ocrx_word' id='word_1_90' title='bbox 497 898 549 959; x_wconf 77' lang='grc' dir='ltr'><strong><em>ἦν</em></strong></span> <span class='ocrx_word' id='word_1_91' title='bbox 571 906 606 945; x_wconf 87' lang='grc' dir='ltr'><strong><em>δ’</em></strong></span> <span class='ocrx_word' id='word_1_92' title='bbox 632 898 684 946; x_wconf 74' lang='grc' dir='ltr'><strong><em>ἂν</em></strong></span> <span class='ocrx_word' id='word_1_93' title='bbox 714 904 790 945; x_wconf 76' lang='grc' dir='ltr'><strong><em>οὔκ</em></strong></span> <span class='ocrx_word' id='word_1_94' title='bbox 819 904 1096 948; x_wconf 70' lang='grc' dir='ltr'><strong><em>ἀσπούδαστα</em></strong></span> <span class='ocrx_word' id='word_1_95' title='bbox 1114 908 1253 948; x_wconf 82' lang='grc' dir='ltr'><strong><em>ταῦτα</em></strong></span> <span class='ocrx_word' id='word_1_96' title='bbox 1284 908 1384 950; x_wconf 68' lang='grc' dir='ltr'><strong><em>οὐδὲ</em></strong></span> <span class='ocrx_word' id='word_1_97' title='bbox 1409 911 1485 949; x_wconf 79' lang='grc' dir='ltr'><strong><em>τοῦ</em></strong></span> <span class='ocrx_word' id='word_1_98' title='bbox 1514 903 1620 962; x_wconf 71' lang='grc' dir='ltr'><strong><em>ἄγοι-</em></strong></span> 
     </span>
     <span class='ocr_line' id='line_1_13' title="bbox 176 968 1657 1031; baseline 0.003 -20"><span class='ocrx_word' id='word_1_99' title='bbox 176 972 281 1012; x_wconf 77' lang='grc' dir='ltr'><strong><em>σθαι</em></strong></span> <span class='ocrx_word' id='word_1_100' title='bbox 312 968 559 1025; x_wconf 80' lang='grc' dir='ltr'><strong><em>πόρρωθεν,</em></strong></span> <span class='ocrx_word' id='word_1_101' title='bbox 589 968 645 1018; x_wconf 78' lang='grc' dir='ltr'><strong><em>ὥς</em></strong></span> <span class='ocrx_word' id='word_1_102' title='bbox 675 969 757 1011; x_wconf 80' lang='grc' dir='ltr'><strong><em>ὖπὸ</em></strong></span> <span class='ocrx_word' id='word_1_103' title='bbox 780 968 974 1024; x_wconf 85' lang='grc' dir='ltr'><strong><em>γυναικὸς</em></strong></span> <span class='ocrx_word' id='word_1_104' title='bbox 1004 969 1345 1026; x_wconf 78' lang='grc' dir='ltr'><strong><em>κατορθούμενα,</em></strong></span> <span class='ocrx_word' id='word_1_105' title='bbox 1380 971 1497 1027; x_wconf 82' lang='grc' dir='ltr'><strong><em>εἴπερ</em></strong></span> <span class='ocrx_word' id='word_1_106' title='bbox 1523 970 1657 1031; x_wconf 53' lang='lat' dir='ltr'><strong>§tis-c</strong></span> 
     </span>
     <span class='ocr_line' id='line_1_14' title="bbox 176 1031 1615 1096; baseline 0.003 -18"><span class='ocrx_word' id='word_1_107' title='bbox 176 1051 257 1078; x_wconf 89' lang='grc' dir='ltr'><strong><em>σαν</em></strong></span> <span class='ocrx_word' id='word_1_108' title='bbox 284 1037 416 1090; x_wconf 84' lang='grc' dir='ltr'><strong><em>μέτρα</em></strong></span> <span class='ocrx_word' id='word_1_109' title='bbox 441 1037 515 1077; x_wconf 82' lang='grc' dir='ltr'><strong><em>καί</em></strong></span> <span class='ocrx_word' id='word_1_110' title='bbox 543 1031 659 1096; x_wconf 76' lang='grc' dir='ltr'><strong><em>ὅροις</em></strong></span> <span class='ocrx_word' id='word_1_111' title='bbox 687 1034 907 1091; x_wconf 74' lang='grc' dir='ltr'><strong><em>ὑπήγοντο.</em></strong></span> <span class='ocrx_word' id='word_1_112' title='bbox 971 1038 1045 1078; x_wconf 82' lang='grc' dir='ltr'><strong><em>νῦν</em></strong></span> <span class='ocrx_word' id='word_1_113' title='bbox 1080 1038 1118 1078; x_wconf 88' lang='grc' dir='ltr'><strong><em>δ’</em></strong></span> <span class='ocrx_word' id='word_1_114' title='bbox 1142 1035 1189 1079; x_wconf 89' lang='grc' dir='ltr'><strong><em>τὸ</em></strong></span> <span class='ocrx_word' id='word_1_115' title='bbox 1231 1033 1339 1092; x_wconf 75' lang='grc' dir='ltr'><strong><em>ἄγαν</em></strong></span> <span class='ocrx_word' id='word_1_116' title='bbox 1377 1042 1615 1095; x_wconf 83' lang='grc' dir='ltr'><strong><em>τυφομανὲς</em></strong></span> 
     </span>
     <span class='ocr_line' id='line_1_15' title="bbox 177 1100 1616 1157; baseline 0.003 -14"><span class='ocrx_word' id='word_1_117' title='bbox 177 1101 251 1144; x_wconf 77' lang='grc' dir='ltr'><em>καί</em></span> <span class='ocrx_word' id='word_1_118' title='bbox 275 1102 562 1156; x_wconf 82' lang='grc' dir='ltr'><strong><em>πολυσπερχὲς</em></strong></span> <span class='ocrx_word' id='word_1_119' title='bbox 587 1101 664 1157; x_wconf 82' lang='grc' dir='ltr'><strong><em>τῆς</em></strong></span> <span class='ocrx_word' id='word_1_120' title='bbox 692 1102 910 1157; x_wconf 77' lang='grc' dir='ltr'><strong><em>δεσποίνης</em></strong></span> <span class='ocrx_word' id='word_1_121' title='bbox 935 1100 1009 1144; x_wconf 80' lang='grc' dir='ltr'><strong><em>καί</em></strong></span> <span class='ocrx_word' id='word_1_122' title='bbox 1044 1100 1091 1144; x_wconf 87' lang='grc' dir='ltr'>τὸ</span> <span class='ocrx_word' id='word_1_123' title='bbox 1122 1104 1271 1146; x_wconf 78' lang='grc' dir='ltr'><strong><em>δοκοῦν</em></strong></span> <span class='ocrx_word' id='word_1_124' title='bbox 1299 1102 1400 1153; x_wconf 75' lang='grc' dir='ltr'><strong><em>ὶσως</em></strong></span> <span class='ocrx_word' id='word_1_125' title='bbox 1441 1103 1616 1155; x_wconf 87' lang='grc' dir='ltr'><strong><em>δεόντως</em></strong></span> 
     </span>
     <span class='ocr_line' id='line_1_16' title="bbox 118 1163 1616 1225; baseline -0.001 -14"><span class='ocrx_word' id='word_1_126' title='bbox 118 1170 165 1211; x_wconf 85' lang='lat'><strong><em>15</em></strong></span> <span class='ocrx_word' id='word_1_127' title='bbox 178 1168 470 1222; x_wconf 72' lang='grc' dir='ltr'><strong><em>α’κριβωθῆναι</em></strong></span> <span class='ocrx_word' id='word_1_128' title='bbox 497 1163 669 1221; x_wconf 84' lang='grc' dir='ltr'><strong><em>ἧχρείου</em></strong></span> <span class='ocrx_word' id='word_1_129' title='bbox 698 1181 741 1208; x_wconf 89' lang='grc' dir='ltr'><strong><em>τε</em></strong></span> <span class='ocrx_word' id='word_1_130' title='bbox 775 1168 847 1208; x_wconf 84' lang='grc' dir='ltr'><em>καί</em></span> <span class='ocrx_word' id='word_1_131' title='bbox 874 1168 1138 1223; x_wconf 71' lang='grc' dir='ltr'><strong><em>διέφθειρεν,</em></strong></span> <span class='ocrx_word' id='word_1_132' title='bbox 1181 1167 1239 1218; x_wconf 75' lang='grc' dir='ltr'><strong><em>ὥς</em></strong></span> <span class='ocrx_word' id='word_1_133' title='bbox 1270 1171 1439 1225; x_wconf 84' lang='grc' dir='ltr'><strong><em>νέφεσιν</em></strong></span> <span class='ocrx_word' id='word_1_134' title='bbox 1476 1167 1616 1224; x_wconf 72' lang='grc' dir='ltr'><strong><em>ἣλιος,</em></strong></span> 
     </span>
     <span class='ocr_line' id='line_1_17' title="bbox 175 1231 1615 1291; baseline 0.001 -15"><span class='ocrx_word' id='word_1_135' title='bbox 175 1239 260 1284; x_wconf 85' lang='grc' dir='ltr'><strong><em>τοῖς</em></strong></span> <span class='ocrx_word' id='word_1_136' title='bbox 285 1233 584 1287; x_wconf 78' lang='grc' dir='ltr'><strong><em>ἐπιγινομένοις</em></strong></span> <span class='ocrx_word' id='word_1_137' title='bbox 609 1232 874 1282; x_wconf 86' lang='grc' dir='ltr'><strong><em>α’πευκταιόις</em></strong></span> <span class='ocrx_word' id='word_1_138' title='bbox 893 1231 1212 1289; x_wconf 83' lang='grc' dir='ltr'><strong><em>α’φαυρούμενα.</em></strong></span> <span class='ocrx_word' id='word_1_139' title='bbox 1267 1237 1506 1290; x_wconf 84' lang='grc' dir='ltr'><strong><em>τραπομένη</em></strong></span> <span class='ocrx_word' id='word_1_140' title='bbox 1533 1236 1615 1291; x_wconf 79' lang='grc' dir='ltr'><strong><em>γάρ</em></strong></span> 
     </span>
     <span class='ocr_line' id='line_1_18' title="bbox 175 1295 1619 1354; baseline 0.001 -14"><span class='ocrx_word' id='word_1_141' title='bbox 175 1300 221 1349; x_wconf 80' lang='grc' dir='ltr'><strong><em>ἐς</em></strong></span> <span class='ocrx_word' id='word_1_142' title='bbox 248 1295 501 1353; x_wconf 77' lang='grc' dir='ltr'><strong><em>προγνώσεις</em></strong></span> <span class='ocrx_word' id='word_1_143' title='bbox 540 1299 623 1338; x_wconf 79' lang='grc' dir='ltr'><strong><em>τῶν</em></strong></span> <span class='ocrx_word' id='word_1_144' title='bbox 662 1299 891 1351; x_wconf 84' lang='grc' dir='ltr'><strong><em>γινομένων</em></strong></span> <span class='ocrx_word' id='word_1_145' title='bbox 929 1299 1256 1354; x_wconf 83' lang='grc' dir='ltr'><strong><em>α’ρρητουργίαις</em></strong></span> <span class='ocrx_word' id='word_1_146' title='bbox 1292 1301 1367 1341; x_wconf 78' lang='grc' dir='ltr'><strong><em>καί</em></strong></span> <span class='ocrx_word' id='word_1_147' title='bbox 1402 1303 1619 1353; x_wconf 87' lang='grc' dir='ltr'><strong><em>μαντείαις</em></strong></span> 
     </span>
     <span class='ocr_line' id='line_1_19' title="bbox 173 1361 1621 1420; baseline 0.001 -13"><span class='ocrx_word' id='word_1_148' title='bbox 173 1366 413 1419; x_wconf 83' lang='grc' dir='ltr'><strong><em>προσέκειτο</em></strong></span> <span class='ocrx_word' id='word_1_149' title='bbox 441 1363 515 1405; x_wconf 80' lang='grc' dir='ltr'><strong><em>καί</em></strong></span> <span class='ocrx_word' id='word_1_150' title='bbox 539 1361 670 1404; x_wconf 74' lang='grc' dir='ltr'><strong><em>πολλὰ</em></strong></span> <span class='ocrx_word' id='word_1_151' title='bbox 696 1364 781 1405; x_wconf 75' lang='grc' dir='ltr'><strong><em>τῶν</em></strong></span> <span class='ocrx_word' id='word_1_152' title='bbox 808 1363 1025 1417; x_wconf 73' lang='grc' dir='ltr'><strong><em>ἀθεμίτων</em></strong></span> <span class='ocrx_word' id='word_1_153' title='bbox 1051 1363 1278 1420; x_wconf 78' lang='grc' dir='ltr'><strong><em>εἰργάζετο,</em></strong></span> <span class='ocrx_word' id='word_1_154' title='bbox 1307 1364 1416 1407; x_wconf 69' lang='grc' dir='ltr'><strong><em>ὥστε</em></strong></span> <span class='ocrx_word' id='word_1_155' title='bbox 1444 1368 1518 1408; x_wconf 82' lang='grc' dir='ltr'>καί</span> <span class='ocrx_word' id='word_1_156' title='bbox 1541 1369 1621 1408; x_wconf 83' lang='grc' dir='ltr'><strong><em>τοῦ</em></strong></span> 
     </span>
     <span class='ocr_line' id='line_1_20' title="bbox 176 1426 1620 1489; baseline -0.001 -15"><span class='ocrx_word' id='word_1_157' title='bbox 176 1430 457 1474; x_wconf 84' lang='grc' dir='ltr'><strong><em>Καλυδωνίου</em></strong></span> <span class='ocrx_word' id='word_1_158' title='bbox 485 1426 589 1478; x_wconf 84' lang='grc' dir='ltr'><strong><em>συὸς</em></strong></span> <span class='ocrx_word' id='word_1_159' title='bbox 617 1427 661 1471; x_wconf 90' lang='grc' dir='ltr'><strong><em>τὸ</em></strong></span> <span class='ocrx_word' id='word_1_160' title='bbox 688 1428 846 1484; x_wconf 78' lang='grc' dir='ltr'><strong><em>ῥύγχος</em></strong></span> <span class='ocrx_word' id='word_1_161' title='bbox 873 1428 1085 1484; x_wconf 76' lang='grc' dir='ltr'><strong><em>ἀπέτεμεν,</em></strong></span> <span class='ocrx_word' id='word_1_162' title='bbox 1115 1429 1158 1480; x_wconf 85' lang='grc' dir='ltr'><strong><em>ὃς</em></strong></span> <span class='ocrx_word' id='word_1_163' title='bbox 1185 1432 1231 1472; x_wconf 78' lang='grc' dir='ltr'><strong><em>ἐν</em></strong></span> <span class='ocrx_word' id='word_1_164' title='bbox 1255 1432 1315 1489; x_wconf 70' lang='grc' dir='ltr'><strong><em>τῷ</em></strong></span> <span class='ocrx_word' id='word_1_165' title='bbox 1334 1430 1489 1488; x_wconf 76' lang='grc' dir='ltr'><strong><em>ἱππικῷ</em></strong></span> <span class='ocrx_word' id='word_1_166' title='bbox 1512 1435 1620 1485; x_wconf 80' lang='grc' dir='ltr'><strong><em>χαλ-</em></strong></span> 
     </span>
     <span class='ocr_line' id='line_1_21' title="bbox 114 1494 1619 1553; baseline -0.001 -14"><span class='ocrx_word' id='word_1_167' title='bbox 114 1511 165 1539; x_wconf 79' lang='lat'><strong><em>20</em></strong></span> <span class='ocrx_word' id='word_1_168' title='bbox 177 1497 276 1545; x_wconf 82' lang='grc' dir='ltr'><strong><em>κοῦς</em></strong></span> <span class='ocrx_word' id='word_1_169' title='bbox 302 1494 520 1548; x_wconf 82' lang='grc' dir='ltr'><strong><em>ἱστάμενος</em></strong></span> <span class='ocrx_word' id='word_1_170' title='bbox 561 1497 730 1550; x_wconf 87' lang='grc' dir='ltr'><strong><em>φρίσσει</em></strong></span> <span class='ocrx_word' id='word_1_171' title='bbox 770 1494 846 1550; x_wconf 79' lang='grc' dir='ltr'><strong><em>τὴν</em></strong></span> <span class='ocrx_word' id='word_1_172' title='bbox 886 1495 1039 1553; x_wconf 80' lang='grc' dir='ltr'><strong><em>λοφιὰν</em></strong></span> <span class='ocrx_word' id='word_1_173' title='bbox 1082 1498 1156 1539; x_wconf 80' lang='grc' dir='ltr'><strong><em>καί</em></strong></span> <span class='ocrx_word' id='word_1_174' title='bbox 1196 1502 1336 1552; x_wconf 79' lang='grc' dir='ltr'><strong><em>χωρεῖ’</em></strong></span> <span class='ocrx_word' id='word_1_175' title='bbox 1363 1495 1619 1551; x_wconf 83' lang='grc' dir='ltr'><strong><em>χαυλιόδους</em></strong></span> 
     </span>
     <span class='ocr_line' id='line_1_22' title="bbox 176 1559 1618 1617; baseline -0.001 -13"><span class='ocrx_word' id='word_1_176' title='bbox 176 1561 283 1617; x_wconf 84' lang='grc' dir='ltr'><strong><em>πρὸς</em></strong></span> <span class='ocrx_word' id='word_1_177' title='bbox 313 1564 479 1614; x_wconf 84' lang='grc' dir='ltr'><strong><em>λέοντα,</em></strong></span> <span class='ocrx_word' id='word_1_178' title='bbox 522 1559 691 1602; x_wconf 73' lang='grc' dir='ltr'><strong><em>καὶτὸν</em></strong></span> <span class='ocrx_word' id='word_1_179' title='bbox 727 1563 960 1603; x_wconf 81' lang='grc' dir='ltr'><strong><em>καλλίνικον</em></strong></span> <span class='ocrx_word' id='word_1_180' title='bbox 993 1561 1205 1616; x_wconf 69' lang='grc' dir='ltr'><strong><em>“Ηρακλῆν</em></strong></span> <span class='ocrx_word' id='word_1_181' title='bbox 1246 1564 1322 1604; x_wconf 79' lang='grc' dir='ltr'><strong><em>τοῦ</em></strong></span> <span class='ocrx_word' id='word_1_182' title='bbox 1357 1560 1618 1616; x_wconf 80' lang='grc' dir='ltr'><strong><em>Λυσιμάχου</em></strong></span> 
     </span>
     <span class='ocr_line' id='line_1_23' title="bbox 176 1621 1618 1684; baseline 0 -15"><span class='ocrx_word' id='word_1_183' title='bbox 176 1625 310 1683; x_wconf 76' lang='grc' dir='ltr'><strong><em>ἔργων</em></strong></span> <span class='ocrx_word' id='word_1_184' title='bbox 334 1626 381 1670; x_wconf 84' lang='grc' dir='ltr'><strong><em>τὸ</em></strong></span> <span class='ocrx_word' id='word_1_185' title='bbox 411 1624 625 1669; x_wconf 76' lang='grc' dir='ltr'><strong><em>κάλλιπον</em></strong></span> <span class='ocrx_word' id='word_1_186' title='bbox 653 1621 767 1680; x_wconf 77' lang='grc' dir='ltr'><strong><em>ὄντα,</em></strong></span> <span class='ocrx_word' id='word_1_187' title='bbox 791 1629 910 1683; x_wconf 80' lang='grc' dir='ltr'><strong><em>χειρί</em></strong></span> <span class='ocrx_word' id='word_1_188' title='bbox 933 1626 1118 1680; x_wconf 84' lang='grc' dir='ltr'><strong><em>βαλόντα</em></strong></span> <span class='ocrx_word' id='word_1_189' title='bbox 1145 1626 1222 1683; x_wconf 73' lang='grc' dir='ltr'><strong><em>την</em></strong></span> <span class='ocrx_word' id='word_1_190' title='bbox 1250 1626 1434 1684; x_wconf 75' lang='grc' dir='ltr'><strong><em>κεφαλὴν</em></strong></span> <span class='ocrx_word' id='word_1_191' title='bbox 1460 1630 1534 1683; x_wconf 80' lang='grc' dir='ltr'><strong><em>τῆς</em></strong></span> <span class='ocrx_word' id='word_1_192' title='bbox 1552 1632 1618 1669; x_wconf 84' lang='grc' dir='ltr'><strong><em>λε-</em></strong></span> 
     </span>
    </p>
   </div>
   <div class='ocr_carea' id='block_1_3' title="bbox 267 1758 1619 1947">
    <p class='ocr_par' dir='ltr' id='par_1_3' title="bbox 267 1758 1619 1947">
     <span class='ocr_line' id='line_1_24' title="bbox 274 1758 1617 1815; baseline -0.001 -21"><span class='ocrx_word' id='word_1_193' title='bbox 274 1773 302 1794; x_wconf 84' lang='grc' dir='ltr'><strong><em>ι.</em></strong></span> <span class='ocrx_word' id='word_1_194' title='bbox 330 1771 400 1803; x_wconf 84' lang='grc' dir='ltr'><strong><em>την</em></strong></span> <span class='ocrx_word' id='word_1_195' title='bbox 422 1779 468 1786; x_wconf 91' lang='lat'><strong><em>-—</em></strong></span> <span class='ocrx_word' id='word_1_196' title='bbox 491 1758 708 1805; x_wconf 73' lang='grc' dir='ltr'><strong><em>ἐπενεγκών</em></strong></span> <span class='ocrx_word' id='word_1_197' title='bbox 732 1770 790 1793; x_wconf 83' lang='lat' dir='ltr'><strong>orn</strong></span> <span class='ocrx_word' id='word_1_198' title='bbox 816 1759 856 1792; x_wconf 80' lang='lat' dir='ltr'><strong><em>A.</em></strong></span> <span class='ocrx_word' id='word_1_199' title='bbox 935 1760 986 1794; x_wconf 84' lang='lat'><strong><em>16.</em></strong></span> <span class='ocrx_word' id='word_1_200' title='bbox 1010 1758 1139 1815; x_wconf 87' lang='lat' dir='ltr'><strong>quidni</strong></span> <span class='ocrx_word' id='word_1_201' title='bbox 1163 1758 1490 1806; x_wconf 64' lang='grc' dir='ltr'><strong><em>ἀφαυρούμενονὲ</em></strong></span> <span class='ocrx_word' id='word_1_202' title='bbox 1561 1770 1617 1793; x_wconf 82' lang='lat'><strong><em>2¹.</em></strong></span> 
     </span>
     <span class='ocr_line' id='line_1_25' title="bbox 267 1802 1619 1860; baseline 0 -18"><span class='ocrx_word' id='word_1_203' title='bbox 267 1807 352 1856; x_wconf 75' lang='grc' dir='ltr'><strong><em>τοῦ]</em></strong></span> <span class='ocrx_word' id='word_1_204' title='bbox 378 1806 701 1842; x_wconf 66' lang='grc' dir='ltr'><strong><em>τιὸνΛυσίππουῗ</em></strong></span> <span class='ocrx_word' id='word_1_205' title='bbox 764 1815 818 1838; x_wconf 79' lang='lat'><strong><em>22.</em></strong></span> <span class='ocrx_word' id='word_1_206' title='bbox 845 1806 960 1860; x_wconf 82' lang='grc' dir='ltr'><strong><em>χειρι]</em></strong></span> <span class='ocrx_word' id='word_1_207' title='bbox 979 1802 1048 1848; x_wconf 66' lang='grc' dir='ltr'><strong><em>τιὶν</em></strong></span> <span class='ocrx_word' id='word_1_208' title='bbox 1073 1807 1192 1841; x_wconf 75' lang='grc' dir='ltr'><strong><em>αὐτοῦ</em></strong></span> <span class='ocrx_word' id='word_1_209' title='bbox 1215 1810 1426 1852; x_wconf 72' lang='grc' dir='ltr'><strong><em>κρατοῦντα</em></strong></span> <span class='ocrx_word' id='word_1_210' title='bbox 1449 1805 1619 1852; x_wconf 70' lang='grc' dir='ltr'><strong><em>κεφαλήν</em></strong></span> 
     </span>
     <span class='ocr_line' id='line_1_26' title="bbox 269 1847 1619 1900; baseline 0 -13"><span class='ocrx_word' id='word_1_211' title='bbox 269 1857 336 1888; x_wconf 73' lang='grc' dir='ltr'><strong><em>καὶ</em></strong></span> <span class='ocrx_word' id='word_1_212' title='bbox 361 1851 429 1892; x_wconf 80' lang='grc' dir='ltr'><strong><em>τὰς</em></strong></span> <span class='ocrx_word' id='word_1_213' title='bbox 454 1853 572 1897; x_wconf 80' lang='grc' dir='ltr'><strong><em>τύχας</em></strong></span> <span class='ocrx_word' id='word_1_214' title='bbox 594 1854 774 1887; x_wconf 70' lang='grc' dir='ltr'><strong><em>κλαίοντα</em></strong></span> <span class='ocrx_word' id='word_1_215' title='bbox 798 1847 891 1887; x_wconf 78' lang='grc' dir='ltr'><strong><em>κατιὶ</em></strong></span> <span class='ocrx_word' id='word_1_216' title='bbox 916 1855 985 1888; x_wconf 84' lang='grc' dir='ltr'><strong><em>τοῦ</em></strong></span> <span class='ocrx_word' id='word_1_217' title='bbox 1009 1851 1129 1890; x_wconf 74' lang='grc' dir='ltr'><strong><em>νώτου</em></strong></span> <span class='ocrx_word' id='word_1_218' title='bbox 1152 1854 1216 1888; x_wconf 75' lang='grc' dir='ltr'><strong><em>καὶ</em></strong></span> <span class='ocrx_word' id='word_1_219' title='bbox 1241 1855 1303 1897; x_wconf 80' lang='grc' dir='ltr'><strong><em>τῆς</em></strong></span> <span class='ocrx_word' id='word_1_220' title='bbox 1327 1853 1445 1900; x_wconf 78' lang='grc' dir='ltr'><strong><em>ράχης</em></strong></span> <span class='ocrx_word' id='word_1_221' title='bbox 1460 1854 1619 1892; x_wconf 80' lang='grc' dir='ltr'><strong><em>πολλαῖς</em></strong></span> 
     </span>
     <span class='ocr_line' id='line_1_27' title="bbox 269 1899 809 1947; baseline -0.008 -12"><span class='ocrx_word' id='word_1_222' title='bbox 269 1900 450 1947; x_wconf 74' lang='grc' dir='ltr'><strong><em>μάστιξιν</em></strong></span> <span class='ocrx_word' id='word_1_223' title='bbox 473 1901 747 1946; x_wconf 80' lang='grc' dir='ltr'><strong><em>ἐμαστίγωσεν.</em></strong></span> <span class='ocrx_word' id='word_1_224' title='bbox 772 1899 809 1931; x_wconf 93' lang='grc' dir='ltr'><strong><em>Β.</em></strong></span> 
     </span>
    </p>
   </div>
   <div class='ocr_carea' id='block_1_4' title="bbox 175 2017 1617 2763">
    <p class='ocr_par' dir='ltr' id='par_1_4' title="bbox 175 2017 1617 2193">
     <span class='ocr_line' id='line_1_28' title="bbox 177 2017 1615 2065; baseline 0.001 -14"><span class='ocrx_word' id='word_1_225' title='bbox 177 2018 394 2065; x_wconf 81' lang='lat' dir='ltr'>pellectum,</span> <span class='ocrx_word' id='word_1_226' title='bbox 421 2017 524 2059; x_wconf 80' lang='lat' dir='ltr'><strong>dato,</strong></span> <span class='ocrx_word' id='word_1_227' title='bbox 553 2023 594 2050; x_wconf 90' lang='lat' dir='ltr'><strong>ut</strong></span> <span class='ocrx_word' id='word_1_228' title='bbox 617 2017 712 2059; x_wconf 79' lang='lat' dir='ltr'><strong>dixi,</strong></span> <span class='ocrx_word' id='word_1_229' title='bbox 739 2018 910 2063; x_wconf 90' lang='lat' dir='ltr'><strong>utrinque</strong></span> <span class='ocrx_word' id='word_1_230' title='bbox 942 2017 1195 2059; x_wconf 85' lang='lat' dir='ltr'><strong>iureiurando,</strong></span> <span class='ocrx_word' id='word_1_231' title='bbox 1221 2018 1259 2051; x_wconf 88' lang='lat' dir='ltr'><strong><em>in</em></strong></span> <span class='ocrx_word' id='word_1_232' title='bbox 1282 2017 1426 2051; x_wconf 83' lang='lat' dir='ltr'><strong>vincula</strong></span> <span class='ocrx_word' id='word_1_233' title='bbox 1455 2019 1615 2060; x_wconf 87' lang='lat' dir='ltr'><strong>coniicit,</strong></span> 
     </span>
     <span class='ocr_line' id='line_1_29' title="bbox 176 2065 1616 2110; baseline 0 -12"><span class='ocrx_word' id='word_1_234' title='bbox 176 2065 351 2099; x_wconf 81' lang='lat' dir='ltr'><strong>Davidica</strong></span> <span class='ocrx_word' id='word_1_235' title='bbox 375 2065 440 2098; x_wconf 81' lang='lat' dir='ltr'><strong>illa</strong></span> <span class='ocrx_word' id='word_1_236' title='bbox 466 2065 643 2098; x_wconf 83' lang='lat' dir='ltr'><strong>sententia</strong></span> <span class='ocrx_word' id='word_1_237' title='bbox 669 2075 773 2105; x_wconf 89' lang='lat' dir='ltr'><strong>„cum</strong></span> <span class='ocrx_word' id='word_1_238' title='bbox 800 2070 922 2098; x_wconf 76' lang='lat' dir='ltr'><strong>sancto</strong></span> <span class='ocrx_word' id='word_1_239' title='bbox 947 2071 1090 2098; x_wconf 86' lang='lat' dir='ltr'><strong>sanctus</strong></span> <span class='ocrx_word' id='word_1_240' title='bbox 1110 2071 1147 2098; x_wconf 87' lang='lat' dir='ltr'><strong><em>et</em></strong></span> <span class='ocrx_word' id='word_1_241' title='bbox 1176 2077 1254 2098; x_wconf 90' lang='lat' dir='ltr'><strong><em>cum</em></strong></span> <span class='ocrx_word' id='word_1_242' title='bbox 1281 2076 1447 2110; x_wconf 87' lang='lat' dir='ltr'><strong>perverso</strong></span> <span class='ocrx_word' id='word_1_243' title='bbox 1470 2076 1616 2110; x_wconf 80' lang='lat' dir='ltr'><strong>perver-</strong></span> 
     </span>
     <span class='ocr_line' id='line_1_30' title="bbox 177 2111 1617 2156; baseline 0 -11"><span class='ocrx_word' id='word_1_244' title='bbox 177 2124 236 2145; x_wconf 86' lang='lat' dir='ltr'><strong><em>sus</em></strong></span> <span class='ocrx_word' id='word_1_245' title='bbox 264 2112 355 2145; x_wconf 84' lang='lat' dir='ltr'><strong>eris’&#39;</strong></span> <span class='ocrx_word' id='word_1_246' title='bbox 379 2112 521 2145; x_wconf 82' lang='lat' dir='ltr'><strong>abusus.</strong></span> <span class='ocrx_word' id='word_1_247' title='bbox 546 2111 632 2144; x_wconf 90' lang='lat' dir='ltr'><strong>inde</strong></span> <span class='ocrx_word' id='word_1_248' title='bbox 660 2111 809 2144; x_wconf 77' lang='lat' dir='ltr'>urbibus</span> <span class='ocrx_word' id='word_1_249' title='bbox 836 2117 873 2144; x_wconf 89' lang='lat' dir='ltr'><strong><em>et</em></strong></span> <span class='ocrx_word' id='word_1_250' title='bbox 896 2112 1052 2145; x_wconf 82' lang='lat' dir='ltr'><strong>castellis</strong></span> <span class='ocrx_word' id='word_1_251' title='bbox 1072 2112 1161 2146; x_wconf 89' lang='lat' dir='ltr'><strong>citra</strong></span> <span class='ocrx_word' id='word_1_252' title='bbox 1184 2111 1344 2145; x_wconf 86' lang='lat' dir='ltr'><strong>laborem</strong></span> <span class='ocrx_word' id='word_1_253' title='bbox 1367 2112 1518 2156; x_wconf 85' lang='lat' dir='ltr'><strong>potitus,</strong></span> <span class='ocrx_word' id='word_1_254' title='bbox 1544 2113 1617 2145; x_wconf 85' lang='lat' dir='ltr'><strong><em>sra-</em></strong></span> 
     </span>
     <span class='ocr_line' id='line_1_31' title="bbox 175 2158 912 2193; baseline -0.003 -1"><span class='ocrx_word' id='word_1_255' title='bbox 175 2165 266 2193; x_wconf 86' lang='lat' dir='ltr'><strong>trem</strong></span> <span class='ocrx_word' id='word_1_256' title='bbox 292 2159 369 2192; x_wconf 87' lang='lat' dir='ltr'><strong>eius</strong></span> <span class='ocrx_word' id='word_1_257' title='bbox 394 2158 524 2192; x_wconf 85' lang='lat' dir='ltr'><strong>Mitum</strong></span> <span class='ocrx_word' id='word_1_258' title='bbox 550 2158 589 2190; x_wconf 91' lang='lat' dir='ltr'><strong><em>in</em></strong></span> <span class='ocrx_word' id='word_1_259' title='bbox 614 2158 763 2190; x_wconf 81' lang='lat' dir='ltr'><strong>exilium</strong></span> <span class='ocrx_word' id='word_1_260' title='bbox 790 2158 912 2191; x_wconf 86' lang='lat' dir='ltr'><strong>mittit.</strong></span> 
     </span>
    </p>

    <p class='ocr_par' dir='ltr' id='par_1_5' title="bbox 176 2203 1617 2763">
     <span class='ocr_line' id='line_1_32' title="bbox 268 2203 1617 2250; baseline 0 -12"><span class='ocrx_word' id='word_1_261' title='bbox 268 2206 332 2238; x_wconf 87' lang='lat' dir='ltr'><strong>His</strong></span> <span class='ocrx_word' id='word_1_262' title='bbox 349 2205 502 2250; x_wconf 82' lang='lat' dir='ltr'><strong>peractis</strong></span> <span class='ocrx_word' id='word_1_263' title='bbox 522 2205 730 2248; x_wconf 78' lang='lat' dir='ltr'><strong>Byzantium</strong></span> <span class='ocrx_word' id='word_1_264' title='bbox 753 2215 925 2244; x_wconf 82' lang='lat' dir='ltr'><strong>reversus,</strong></span> <span class='ocrx_word' id='word_1_265' title='bbox 941 2203 1129 2249; x_wconf 85' lang='lat' dir='ltr'><strong>coniugem</strong></span> <span class='ocrx_word' id='word_1_266' title='bbox 1145 2204 1404 2249; x_wconf 76' lang='lat' dir='ltr'>Euphrosynen</span> <span class='ocrx_word' id='word_1_267' title='bbox 1420 2215 1495 2249; x_wconf 83' lang='lat' dir='ltr'><strong><em>non</em></strong></span> <span class='ocrx_word' id='word_1_268' title='bbox 1520 2205 1617 2248; x_wconf 86' lang='lat' dir='ltr'><strong>otio-</strong></span> 
     </span>
     <span class='ocr_line' id='line_1_33' title="bbox 176 2250 1615 2297; baseline 0 -12"><span class='ocrx_word' id='word_1_269' title='bbox 176 2263 250 2285; x_wconf 80' lang='lat' dir='ltr'><strong><em>sam</em></strong></span> <span class='ocrx_word' id='word_1_270' title='bbox 283 2251 466 2285; x_wconf 83' lang='lat' dir='ltr'>desedisse</span> <span class='ocrx_word' id='word_1_271' title='bbox 494 2251 591 2284; x_wconf 91' lang='lat' dir='ltr'><strong>domi</strong></span> <span class='ocrx_word' id='word_1_272' title='bbox 624 2251 780 2296; x_wconf 84' lang='lat' dir='ltr'><strong>reperit,</strong></span> <span class='ocrx_word' id='word_1_273' title='bbox 818 2251 883 2285; x_wconf 84' lang='lat' dir='ltr'><strong><em>sed</em></strong></span> <span class='ocrx_word' id='word_1_274' title='bbox 911 2250 1074 2284; x_wconf 82' lang='lat' dir='ltr'><strong>homines</strong></span> <span class='ocrx_word' id='word_1_275' title='bbox 1111 2251 1280 2284; x_wconf 80' lang='lat' dir='ltr'><strong>factiosos</strong></span> <span class='ocrx_word' id='word_1_276' title='bbox 1315 2257 1352 2284; x_wconf 92' lang='lat' dir='ltr'><strong><em>et</em></strong></span> <span class='ocrx_word' id='word_1_277' title='bbox 1387 2252 1615 2297; x_wconf 83' lang='lat' dir='ltr'><strong>peculatores</strong></span> 
     </span>
     <span class='ocr_line' id='line_1_34' title="bbox 176 2297 1615 2343; baseline -0.001 -11"><span class='ocrx_word' id='word_1_278' title='bbox 176 2299 330 2332; x_wconf 78' lang='lat' dir='ltr'><strong>viriliter</strong></span> <span class='ocrx_word' id='word_1_279' title='bbox 354 2299 465 2332; x_wconf 84' lang='lat' dir='ltr'><strong>ultam</strong></span> <span class='ocrx_word' id='word_1_280' title='bbox 492 2298 678 2331; x_wconf 88' lang='lat' dir='ltr'><strong>cuiusdam</strong></span> <span class='ocrx_word' id='word_1_281' title='bbox 697 2297 984 2343; x_wconf 84' lang='lat' dir='ltr'><strong>Contostephani</strong></span> <span class='ocrx_word' id='word_1_282' title='bbox 1007 2302 1155 2331; x_wconf 83' lang='lat' dir='ltr'><strong>conatus</strong></span> <span class='ocrx_word' id='word_1_283' title='bbox 1178 2298 1410 2343; x_wconf 83' lang='lat' dir='ltr'><strong>oppressisse,</strong></span> <span class='ocrx_word' id='word_1_284' title='bbox 1431 2309 1506 2332; x_wconf 85' lang='lat' dir='ltr'><strong><em>non</em></strong></span> <span class='ocrx_word' id='word_1_285' title='bbox 1529 2310 1615 2332; x_wconf 88' lang='lat' dir='ltr'><strong>con-</strong></span> 
     </span>
     <span class='ocr_line' id='line_1_35' title="bbox 177 2343 1614 2391; baseline 0 -14"><span class='ocrx_word' id='word_1_286' title='bbox 177 2345 409 2379; x_wconf 87' lang='lat' dir='ltr'><strong>temnendum</strong></span> <span class='ocrx_word' id='word_1_287' title='bbox 428 2356 514 2379; x_wconf 77' lang='lat' dir='ltr'><strong>sane</strong></span> <span class='ocrx_word' id='word_1_288' title='bbox 539 2345 701 2385; x_wconf 84' lang='lat' dir='ltr'><strong>facinus,</strong></span> <span class='ocrx_word' id='word_1_289' title='bbox 729 2343 795 2377; x_wconf 86' lang='lat' dir='ltr'><strong><em>sed</em></strong></span> <span class='ocrx_word' id='word_1_290' title='bbox 829 2348 886 2390; x_wconf 85' lang='lat' dir='ltr'><strong>(ut</strong></span> <span class='ocrx_word' id='word_1_291' title='bbox 913 2344 1090 2391; x_wconf 84' lang='lat' dir='ltr'><strong>mulieris)</strong></span> <span class='ocrx_word' id='word_1_292' title='bbox 1126 2346 1247 2389; x_wconf 84' lang='lat' dir='ltr'><strong>potius</strong></span> <span class='ocrx_word' id='word_1_293' title='bbox 1284 2344 1524 2379; x_wconf 83' lang='lat' dir='ltr'>admiratione</span> <span class='ocrx_word' id='word_1_294' title='bbox 1558 2345 1614 2377; x_wconf 80' lang='lat' dir='ltr'><strong>di-</strong></span> 
     </span>
     <span class='ocr_line' id='line_1_36' title="bbox 178 2391 1614 2437; baseline 0.001 -14"><span class='ocrx_word' id='word_1_295' title='bbox 178 2402 307 2435; x_wconf 87' lang='lat' dir='ltr'><strong>gnum,</strong></span> <span class='ocrx_word' id='word_1_296' title='bbox 332 2393 363 2425; x_wconf 89' lang='lat' dir='ltr'><strong>si</strong></span> <span class='ocrx_word' id='word_1_297' title='bbox 389 2394 418 2425; x_wconf 86' lang='lat' dir='ltr'><strong>is</strong></span> <span class='ocrx_word' id='word_1_298' title='bbox 443 2403 546 2425; x_wconf 78' lang='lat' dir='ltr'><strong>sexus</strong></span> <span class='ocrx_word' id='word_1_299' title='bbox 572 2392 666 2425; x_wconf 85' lang='lat' dir='ltr'><strong>intra</strong></span> <span class='ocrx_word' id='word_1_300' title='bbox 690 2397 806 2424; x_wconf 88' lang='lat' dir='ltr'><strong>certos</strong></span> <span class='ocrx_word' id='word_1_301' title='bbox 835 2392 937 2437; x_wconf 80' lang='lat' dir='ltr'><strong>quasi</strong></span> <span class='ocrx_word' id='word_1_302' title='bbox 963 2391 1074 2424; x_wconf 84' lang='lat' dir='ltr'><strong>officii</strong></span> <span class='ocrx_word' id='word_1_303' title='bbox 1099 2391 1233 2424; x_wconf 86' lang='lat' dir='ltr'><strong>limites</strong></span> <span class='ocrx_word' id='word_1_304' title='bbox 1265 2403 1302 2425; x_wconf 82' lang='lat' dir='ltr'><strong><em>se</em></strong></span> <span class='ocrx_word' id='word_1_305' title='bbox 1341 2391 1512 2425; x_wconf 83' lang='lat' dir='ltr'><strong>cohibere</strong></span> <span class='ocrx_word' id='word_1_306' title='bbox 1544 2393 1614 2425; x_wconf 91' lang='lat' dir='ltr'><strong>sci-</strong></span> 
     </span>
     <span class='ocr_line' id='line_1_37' title="bbox 178 2438 1614 2483; baseline 0 -13"><span class='ocrx_word' id='word_1_307' title='bbox 178 2443 243 2470; x_wconf 85' lang='lat' dir='ltr'><strong>ret.</strong></span> <span class='ocrx_word' id='word_1_308' title='bbox 266 2450 361 2471; x_wconf 88' lang='lat' dir='ltr'><strong>nunc</strong></span> <span class='ocrx_word' id='word_1_309' title='bbox 382 2438 574 2472; x_wconf 81' lang='lat' dir='ltr'><strong>immodica</strong></span> <span class='ocrx_word' id='word_1_310' title='bbox 599 2438 768 2483; x_wconf 85' lang='lat' dir='ltr'><strong>superbia</strong></span> <span class='ocrx_word' id='word_1_311' title='bbox 794 2443 831 2471; x_wconf 86' lang='lat' dir='ltr'><strong><em>et</em></strong></span> <span class='ocrx_word' id='word_1_312' title='bbox 857 2438 1045 2471; x_wconf 78' lang='lat' dir='ltr'><strong>curiositas</strong></span> <span class='ocrx_word' id='word_1_313' title='bbox 1068 2448 1239 2483; x_wconf 84' lang='lat' dir='ltr'><strong>praeceps</strong></span> <span class='ocrx_word' id='word_1_314' title='bbox 1265 2444 1302 2472; x_wconf 88' lang='lat' dir='ltr'><strong><em>et</em></strong></span> <span class='ocrx_word' id='word_1_315' title='bbox 1336 2439 1388 2471; x_wconf 87' lang='lat' dir='ltr'><strong><em>rei</em></strong></span> <span class='ocrx_word' id='word_1_316' title='bbox 1421 2438 1516 2472; x_wconf 89' lang='lat' dir='ltr'><strong>bene</strong></span> <span class='ocrx_word' id='word_1_317' title='bbox 1553 2449 1614 2482; x_wconf 82' lang='lat' dir='ltr'><strong><em>ge-</em></strong></span> 
     </span>
     <span class='ocr_line' id='line_1_38' title="bbox 179 2484 1614 2529; baseline -0.001 -12"><span class='ocrx_word' id='word_1_318' title='bbox 179 2490 255 2517; x_wconf 82' lang='lat' dir='ltr'><strong>stae</strong></span> <span class='ocrx_word' id='word_1_319' title='bbox 280 2485 403 2529; x_wconf 87' lang='lat' dir='ltr'><strong>opinio</strong></span> <span class='ocrx_word' id='word_1_320' title='bbox 431 2491 527 2518; x_wconf 88' lang='lat' dir='ltr'><strong>recte</strong></span> <span class='ocrx_word' id='word_1_321' title='bbox 553 2486 648 2519; x_wconf 85' lang='lat' dir='ltr'><strong>facta</strong></span> <span class='ocrx_word' id='word_1_322' title='bbox 670 2491 712 2518; x_wconf 88' lang='lat' dir='ltr'><strong>ut</strong></span> <span class='ocrx_word' id='word_1_323' title='bbox 738 2485 850 2518; x_wconf 80' lang='lat' dir='ltr'><strong>solem</strong></span> <span class='ocrx_word' id='word_1_324' title='bbox 873 2485 989 2518; x_wconf 79' lang='lat' dir='ltr'><strong>nubes</strong></span> <span class='ocrx_word' id='word_1_325' title='bbox 1013 2484 1261 2518; x_wconf 83' lang='lat' dir='ltr'><strong>obscurarunt.</strong></span> <span class='ocrx_word' id='word_1_326' title='bbox 1285 2496 1368 2518; x_wconf 84' lang='lat' dir='ltr'><strong>nam</strong></span> <span class='ocrx_word' id='word_1_327' title='bbox 1388 2496 1467 2518; x_wconf 86' lang='lat' dir='ltr'><strong><em>cum</em></strong></span> <span class='ocrx_word' id='word_1_328' title='bbox 1493 2485 1614 2518; x_wconf 80' lang='lat' dir='ltr'><strong>sutura</strong></span> 
     </span>
     <span class='ocr_line' id='line_1_39' title="bbox 178 2531 1614 2574; baseline 0 -12"><span class='ocrx_word' id='word_1_329' title='bbox 178 2541 391 2574; x_wconf 82' lang='lat' dir='ltr'><strong>cognoscere</strong></span> <span class='ocrx_word' id='word_1_330' title='bbox 413 2532 542 2572; x_wconf 84' lang='lat' dir='ltr'><strong>vellet,</strong></span> <span class='ocrx_word' id='word_1_331' title='bbox 570 2532 609 2565; x_wconf 90' lang='lat' dir='ltr'><strong><em>in</em></strong></span> <span class='ocrx_word' id='word_1_332' title='bbox 635 2531 791 2565; x_wconf 83' lang='lat' dir='ltr'><strong>nefarias</strong></span> <span class='ocrx_word' id='word_1_333' title='bbox 818 2531 1059 2564; x_wconf 84' lang='lat' dir='ltr'><strong>divinationes</strong></span> <span class='ocrx_word' id='word_1_334' title='bbox 1085 2531 1318 2565; x_wconf 83' lang='lat' dir='ltr'><strong>incumbebat</strong></span> <span class='ocrx_word' id='word_1_335' title='bbox 1345 2537 1382 2565; x_wconf 82' lang='lat' dir='ltr'><strong><em>et</em></strong></span> <span class='ocrx_word' id='word_1_336' title='bbox 1402 2531 1514 2564; x_wconf 83' lang='lat' dir='ltr'><strong>multa</strong></span> <span class='ocrx_word' id='word_1_337' title='bbox 1538 2531 1614 2562; x_wconf 84' lang='lat' dir='ltr'><strong>ini-</strong></span> 
     </span>
     <span class='ocr_line' id='line_1_40' title="bbox 178 2577 1612 2623; baseline -0.001 -13"><span class='ocrx_word' id='word_1_338' title='bbox 178 2578 251 2610; x_wconf 80' lang='lat' dir='ltr'><strong>cita</strong></span> <span class='ocrx_word' id='word_1_339' title='bbox 270 2577 472 2621; x_wconf 78' lang='lat' dir='ltr'><strong>peragebat.</strong></span> <span class='ocrx_word' id='word_1_340' title='bbox 506 2579 628 2623; x_wconf 85' lang='lat' dir='ltr'><strong>itaque</strong></span> <span class='ocrx_word' id='word_1_341' title='bbox 669 2579 772 2611; x_wconf 84' lang='lat' dir='ltr'><strong>aenei</strong></span> <span class='ocrx_word' id='word_1_342' title='bbox 811 2579 888 2623; x_wconf 89' lang='lat' dir='ltr'><strong>apri</strong></span> <span class='ocrx_word' id='word_1_343' title='bbox 914 2578 1105 2621; x_wconf 59' lang='lat' dir='ltr'><strong>Calydonii</strong></span> <span class='ocrx_word' id='word_1_344' title='bbox 1137 2584 1288 2611; x_wconf 83' lang='lat' dir='ltr'><strong>rostrum</strong></span> <span class='ocrx_word' id='word_1_345' title='bbox 1318 2577 1517 2623; x_wconf 84' lang='lat' dir='ltr'><strong>praecidit,</strong></span> <span class='ocrx_word' id='word_1_346' title='bbox 1549 2577 1612 2621; x_wconf 89' lang='lat' dir='ltr'><strong>qui</strong></span> 
     </span>
     <span class='ocr_line' id='line_1_41' title="bbox 178 2623 1614 2704; baseline 0.001 -48"><span class='ocrx_word' id='word_1_347' title='bbox 178 2624 263 2656; x_wconf 84' lang='lat' dir='ltr'><strong>setis</strong></span> <span class='ocrx_word' id='word_1_348' title='bbox 288 2623 516 2657; x_wconf 81' lang='lat' dir='ltr'><strong>horrentibus</strong></span> <span class='ocrx_word' id='word_1_349' title='bbox 541 2631 578 2658; x_wconf 87' lang='lat' dir='ltr'><strong><em>et</em></strong></span> <span class='ocrx_word' id='word_1_350' title='bbox 599 2625 729 2658; x_wconf 82' lang='lat' dir='ltr'><strong>exertis</strong></span> <span class='ocrx_word' id='word_1_351' title='bbox 757 2625 928 2659; x_wconf 81' lang='lat' dir='ltr'><strong>dentibus</strong></span> <span class='ocrx_word' id='word_1_352' title='bbox 951 2623 1093 2704; x_wconf 46' lang='lat' dir='ltr'><strong>{eonem</strong></span> <span class='ocrx_word' id='word_1_353' title='bbox 1118 2625 1156 2657; x_wconf 89' lang='lat' dir='ltr'><strong><em>in</em></strong></span> <span class='ocrx_word' id='word_1_354' title='bbox 1189 2625 1343 2670; x_wconf 87' lang='lat' dir='ltr'><strong>Hippico</strong></span> <span class='ocrx_word' id='word_1_355' title='bbox 1375 2623 1534 2678; x_wconf 78' lang='lat' dir='ltr'><strong>invadit;</strong></span> <span class='ocrx_word' id='word_1_356' title='bbox 1577 2629 1614 2657; x_wconf 82' lang='lat' dir='ltr'><strong><em>et</em></strong></span> 
     </span>
     <span class='ocr_line' id='line_1_42' title="bbox 178 2669 1612 2716; baseline 0.001 -14"><span class='ocrx_word' id='word_1_357' title='bbox 178 2670 344 2703; x_wconf 89' lang='lat' dir='ltr'><strong>inclitum</strong></span> <span class='ocrx_word' id='word_1_358' title='bbox 385 2669 592 2711; x_wconf 81' lang='lat' dir='ltr'><strong>Herculem,</strong></span> <span class='ocrx_word' id='word_1_359' title='bbox 631 2671 909 2716; x_wconf 85' lang='lat' dir='ltr'><strong>pulcherrimum</strong></span> <span class='ocrx_word' id='word_1_360' title='bbox 979 2670 1152 2715; x_wconf 80' lang='lat' dir='ltr'><strong>ysimacbi</strong></span> <span class='ocrx_word' id='word_1_361' title='bbox 1191 2683 1302 2716; x_wconf 89' lang='lat' dir='ltr'><strong>opus,</strong></span> <span class='ocrx_word' id='word_1_362' title='bbox 1340 2671 1403 2714; x_wconf 88' lang='lat' dir='ltr'><strong>qui</strong></span> <span class='ocrx_word' id='word_1_363' title='bbox 1444 2670 1612 2703; x_wconf 85' lang='lat' dir='ltr'><strong>leoninae</strong></span> 
     </span>
     <span class='ocr_line' id='line_1_43' title="bbox 178 2715 1611 2763; baseline 0 -13"><span class='ocrx_word' id='word_1_364' title='bbox 178 2717 268 2763; x_wconf 83' lang='lat' dir='ltr'><strong>pelli</strong></span> <span class='ocrx_word' id='word_1_365' title='bbox 293 2717 501 2750; x_wconf 80' lang='lat' dir='ltr'><strong>incumbens</strong></span> <span class='ocrx_word' id='word_1_366' title='bbox 527 2717 643 2762; x_wconf 79' lang='lat' dir='ltr'><strong>capite</strong></span> <span class='ocrx_word' id='word_1_367' title='bbox 668 2718 707 2752; x_wconf 88' lang='lat' dir='ltr'><strong><em>in</em></strong></span> <span class='ocrx_word' id='word_1_368' title='bbox 732 2729 878 2752; x_wconf 85' lang='lat' dir='ltr'><strong>manum</strong></span> <span class='ocrx_word' id='word_1_369' title='bbox 907 2718 1082 2752; x_wconf 82' lang='lat' dir='ltr'><strong>inclinato</strong></span> <span class='ocrx_word' id='word_1_370' title='bbox 1116 2729 1197 2751; x_wconf 79' lang='lat' dir='ltr'><strong>suas</strong></span> <span class='ocrx_word' id='word_1_371' title='bbox 1232 2717 1393 2751; x_wconf 80' lang='lat' dir='ltr'><strong>fortunas</strong></span> <span class='ocrx_word' id='word_1_372' title='bbox 1428 2715 1611 2762; x_wconf 86' lang='lat' dir='ltr'><strong>deplorat,</strong></span> 
     </span>
    </p>
   </div>
  </div>
 </body>
</html>
