1878 3230
703 166 842 206 unns
882 164 1073 207 CAPTA.
1494 144 1563 217 78
1576 163 1595 198 1

169 265 365 319 μοιχικοῦ
391 265 519 318 μέχρι
548 265 810 317 βλέμματος,
838 279 873 305 ει
906 263 1109 316 δυνατόν,
1139 264 1356 305 συνελθεῖν
1378 261 1606 302 sasoniam·

169 345 235 382 τε,
264 346 332 371 και
363 324 500 384 ὅρκοις
526 346 576 370 τα
607 328 706 383 περί
729 343 884 370 τουτων
927 328 1155 383 φρικώδεσι
1185 325 1451 383 διειλήφατε·
1508 324 1531 367 ὅ
1558 327 1606 367 δὲ

168 396 495 451 α’ποφλαυρισας
525 392 602 442 τας
630 394 750 447 ὖμων
774 393 954 446 ἐντολάς,
983 399 1075 443 ταῖς
1101 397 1375 449 παρθενικαῖς
1401 392 1473 434 ε”πι
1494 391 1605 446 μάρ-

166 476 265 502 τυσι
292 464 453 508 πολλοῖς
475 457 622 514 ὀνηδὸν
659 454 1010 515 ἐπιβρωμώμενος
1054 460 1153 512 ου’χί
1190 460 1316 500 δέδιε.
1348 463 1433 507 τοῖς
1462 457 1640 499 αὕτῶνΒ

129 520 243 572 Smin
270 523 388 579 ὑμῶν
409 525 548 577 νόμοις
583 525 656 566 καί
682 529 766 572 τοῖς
792 524 838 565 ἐν
858 558 860 562 ,
872 523 1021 579 χερσίν
1051 523 1151 579 ἡμῖν
1179 522 1439 576 ἐπαμύνατε,
1465 526 1603 576 μαλα-

163 593 335 645 χθέντες
380 585 542 639 τούτοις
579 595 666 639 τοῖς
695 587 926 644 δάκρυσιν,
964 588 992 631 ἃ
1028 591 1100 631 καί
1134 588 1235 638 θεὸς
1278 591 1496 644 προσίεται
1533 590 1605 630 καί

165 654 266 710 ἡμῖν
289 655 314 709 ἦ
344 654 473 711 φύσις
505 656 548 704 ἒς
566 655 639 697 τὸν
658 653 764 709 πρὸς
782 653 1001 710 ,α’λλήλους
1030 650 1164 696 οἶκτον
1183 652 1379 717 βοήθημα
1409 655 1602 707 μέγιστον

164 728 248 770 τοῖς
275 721 515 778 ὀφθαλμοῖς
533 722 834 775 ε’πωχέτευσεν.
863 723 904 762 εἰ
925 722 971 762 δὲ
986 722 1060 762 καί
1084 722 1260 775 πατέρες
1287 720 1449 761 παίδων
1468 718 1601 773 ὖμεῖς,

164 786 238 830 ναὶ
261 785 366 842 πρὸς
405 788 487 829 τῶν
527 788 791 840 συλλέκτρων
828 786 903 828 καί
928 787 1009 829 τῶν
1040 788 1174 842 φίλων
1206 785 1308 839 ὑμῖν
1337 787 1490 827 τέκνων
1515 790 1602 833 τοῖς

105 876 153 902 10
165 852 321 903 ἱκέταις
347 851 467 905 ὑμῶν
493 858 619 906 χεῖρα
643 853 838 907 ὄρέξατε,
878 854 950 894 vac*
974 850 1075 906 πρὸς
1102 853 1178 894 τοῦ
1196 849 1335 907 τάφου
1356 853 1435 892 τοῦ
1456 852 1603 892 θεοδέ-

162 934 309 974 γμονος
335 919 409 960 καὶ
447 919 531 961 τῶν
567 918 761 973 Χριστοῦ
805 918 1133 973 παραιφάσεων,
1176 917 1226 958 αΐ
1245 922 1331 967 τοῖς
1372 916 1446 958 ἄπ’
1470 914 1603 958 αὐτοῦ’

162 986 436 1038 καλουμένοις
466 986 616 1031 κοινῶς
645 985 775 1025 πᾶσιν
803 983 1076 1025 ὑποτιθέασιν
1099 984 1235 1025 ἐκεῖνα
1259 987 1394 1024 ποιεῖν
1418 987 1503 1031 τοῖς
1528 982 1600 1024 ἄν·

161 1049 349 1105 θρώποις
377 1048 407 1091 δι’
433 1047 505 1091 καὶ
531 1051 678 1105 σφίσιν
706 1048 774 1089 ὑπ’
808 1049 974 1090 ἐκείνων
999 1047 1194 1102 γενέσθαι
1219 1045 1477 1102 βούλονται.”
1503 1047 1599 1090 τού-

162 1130 250 1165 τοις
280 1120 364 1164 τοῖς
399 1114 581 1171 ῥήμασιν
606 1113 667 1163 ὥς
694 1115 738 1165 ἐξ
776 1111 935 1170 ἐφόδου
961 1113 1224 1168 χρησάμενος
1248 1111 1300 1155 τὰ
1324 1116 1407 1157 τῶν
1434 1114 1638 1169 α’νδρίὅνο

100 1183 328 1230 ῃ5ἑκείνων
370 1179 623 1236 φρονήματα
651 1180 915 1234 διανέστησοι.
969 1181 1120 1221 ου’κοῦν
1148 1181 1350 1222 ἐνέκειντο
1375 1182 1449 1236 τήν
1475 1178 1601 1236 κόρην

163 1245 413 1299 αιτούμενοι.
470 1244 493 1286 ὅ
525 1247 572 1287 δὲ
597 1243 646 1287 τὰ
675 1247 755 1298 μὲν
781 1244 926 1300 πρῶτα
966 1244 1201 1301 ὑπερεώρα,
1229 1243 1352 1300 ἔρωτι
1378 1262 1448 1287 και
1476 1247 1602 1303 θυμῷ

161 1309 533 1366 τυραννικωτὰτοις
561 1309 662 1353 δυσὶ
686 1309 864 1352 πάθεσιν
890 1308 1187 1364 ἐνισχόμενος·
1219 1310 1276 1359 ὥς
1306 1311 1352 1353 δὲ
1380 1313 1440 1362 εἷς
1471 1310 1601 1366 ὄργην

162 1379 488 1434 ἑπιφρισσοντας
517 1371 631 1431 ἓωρα
656 1376 756 1426 τοὺς
776 1371 933 1430 ανδρας
959 1393 1028 1417 και
1050 1375 1334 1431 προτείνοντας
1359 1378 1499 1435 ἐκείνῳ
1527 1376 1601 1432 τὴν

161 1442 233 1485 ἐπὶ
252 1440 451 1491 σκόλοπος
469 1441 732 1498 ἅπαιώρησιν
749 1442 806 1492 ὥς
831 1440 963 1500 ἀδίκῳ
982 1439 1071 1495 ἅμα
1086 1441 1158 1484 καί
1172 1443 1348 1495 ἀναιδεῖ,
1376 1442 1424 1484 τὸ
1453 1444 1492 1484 δ’
1506 1439 1601 1486 ὅλον

97 1533 150 1558 20
163 1510 237 1549 ουἰι
270 1508 353 1550 α’πὸ
394 1509 568 1563 χειλέων
594 1509 719 1561 μόνον
747 1507 853 1559 ἄλλα
884 1507 956 1549 καί
983 1509 1159 1562 καρδίας
1188 1507 1263 1563 τήν
1292 1507 1471 1560 διάλεξιν
1496 1510 1601 1550 ἐκεί-

162 1590 219 1633 vm
243 1576 564 1630 πεποιημένους,
594 1573 795 1616 ἐνδίδωσί
820 1588 862 1616 τε
890 1573 1012 1628 μόγις
1038 1577 1110 1616 καί
1139 1573 1215 1630 τὴν
1241 1572 1365 1630 κόρην
1393 1575 1600 1617 α’ποδίδω-

255 1693 292 1746 4.
314 1684 466 1748 ὄνηδον]
508 1691 558 1729 ως
590 1690 758 1745 γάδαρος
796 1688 1008 1736 ὄγγαρίζων
1032 1692 1069 1724 Β.
1231 1704 1263 1737 9.
1285 1689 1383 1736 πρὸς
1419 1691 1507 1748 τῶν]
1536 1688 1601 1727 διὰ

253 1731 321 1780 τὴν
344 1738 497 1783 ἀγαπην
524 1737 648 1775 alitum
672 1750 761 1774 τους
791 1737 992 1783 ύιιετέρους
1024 1738 1233 1782 βοηθήσατε
1255 1738 1541 1796 παρακλήτορας
1563 1741 1600 1773 Β.

258 1797 309 1819 ιι.
336 1784 414 1833 απ]
447 1785 510 1818 ὑπ’
534 1786 575 1820 Α.
650 1786 701 1819 13.
725 1786 904 1829 γίνεσθαι
929 1785 967 1817 Δ.
1046 1788 1097 1821 16.
1124 1782 1250 1831 ἔρωτι]
1279 1778 1352 1819 υπὸ
1379 1785 1515 1831 ἔρωτος
1538 1789 1604 1820 καὶ

251 1834 391 1878 μανίας
417 1833 492 1867 των
516 1830 585 1865 δύο
612 1834 835 1888 κεκτημένος
869 1833 1007 1868 nnc-91⁰7
1030 1831 1066 1864 B.
1147 1834 1198 1868 18.
1222 1833 1286 1866 καὶ
1315 1833 1600 1881 nomentanus]

252 1881 319 1913 καὶ
343 1880 570 1925 φουρκίσειν
595 1871 712 1915 αὐτὸν
736 1878 864 1923 ἔλεγον
887 1878 925 1910 Β.

160 1992 244 2037 psit.
265 2001 327 2024 vos
352 1990 448 2024 enim
482 1990 664 2031 edixistis,
693 2000 740 2023 ne
774 1990 984 2034 coniugatae
1011 1991 1171 2023 mulieris
1195 1996 1258 2025 aut
1279 1992 1426 2036 virginis
1451 1997 1514 2027 aut
1537 1993 1600 2027 de-

162 2038 300 2071 dicatae
325 2037 393 2070 deo
418 2037 562 2082 puellae
587 2037 646 2070 vel
661 2036 843 2082 impudico
872 2042 1030 2082 aspectU,
1056 2038 1085 2070 si
1113 2038 1229 2070 caveri
1257 2039 1384 2083 possit,
1408 2040 1599 2085 quisquam

160 2083 444 2125 contaminetur,
489 2089 526 2117 et
566 2082 817 2117 iusiurandum
856 2095 898 2117 ea
922 2084 968 2118 de
997 2094 1034 2116 re
1070 2084 1331 2118 sanctissimum
1368 2085 1531 2120 dedistis.
1560 2094 1598 2122 at

159 2132 229 2165 iste
253 2136 370 2165 vestra
394 2131 608 2164 auctoritate
644 2135 870 2176 contempta,
896 2131 935 2164 in
974 2137 1167 2175 conspectu
1190 2132 1409 2173 multorum,
1434 2138 1475 2167 ut
1498 2135 1597 2168 salax

160 2179 307 2219 asinus,
334 2178 373 2211 in
407 2178 562 2222 virgines
586 2178 760 2222 impetum
782 2178 900 2210 facere
929 2187 1004 2210 non
1029 2177 1219 2211 dubitavit.
1248 2190 1311 2212 vos
1338 2179 1447 2223 igitur
1469 2183 1597 2215 vestris

161 2225 303 2269 legibus
318 2230 355 2258 et
369 2225 475 2258 armis
497 2236 562 2258 nos
584 2223 781 2265 defendite,
805 2224 960 2258 lacrimis
979 2224 1035 2257 his
1051 2224 1208 2265 deliniti,
1223 2235 1311 2270 quas
1325 2225 1414 2259 deus
1438 2226 1598 2262 admittit

162 2273 292 2313 etiam,
325 2277 363 2305 et
393 2277 523 2305 natura
554 2272 747 2304 maximum
787 2276 933 2304 mutuae
963 2271 1231 2304 misericordiae
1262 2272 1537 2307 incitamentum
1559 2275 1597 2308 in

160 2318 284 2351 oculos
311 2324 451 2352 nostros
477 2318 662 2352 derivavit.
687 2316 818 2363 quodsi
843 2323 879 2351 et
901 2329 964 2351 vos
994 2318 1128 2351 liberos
1157 2317 1312 2360 habetis,
1339 2330 1405 2364 per
1428 2322 1596 2365 coniuges

161 2370 198 2397 et
221 2365 400 2398 carissima
426 2365 576 2410 pignora
601 2365 766 2398 obtestor
784 2370 825 2399 ut
845 2364 952 2398 nobis
977 2362 1201 2409 supplicibus
1224 2377 1369 2399 manum
1393 2368 1595 2412 porrigatis.

161 2409 323 2444 obtestor
349 2423 414 2457 per
439 2412 600 2446 divinum
624 2411 827 2457 sepulcrum
852 2417 888 2445 et
914 2411 1049 2445 Christi
1073 2417 1279 2457 praecepta,
1304 2423 1397 2458 quae
1421 2413 1597 2446 Christia-

161 2467 227 2489 nos
251 2468 372 2491 omnes
412 2459 542 2493 iubent
573 2470 615 2493 ea
642 2459 759 2492 facere
783 2458 1021 2499 hominibus,
1046 2469 1140 2503 quae
1163 2459 1208 2492 ab
1234 2459 1362 2492 iisdem
1391 2459 1461 2492 sibi
1491 2471 1596 2504 prae-

162 2504 248 2536 stari
285 2505 462 2549 cupiant?
498 2505 555 2539 his
590 2506 708 2541 verbis
736 2516 780 2538 ex
809 2511 970 2550 tempore
997 2517 1082 2538 usus
1105 2506 1262 2539 virorum
1286 2506 1430 2539 illorum
1457 2506 1594 2540 animos

163 2549 333 2590 excitavi,
358 2556 407 2584 ut·
422 2552 580 2597 puellam
605 2553 697 2586 serio
724 2557 936 2597 repeterent.
966 2557 1005 2585 at
1028 2552 1092 2585 ille
1116 2553 1295 2597 principio
1319 2551 1427 2584 verba
1450 2552 1594 2586 illorum

162 2596 436 2638 contemnebat,
473 2609 592 2632 amore
627 2605 663 2633 et
707 2600 894 2632 iracundia
923 2598 1064 2632 duobus
1104 2598 1372 2631 violentissimis
1406 2599 1593 2633 affectibus

162 2648 365 2688 occupatus.
390 2644 453 2676 sed
479 2656 559 2678 cum
583 2647 667 2680 irati
691 2647 868 2681 instarent
891 2651 927 2679 et
952 2645 1185 2690 suspendium
1214 2645 1247 2677 ei
1271 2644 1526 2678 minitarentur
1552 2652 1595 2680 ut

163 2690 296 2723 iniurio
323 2689 429 2722 simul
457 2695 494 2724 et
519 2688 724 2736 impudico,
755 2693 912 2738 denique
935 2692 1045 2726 verba
1069 2693 1132 2724 illa
1158 2702 1231 2724 non
1258 2701 1301 2723 ex
1329 2690 1436 2724 labiis
1462 2691 1525 2724 sed
1547 2703 1591 2725 ex

161 2742 305 2781 pectore
335 2747 546 2782 promanare
576 2745 757 2780 cerneret,
794 2740 854 2774 vix
887 2739 1031 2773 tandem
1057 2738 1163 2772 minis
1190 2743 1410 2783 expugnatus
1432 2738 1590 2784 puellam
