1838 3210
258 170 371 226 206
663 185 890 227 memma
934 180 1242 225 cnomA‘rAE

255 292 351 341 νᾶν,
375 286 479 329 ιῖλλιὶ
504 285 576 339 τήν
596 285 652 333 ὠς
670 284 840 339 οἶληθῶς
868 287 1074 340 παρθένον
1089 285 1161 324 καί
1187 279 1289 335 ὑπὲρ
1309 278 1427 334 λόγον
1457 278 1524 322 διὰ
1555 277 1677 334 λόγου

250 353 321 394 τὸν
337 351 457 406 λόγον
487 351 758 403 λοχεόσασαν.
789 350 893 402 μετὰ
917 351 962 390 δὲ
991 351 1111 391 τοῦτο
1132 345 1169 389 οἱ
1189 350 1288 388 καθ’
1316 341 1422 399 αἷμα
1440 346 1497 403 τῷ
1516 348 1685 398 βασιλεῖ’

250 415 528 471 περιώνυμοι,
571 414 643 456 καί
687 412 777 457 ὅσοι
806 412 1141 470 γερουσιάζοντες
1167 411 1243 462 τὰς
1282 412 1494 460 πολιτικὰς
1521 412 1677 452 διεῖπον

248 477 404 535 ἀρχάς,
431 479 503 520 καί
545 478 584 521 οἱ
619 480 808 535 λαμπροὶ
845 486 929 529 τοῖς
956 479 1166 533 α’ξιιόμασι
1202 476 1275 519 καί
1300 479 1350 533 τῇ
1373 478 1448 519 τοῦ
1474 476 1675 529 βασιλέως

247 546 388 601 εὖνοίᾳ
417 545 668 598 περίκλυτοι.
734 545 877 586 ἔπειτα
906 546 941 586 δ’
980 544 1003 585 ὅ
1031 545 1190 599 κρατῶν
1219 543 1366 600 προῄει
1395 540 1536 592 αὖτός,
1566 540 1712 597 ΐππῳ5

245 605 456 663 ὗψαύχενι
477 608 636 663 ἔποχος,
661 607 863 663 κύδιστος,
890 613 1083 664 μέγιστος
1112 610 1184 650 καί
1198 606 1375 660 κόσμους
1393 606 1491 656 τούς
1510 608 1676 659 βασιλι-

245 673 347 723 κούς
371 678 614 730 περιφανῶς
631 675 926 730 περικεᾲιενος.
945 674 1165 730 παρείπετο
1185 674 1230 714 δέ
1252 672 1289 714 οἱ
1307 672 1379 714 καί
1395 671 1417 713 ὅ
1432 674 1507 713 τοῦ
1521 670 1676 724 θριάμ-

240 743 317 792 βου
354 738 486 790 αἴτιος
510 742 873 796 Κοντοστέφανος,
893 740 1149 794 ὑμνούμενος
1175 740 1248 794 τῆς
1269 738 1405 793 νίκης,
1429 740 1507 779 τοῦ
1537 736 1674 785 δεξιοῦ

240 803 568 860 μακαριζόμενος
613 807 908 859 α’γωνισματος.
981 808 1039 853 εἰς
1068 807 1112 846 δὲ
1142 804 1216 846 τὸν
1241 807 1373 858 μέγαν
1398 800 1501 844 νειὸν
1531 799 1673 843 εἰσιών

195 869 311 911 1)καί
335 872 408 911 τοῦ
434 869 583 919 παντὸς
609 870 786 912 ἐνώπιον
813 870 891 911 λεώ
922 870 996 926 την
1022 873 1095 912 τοῦ
1124 869 1269 924 κυρίου
1301 866 1486 923 λαλήσας
1516 865 1671 911 αἴνεσιν
1691 879 1736 905 to

240 935 430 989 πρόεισιν
457 938 618 977 ἐκεῖθεν
645 938 704 985 εἰς
731 934 781 977 τά
803 938 1012 987 βασίλεια.
1039 932 1175 990 ὥσπερ
1205 936 1252 976 δὲ
1279 932 1397 984 τόξον
1420 931 1547 982 ἀνιεὶς
1573 929 1672 975 ἑαυ-

236 998 309 1042 τὸν
336 1002 409 1054 τῆς
441 996 545 1053 ἄγαν
571 1003 730 1049 τάσεως
760 1002 937 1054 διεχεῖτο
967 1001 1103 1042 ἳππων
1130 1000 1338 1053 ἁμίλλαις.

349 1066 391 1118 4.
448 1067 544 1107 Καὶ
581 1063 628 1106 τὸ
665 1063 779 1107 ἐπιόν
806 1067 852 1108 δὲ
879 1065 954 1120 ἔαρ
984 1068 1042 1114 εἰς
1071 1060 1210 1108 ἄνεσιν
1230 1065 1561 1118 ταμιευσάμενος
1588 1063 1669 1106 σώ-

236 1146 365 1184 ματος
377 1163 389 1183 ,
436 1128 579 1185 ἐπειδὴ
632 1132 895 1186 παρίππευσε
935 1132 1145 1186 Καρκίνον
1177 1130 1249 1172 καί
1275 1131 1471 1185 παρῆλθε
1500 1130 1668 1171 Λέοντα

235 1193 375 1250 ἥλιος,
410 1191 434 1236 δ’
461 1210 505 1237 τε
531 1195 692 1251 Σείριος
720 1193 896 1251 ὗπέληγε
927 1199 1007 1237 τῶν
1044 1193 1307 1251 φλογώσεων,
1326 1194 1385 1237 αἱ
1413 1196 1459 1236 δὲ
1479 1196 1666 1248 χειμέρι-
1685 1194 1730 1234 15

236 1275 275 1302 οι
297 1262 450 1314 τρόπαι’
477 1255 558 1316 ἤδη
582 1261 1011 1315 παρεσκυθριόπαζον,
1041 1259 1169 1311 ἔξεισι
1196 1259 1298 1316 πρὸς
1330 1259 1380 1302 τά
1410 1257 1582 1315 ἑσπέρια
1595 1261 1669 1301 καί

233 1327 340 1368 κατὰ
371 1323 451 1381 τήν
471 1328 684 1368 Φιλίππου
719 1327 991 1376 ἐναυλίζεται.
1022 1324 1187 1380 ἠκηκόει
1214 1324 1291 1381 γάρ
1322 1326 1378 1375 ὥς
1402 1325 1424 1367 ὅ
1453 1327 1535 1367 ταῖν
1561 1326 1665 1380 Σέρ-

229 1394 319 1444 βων
348 1392 560 1446 σατράπης
601 1385 671 1446 (ἦν
700 1393 746 1433 δὲ
772 1390 862 1433 τότε
903 1389 924 1432 ὅ
955 1393 1123 1444 Νεεμᾶν
1149 1392 1378 1447 Στέφανος)
1415 1391 1521 1447 ὑπὲρ
1549 1389 1574 1431 ὃ
1602 1392 1667 1432 δεῖ

230 1455 490 1512 θρασύτερος
516 1456 677 1510 γέγονε,
707 1457 780 1498 καί
807 1455 1063 1510 κακόσχολος
1091 1451 1149 1498 ὤν
1188 1472 1249 1505 τις
1277 1455 1426 1511 ἥγηται
1454 1454 1587 1511 σοφὸν
1614 1454 1659 1497 τό

229 1524 469 1578 περίεργον,
494 1524 567 1563 καί
592 1520 666 1576 τήν
692 1523 923 1574 ἐπιθυμίαν
942 1523 1108 1577 τρέφων
1135 1520 1358 1576 ἀκόρεστον
1379 1523 1455 1563 καί
1479 1519 1584 1576 πρὸς
1607 1519 1660 1562 τά
1675 1533 1725 1560 20

228 1589 317 1630 ἐκεί
341 1588 470 1629 πάντα
499 1588 790 1642 ὃιαπλωθῆναι
810 1588 1051 1642 φιλονεικῶν
1075 1592 1160 1635 τοῖς
1187 1587 1233 1628 ἐκ
1258 1588 1332 1628 τοῦ
1363 1586 1496 1628 αὐτοῦ
1523 1583 1661 1641 φύλου

228 1652 364 1708 βαρὺς
388 1654 583 1706 ἐμπίπτει
607 1651 680 1694 καί
706 1654 819 1708 ξίφει
845 1651 888 1693 τό
918 1654 1034 1706 γένος
1066 1653 1240 1705 μέτεισι,
1267 1649 1374 1707 μήτε
1405 1650 1490 1706 μὴν
1516 1649 1570 1693 τὰ
1599 1654 1661 1693 οἰ-

230 1723 322 1759 κεῖα
364 1716 485 1767 εἰδώς
524 1719 655 1773 μέτρα
698 1718 945 1772 Χορβατίαν
989 1717 1248 1759 ὕποποιεῖται
1286 1719 1359 1758 καί
1383 1715 1488 1772 πρὸς
1512 1711 1662 1759 ἑαυτὸν

229 1784 455 1826 ἐπισπᾶται
487 1787 569 1825 τῶν
599 1780 834 1838 Καττάρων
862 1773 936 1837 τήν
973 1781 1207 1837 κυριότητα.
1262 1782 1332 1824 διὰ
1360 1783 1496 1824 ταῦτα
1523 1783 1660 1824 τοίνυν

228 1854 377 1905 πεῖραν
417 1849 631 1905 εἰληφέναι
665 1850 800 1891 θέλων
838 1850 911 1890 τοῦ
938 1849 1009 1890 ἐπὶ
1033 1846 1193 1897 τούτοις
1227 1848 1282 1905 τῷ
1312 1849 1478 1901 Νεεμᾶν
1504 1845 1656 1903 βουλή·
1670 1846 1722 1886 25

319 1963 350 1996 7.
372 1951 594 1996 περιφανῶς
636 1961 693 1982 om
716 1951 753 1982 A.
881 1963 913 1995 9.
947 1948 1235 1996 ἀγωνίσματος]
1278 1945 1582 2002 στρατηγήματος
1615 1949 1661 1982 Α.’

322 2008 372 2031 ιο.
397 1995 545 2043 κυρίου]
572 1997 668 2030 θεοῦ
691 1998 730 2029 Α.
813 1997 861 2040 ι4.
882 1998 964 2029 ἐπεὶ
988 1997 1026 2029 Α.
1125 1997 1174 2030 18.
1198 2005 1338 2041 νεεμαν
1361 1995 1399 2028 Α.
1474 1996 1530 2029 23.
1557 2005 1656 2041 χωρ-

313 2045 444 2086 βατίαν
470 2044 509 2076 Α.
604 2048 658 2083 24.
685 2042 812 2090 Καττ.]
840 2042 871 2075 δ’
894 2041 1081 2088 ἑκατέρων
1104 2042 1145 2075 Α.
1237 2044 1292 2077 25.
1316 2041 1380 2090 τῷ]
1407 2041 1474 2076 τοῦ
1499 2041 1540 2075 Δ.

226 2143 372 2176 verbum
398 2143 647 2188 inexplicabili
671 2145 808 2178 ratione
844 2154 908 2188 per
928 2142 1076 2176 verbum
1102 2143 1254 2187 peperit.
1278 2153 1359 2176 eum
1381 2153 1521 2175 currum
1539 2143 1654 2188 impe-

228 2190 354 2222 ratoris
383 2191 576 2235 propinqui
601 2197 710 2236 atque
738 2191 864 2231 amici,
901 2195 1064 2230 senatus,
1092 2190 1160 2222 viri
1182 2189 1447 2234 magistratibus
1476 2195 1512 2223 et
1535 2188 1653 2233 digui-

226 2235 362 2269 tatibus
400 2237 577 2279 insignes,
612 2248 706 2282 pone
734 2237 986 2282 sequebantur.
1010 2235 1141 2268 deinde
1179 2235 1256 2280 ipse
1278 2236 1473 2280 imperator
1494 2236 1650 2280 prodiit,

227 2293 321 2327 equo
345 2282 455 2314 feroci
481 2283 663 2324 insidens,
687 2284 741 2317 vir
762 2284 908 2316 inclitus
936 2288 972 2316 et
995 2282 1179 2323 maximus,
1207 2284 1425 2316 ornamentis
1450 2282 1650 2316 illustribus

228 2329 398 2373 insignis,
423 2330 616 2363 comitante
642 2329 932 2374 Contostephauo
955 2329 1129 2373 triumphi
1152 2334 1314 2370 auctore,
1345 2329 1407 2374 qui
1433 2329 1479 2361 ob
1505 2329 1651 2362 victori-

229 2387 285 2408 am
311 2380 347 2408 et
383 2385 456 2407 rem
493 2375 586 2408 bene
611 2383 743 2420 gestam
784 2375 1041 2409 celebrabatur.
1065 2385 1229 2418 magnum
1251 2376 1425 2420 templum
1448 2376 1648 2419 ingressus,

227 2421 368 2466 deoque
399 2432 516 2454 coram
553 2423 650 2455 omni
673 2423 807 2468 populo
834 2422 1001 2462 laudato,
1037 2422 1075 2454 in
1100 2422 1271 2466 palatium
1294 2423 1431 2467 pergit,
1458 2422 1648 2467 laxataque

225 2468 335 2501 nimia
359 2467 536 2501 bellorum
559 2471 789 2503 contentione
813 2468 907 2501 ludis
935 2467 1160 2513 equestribus
1185 2474 1373 2502 recreatur.

318 2516 349 2557 4.
374 2513 548 2560 Sequenti
577 2516 685 2548 etiam
711 2526 792 2549 vere
817 2516 855 2548 in
888 2515 998 2548 animi
1023 2513 1299 2548 oblectationem
1323 2515 1525 2559 insumpto,
1549 2520 1649 2560 post-

225 2572 332 2606 quam
368 2561 423 2593 sol
452 2561 623 2594 Cancrum
650 2567 686 2595 et
719 2562 874 2595 Leonem
909 2566 1108 2606 permearat
1133 2566 1169 2594 et
1206 2567 1324 2595 aestus
1354 2562 1546 2595 Caniculae
1582 2561 1647 2595 de-

224 2607 419 2648 saevierat,
460 2608 584 2641 bruma
625 2609 695 2642 iam
721 2610 878 2642 instante
917 2608 956 2641 in
991 2607 1221 2641 Occidentem
1257 2607 1446 2653 egreditur.
1482 2607 1647 2642 audierat

226 2655 323 2687 enim
350 2653 551 2688 Serviorum
574 2655 783 2700 principem,
806 2654 969 2700 inquieto
998 2659 1034 2687 et
1062 2655 1261 2689 insatiabili
1284 2656 1427 2699 ingenio
1451 2654 1644 2696 hominem,

226 2701 445 2745 Stephanum
468 2701 683 2736 Neemanem
709 2703 803 2736 iusto
827 2701 1052 2734 audaciorem
1076 2701 1208 2735 factum
1233 2702 1384 2735 finitima
1400 2712 1565 2747 quaeque
1588 2701 1644 2734 in-

225 2747 445 2788 vndere„ae
471 2748 660 2794 populares
685 2760 767 2783 suos
791 2749 943 2794 graviter
966 2757 1125 2794 premere
1160 2748 1253 2783 ferro
1278 2755 1492 2794 grassantem
1507 2774 1517 2790 ‚
1541 2758 1644 2782 cuae-
