<?xml version="1.0" encoding="UTF-8"?>
<!DOCTYPE html PUBLIC "-//W3C//DTD XHTML 1.0 Transitional//EN"
    "http://www.w3.org/TR/xhtml1/DTD/xhtml1-transitional.dtd">
<html xmlns="http://www.w3.org/1999/xhtml" xml:lang="en" lang="en">
 <head>
  <title>
</title>
<meta http-equiv="Content-Type" content="text/html;charset=utf-8" />
  <meta name='ocr-system' content='tesseract 3.04.00' />
  <meta name='ocr-capabilities' content='ocr_page ocr_carea ocr_par ocr_line ocrx_word'/>
</head>
<body>
  <div class='ocr_page' id='page_1' title='image "./corpusscriptorum41niebuoft/corpusscriptorum41niebuoft_0162.png"; bbox 0 0 1838 3210; ppageno 0'>
   <div class='ocr_carea' id='block_1_1' title="bbox 222 194 1214 251">
    <p class='ocr_par' dir='ltr' id='par_1_1' title="bbox 222 194 1214 251">
     <span class='ocr_line' id='line_1_1' title="bbox 222 194 1214 251; baseline 0.001 -4"><span class='ocrx_word' id='word_1_1' title='bbox 222 194 320 248; x_wconf 78' lang='lat'><em>132</em></span> <span class='ocrx_word' id='word_1_2' title='bbox 632 207 860 251; x_wconf 74' lang='lat' dir='ltr'>N1CETAE</span> <span class='ocrx_word' id='word_1_3' title='bbox 905 206 1214 249; x_wconf 73' lang='lat' dir='ltr'><strong>cnoNiATAF,</strong></span> 
     </span>
    </p>
   </div>
   <div class='ocr_carea' id='block_1_2' title="bbox 106 305 1701 1731">
    <p class='ocr_par' dir='ltr' id='par_1_2' title="bbox 106 305 1701 1014">
     <span class='ocr_line' id='line_1_2' title="bbox 106 305 1638 367; baseline 0.005 -17"><span class='ocrx_word' id='word_1_4' title='bbox 106 319 137 351; x_wconf 83' lang='lat' dir='ltr'><em>P.</em></span> <span class='ocrx_word' id='word_1_5' title='bbox 153 321 197 366; x_wconf 78' lang='lat'><em>67</em></span> <span class='ocrx_word' id='word_1_6' title='bbox 210 310 296 366; x_wconf 81' lang='grc' dir='ltr'><em>πριὶ</em></span> <span class='ocrx_word' id='word_1_7' title='bbox 326 314 403 364; x_wconf 82' lang='grc' dir='ltr'><em>μὲν</em></span> <span class='ocrx_word' id='word_1_8' title='bbox 430 311 501 352; x_wconf 82' lang='grc' dir='ltr'>καί</span> <span class='ocrx_word' id='word_1_9' title='bbox 528 311 699 350; x_wconf 83' lang='grc' dir='ltr'><em>πλεῖστα</em></span> <span class='ocrx_word' id='word_1_10' title='bbox 727 309 810 348; x_wconf 81' lang='grc' dir='ltr'><em>τῶν</em></span> <span class='ocrx_word' id='word_1_11' title='bbox 834 305 1062 361; x_wconf 75' lang='grc' dir='ltr'><em>χρημάτων</em></span> <span class='ocrx_word' id='word_1_12' title='bbox 1090 310 1221 351; x_wconf 78' lang='grc' dir='ltr'><em>ἐκεῖσε</em></span> <span class='ocrx_word' id='word_1_13' title='bbox 1247 315 1548 367; x_wconf 82' lang='grc' dir='ltr'><em>μετηγγικότα,</em></span> <span class='ocrx_word' id='word_1_14' title='bbox 1578 317 1638 365; x_wconf 84' lang='grc' dir='ltr'><em>εἰς</em></span> 
     </span>
     <span class='ocr_line' id='line_1_3' title="bbox 209 370 1639 432; baseline 0.001 -13"><span class='ocrx_word' id='word_1_15' title='bbox 209 377 329 418; x_wconf 71' lang='grc' dir='ltr'><em>οὐδὲν</em></span> <span class='ocrx_word' id='word_1_16' title='bbox 359 378 404 417; x_wconf 81' lang='grc' dir='ltr'><em>δὲ</em></span> <span class='ocrx_word' id='word_1_17' title='bbox 447 378 560 421; x_wconf 83' lang='grc' dir='ltr'><em>τέλος</em></span> <span class='ocrx_word' id='word_1_18' title='bbox 591 370 820 427; x_wconf 63' lang='grc' dir='ltr'><em>εὔχρηστον</em></span> <span class='ocrx_word' id='word_1_19' title='bbox 843 372 1062 425; x_wconf 86' lang='grc' dir='ltr'><em>Ῥωμαίοις</em></span> <span class='ocrx_word' id='word_1_20' title='bbox 1105 375 1378 429; x_wconf 85' lang='grc' dir='ltr'><em>κατηντηκότα</em></span> <span class='ocrx_word' id='word_1_21' title='bbox 1405 374 1434 432; x_wconf 78' lang='grc' dir='ltr'><em>ἢ</em></span> <span class='ocrx_word' id='word_1_22' title='bbox 1461 380 1639 422; x_wconf 57' lang='lat' dir='ltr'><strong>edane&amp;-</strong></span> 
     </span>
     <span class='ocr_line' id='line_1_4' title="bbox 208 434 1640 495; baseline 0.002 -12"><span class='ocrx_word' id='word_1_23' title='bbox 208 443 358 483; x_wconf 87' lang='grc' dir='ltr'><em>δαστον</em></span> <span class='ocrx_word' id='word_1_24' title='bbox 377 444 462 487; x_wconf 80' lang='grc' dir='ltr'><em>τοῖς</em></span> <span class='ocrx_word' id='word_1_25' title='bbox 481 434 668 492; x_wconf 69' lang='grc' dir='ltr'><em>,ὕστερον</em></span> <span class='ocrx_word' id='word_1_26' title='bbox 706 438 1048 494; x_wconf 71' lang='grc' dir='ltr'><em>αὐτοκράτορσιν.</em></span> <span class='ocrx_word' id='word_1_27' title='bbox 1106 435 1212 480; x_wconf 80' lang='grc' dir='ltr'><em>οἷλλοὶ</em></span> <span class='ocrx_word' id='word_1_28' title='bbox 1240 442 1288 482; x_wconf 86' lang='grc' dir='ltr'><em>τί</em></span> <span class='ocrx_word' id='word_1_29' title='bbox 1306 439 1395 495; x_wconf 82' lang='grc' dir='ltr'><em>ἔχοι</em></span> <span class='ocrx_word' id='word_1_30' title='bbox 1421 458 1485 494; x_wconf 88' lang='grc' dir='ltr'><em>τις</em></span> <span class='ocrx_word' id='word_1_31' title='bbox 1511 445 1640 487; x_wconf 79' lang='grc' dir='ltr'><em>εἰπεῖν</em></span> 
     </span>
     <span class='ocr_line' id='line_1_5' title="bbox 206 499 1636 562; baseline 0.003 -16"><span class='ocrx_word' id='word_1_32' title='bbox 206 504 310 559; x_wconf 84' lang='grc' dir='ltr'><em>πρὸς</em></span> <span class='ocrx_word' id='word_1_33' title='bbox 349 500 569 556; x_wconf 73' lang='grc' dir='ltr'><em>ἄνθρωπον</em></span> <span class='ocrx_word' id='word_1_34' title='bbox 613 499 724 543; x_wconf 70' lang='grc' dir='ltr'><em>οὕτω</em></span> <span class='ocrx_word' id='word_1_35' title='bbox 763 503 993 557; x_wconf 75' lang='grc' dir='ltr'><em>προθύμως</em></span> <span class='ocrx_word' id='word_1_36' title='bbox 1035 503 1344 558; x_wconf 77' lang='grc' dir='ltr'><em>α’γωνισοίμενον</em></span> <span class='ocrx_word' id='word_1_37' title='bbox 1371 507 1476 562; x_wconf 87' lang='grc' dir='ltr'><em>πρὸς</em></span> <span class='ocrx_word' id='word_1_38' title='bbox 1507 507 1555 550; x_wconf 81' lang='grc' dir='ltr'><em>τὸ</em></span> <span class='ocrx_word' id='word_1_39' title='bbox 1584 508 1636 551; x_wconf 82' lang='grc' dir='ltr'><em>τοὶ</em></span> 
     </span>
     <span class='ocr_line' id='line_1_6' title="bbox 203 565 1674 627; baseline 0.004 -16"><span class='ocrx_word' id='word_1_40' title='bbox 203 573 274 623; x_wconf 78' lang='grc' dir='ltr'><em>τῆς</em></span> <span class='ocrx_word' id='word_1_41' title='bbox 300 570 515 620; x_wconf 78' lang='grc' dir='ltr'><em>βασιλείας</em></span> <span class='ocrx_word' id='word_1_42' title='bbox 557 569 615 617; x_wconf 87' lang='grc' dir='ltr'><em>εἰς</em></span> <span class='ocrx_word' id='word_1_43' title='bbox 652 566 698 610; x_wconf 86' lang='grc' dir='ltr'><em>τὸ</em></span> <span class='ocrx_word' id='word_1_44' title='bbox 728 573 910 622; x_wconf 82' lang='grc' dir='ltr'><em>κρεῖττον</em></span> <span class='ocrx_word' id='word_1_45' title='bbox 950 565 1291 624; x_wconf 75' lang='grc' dir='ltr'><em>ἆποκαταστῆσαι</em></span> <span class='ocrx_word' id='word_1_46' title='bbox 1316 570 1541 627; x_wconf 81' lang='grc' dir='ltr'><em>πράγματα</em></span> <span class='ocrx_word' id='word_1_47' title='bbox 1568 576 1639 617; x_wconf 81' lang='grc' dir='ltr'><strong><em>καί</em></strong></span> <span class='ocrx_word' id='word_1_48' title='bbox 1649 575 1674 617; x_wconf 88' lang='grc'><strong><em>5</em></strong></span> 
     </span>
     <span class='ocr_line' id='line_1_7' title="bbox 202 630 1639 688; baseline 0.003 -13"><span class='ocrx_word' id='word_1_49' title='bbox 202 634 247 675; x_wconf 81' lang='grc' dir='ltr'><em>τό</em></span> <span class='ocrx_word' id='word_1_50' title='bbox 279 634 516 688; x_wconf 84' lang='grc' dir='ltr'><em>οἷλλόφυλον</em></span> <span class='ocrx_word' id='word_1_51' title='bbox 542 633 761 686; x_wconf 75' lang='grc' dir='ltr'><em>ὑποτάξαι,</em></span> <span class='ocrx_word' id='word_1_52' title='bbox 792 631 848 686; x_wconf 73' lang='grc' dir='ltr'><em>μή</em></span> <span class='ocrx_word' id='word_1_53' title='bbox 878 635 1106 687; x_wconf 74' lang='grc' dir='ltr'><em>δυνηθέντα</em></span> <span class='ocrx_word' id='word_1_54' title='bbox 1135 635 1208 687; x_wconf 69' lang='grc' dir='ltr'><em>δέ,</em></span> <span class='ocrx_word' id='word_1_55' title='bbox 1239 636 1328 677; x_wconf 67' lang='grc' dir='ltr'><em>ἀλλ’</em></span> <span class='ocrx_word' id='word_1_56' title='bbox 1362 630 1481 688; x_wconf 77' lang='grc' dir='ltr'><em>οὗτος</em></span> <span class='ocrx_word' id='word_1_57' title='bbox 1512 633 1639 688; x_wconf 72' lang='grc' dir='ltr'><em>αὖθις</em></span> 
     </span>
     <span class='ocr_line' id='line_1_8' title="bbox 202 693 1640 757; baseline 0.005 -19"><span class='ocrx_word' id='word_1_58' title='bbox 202 697 304 739; x_wconf 74' lang='grc' dir='ltr'><em>κατὰ</em></span> <span class='ocrx_word' id='word_1_59' title='bbox 332 695 559 750; x_wconf 84' lang='grc' dir='ltr'><em>Παιόνων,</em></span> <span class='ocrx_word' id='word_1_60' title='bbox 592 696 666 747; x_wconf 78' lang='grc' dir='ltr'><em>οὕς</em></span> <span class='ocrx_word' id='word_1_61' title='bbox 702 693 913 752; x_wconf 75' lang='grc' dir='ltr'><em>Οὕγγρους</em></span> <span class='ocrx_word' id='word_1_62' title='bbox 944 699 1017 738; x_wconf 84' lang='grc' dir='ltr'><em>καί</em></span> <span class='ocrx_word' id='word_1_63' title='bbox 1046 694 1230 748; x_wconf 73' lang='grc' dir='ltr'><em>Οῧννους</em></span> <span class='ocrx_word' id='word_1_64' title='bbox 1263 700 1390 754; x_wconf 83' lang='grc' dir='ltr'><em>φασί,</em></span> <span class='ocrx_word' id='word_1_65' title='bbox 1419 703 1640 757; x_wconf 81' lang='grc' dir='ltr'><em>στρατείαν</em></span> 
     </span>
     <span class='ocr_line' id='line_1_9' title="bbox 201 761 1640 819; baseline 0.003 -14"><span class='ocrx_word' id='word_1_66' title='bbox 201 762 393 818; x_wconf 79' lang='grc' dir='ltr'><em>ἐκήρυξε,</em></span> <span class='ocrx_word' id='word_1_67' title='bbox 439 766 512 804; x_wconf 84' lang='grc' dir='ltr'><strong><em>καί</em></strong></span> <span class='ocrx_word' id='word_1_68' title='bbox 539 768 625 812; x_wconf 84' lang='grc' dir='ltr'><em>τοῖς</em></span> <span class='ocrx_word' id='word_1_69' title='bbox 654 761 755 804; x_wconf 74' lang='grc' dir='ltr'><em>κατὰ</em></span> <span class='ocrx_word' id='word_1_70' title='bbox 786 761 947 817; x_wconf 73' lang='grc' dir='ltr'><em>δυσμην</em></span> <span class='ocrx_word' id='word_1_71' title='bbox 974 761 1120 816; x_wconf 79' lang='grc' dir='ltr'><em>ε”χουσι</em></span> <span class='ocrx_word' id='word_1_72' title='bbox 1148 763 1223 812; x_wconf 81' lang='grc' dir='ltr'><em>τοὶς</em></span> <span class='ocrx_word' id='word_1_73' title='bbox 1250 763 1426 819; x_wconf 83' lang='grc' dir='ltr'><em>οἰκήσεις</em></span> <span class='ocrx_word' id='word_1_74' title='bbox 1454 763 1640 817; x_wconf 80' lang='grc' dir='ltr'><em>ὁπλίταις</em></span> 
     </span>
     <span class='ocr_line' id='line_1_10' title="bbox 201 824 1638 882; baseline 0.003 -12"><span class='ocrx_word' id='word_1_75' title='bbox 201 828 366 882; x_wconf 75' lang='grc' dir='ltr'><em>ἁμάξας</em></span> <span class='ocrx_word' id='word_1_76' title='bbox 394 829 590 878; x_wconf 80' lang='grc' dir='ltr'><em>ἐπέταξεν</em></span> <span class='ocrx_word' id='word_1_77' title='bbox 620 824 735 882; x_wconf 77' lang='grc' dir='ltr'><em>ἄγειν</em></span> <span class='ocrx_word' id='word_1_78' title='bbox 760 830 819 876; x_wconf 85' lang='grc' dir='ltr'><em>εἰς</em></span> <span class='ocrx_word' id='word_1_79' title='bbox 846 827 892 868; x_wconf 83' lang='grc' dir='ltr'><em>τὸ</em></span> <span class='ocrx_word' id='word_1_80' title='bbox 920 826 1219 882; x_wconf 82' lang='grc' dir='ltr'><em>στρατόπεδον,</em></span> <span class='ocrx_word' id='word_1_81' title='bbox 1251 831 1304 870; x_wconf 87' lang='grc' dir='ltr'><em>δι’</em></span> <span class='ocrx_word' id='word_1_82' title='bbox 1337 824 1396 873; x_wconf 74' lang='grc' dir='ltr'><em>αἷν</em></span> <span class='ocrx_word' id='word_1_83' title='bbox 1424 831 1497 873; x_wconf 82' lang='grc' dir='ltr'>καί</span> <span class='ocrx_word' id='word_1_84' title='bbox 1522 827 1638 874; x_wconf 73' lang='grc' dir='ltr'><em>οὗτοι</em></span> 
     </span>
     <span class='ocr_line' id='line_1_11' title="bbox 200 891 1701 952; baseline 0.003 -17"><span class='ocrx_word' id='word_1_85' title='bbox 200 892 495 951; x_wconf 78' lang='grc' dir='ltr'><em>ἓφοδιοίσονται</em></span> <span class='ocrx_word' id='word_1_86' title='bbox 521 892 572 935; x_wconf 71' lang='grc' dir='ltr'><em>τοὶ</em></span> <span class='ocrx_word' id='word_1_87' title='bbox 596 891 783 947; x_wconf 80' lang='grc' dir='ltr'><em>βιώσιμα</em></span> <span class='ocrx_word' id='word_1_88' title='bbox 801 926 813 946; x_wconf 92' lang='grc'><em>,</em></span> <span class='ocrx_word' id='word_1_89' title='bbox 843 892 915 934; x_wconf 85' lang='grc' dir='ltr'><em>καί</em></span> <span class='ocrx_word' id='word_1_90' title='bbox 951 895 1007 949; x_wconf 75' lang='grc' dir='ltr'><em>τῷ</em></span> <span class='ocrx_word' id='word_1_91' title='bbox 1035 896 1164 951; x_wconf 74' lang='grc' dir='ltr'><em>λοιπῷ</em></span> <span class='ocrx_word' id='word_1_92' title='bbox 1194 896 1239 936; x_wconf 82' lang='grc' dir='ltr'><em>δὲ</em></span> <span class='ocrx_word' id='word_1_93' title='bbox 1270 891 1381 938; x_wconf 75' lang='grc' dir='ltr'><em>οὕτω</em></span> <span class='ocrx_word' id='word_1_94' title='bbox 1406 900 1635 952; x_wconf 80' lang='grc' dir='ltr'><em>συναροῧν-</em></span> <span class='ocrx_word' id='word_1_95' title='bbox 1655 913 1701 940; x_wconf 83' lang='grc' dir='ltr'><em>ιο</em></span> 
     </span>
     <span class='ocr_line' id='line_1_12' title="bbox 199 954 1639 1014; baseline 0.003 -14"><span class='ocrx_word' id='word_1_96' title='bbox 199 975 272 1001; x_wconf 85' lang='grc' dir='ltr'><em>ται</em></span> <span class='ocrx_word' id='word_1_97' title='bbox 301 957 603 1013; x_wconf 78' lang='grc' dir='ltr'><em>στρατεύματι,</em></span> <span class='ocrx_word' id='word_1_98' title='bbox 653 954 743 1000; x_wconf 80' lang='grc' dir='ltr'><em>ὅσοι</em></span> <span class='ocrx_word' id='word_1_99' title='bbox 782 956 981 999; x_wconf 82' lang='grc' dir='ltr'><em>τοιούτων</em></span> <span class='ocrx_word' id='word_1_100' title='bbox 1017 959 1399 1014; x_wconf 83' lang='grc' dir='ltr'><em>σκευαγωγημάτων</em></span> <span class='ocrx_word' id='word_1_101' title='bbox 1426 964 1639 1014; x_wconf 80' lang='grc' dir='ltr'><em>σπανίζειν</em></span> 
     </span>
    </p>

    <p class='ocr_par' dir='ltr' id='par_1_3' title="bbox 161 1018 1701 1731">
     <span class='ocr_line' id='line_1_13' title="bbox 161 1018 1638 1082; baseline 0.002 -16"><span class='ocrx_word' id='word_1_102' title='bbox 161 1019 390 1079; x_wconf 74' lang='grc' dir='ltr'><em>Βῆμελλον.</em></span> <span class='ocrx_word' id='word_1_103' title='bbox 447 1024 503 1072; x_wconf 74' lang='grc' dir='ltr'><em>ὥς</em></span> <span class='ocrx_word' id='word_1_104' title='bbox 546 1018 618 1066; x_wconf 77' lang='grc' dir='ltr'><em>οὖν</em></span> <span class='ocrx_word' id='word_1_105' title='bbox 647 1026 706 1072; x_wconf 84' lang='grc' dir='ltr'><em>εἷς</em></span> <span class='ocrx_word' id='word_1_106' title='bbox 733 1027 776 1065; x_wconf 78' lang='grc' dir='ltr'><em>ἓν</em></span> <span class='ocrx_word' id='word_1_107' title='bbox 820 1023 1098 1078; x_wconf 76' lang='grc' dir='ltr'><em>συνήθροιστο</em></span> <span class='ocrx_word' id='word_1_108' title='bbox 1125 1022 1177 1065; x_wconf 80' lang='grc' dir='ltr'><em>τοὶ</em></span> <span class='ocrx_word' id='word_1_109' title='bbox 1210 1024 1522 1080; x_wconf 82' lang='grc' dir='ltr'><em>στρατεύματα,</em></span> <span class='ocrx_word' id='word_1_110' title='bbox 1550 1025 1638 1082; x_wconf 80' lang='grc' dir='ltr'><em>εἶχε</em></span> 
     </span>
     <span class='ocr_line' id='line_1_14' title="bbox 199 1087 1638 1147; baseline 0.002 -15"><span class='ocrx_word' id='word_1_111' title='bbox 199 1093 272 1132; x_wconf 83' lang='grc' dir='ltr'>καί</span> <span class='ocrx_word' id='word_1_112' title='bbox 315 1088 443 1131; x_wconf 72' lang='grc' dir='ltr'><em>αὐτὸν</em></span> <span class='ocrx_word' id='word_1_113' title='bbox 483 1087 669 1145; x_wconf 87' lang='grc' dir='ltr'><em>παρόντα</em></span> <span class='ocrx_word' id='word_1_114' title='bbox 711 1088 784 1130; x_wconf 89' lang='grc' dir='ltr'><em>τὸν</em></span> <span class='ocrx_word' id='word_1_115' title='bbox 829 1090 1006 1142; x_wconf 81' lang='grc' dir='ltr'><em>βασιλέα</em></span> <span class='ocrx_word' id='word_1_116' title='bbox 1047 1088 1166 1139; x_wconf 85' lang='grc' dir='ltr'><em>πόλις</em></span> <span class='ocrx_word' id='word_1_117' title='bbox 1205 1090 1470 1146; x_wconf 76' lang='grc' dir='ltr'><em>ἡΣαρδική,</em></span> <span class='ocrx_word' id='word_1_118' title='bbox 1510 1089 1638 1147; x_wconf 79' lang='grc' dir='ltr'><em>ἢνῦν</em></span> 
     </span>
     <span class='ocr_line' id='line_1_15' title="bbox 203 1153 1637 1213; baseline 0.002 -16"><span class='ocrx_word' id='word_1_119' title='bbox 203 1154 433 1210; x_wconf 77' lang='grc' dir='ltr'><em>Τριάδιτζα</em></span> <span class='ocrx_word' id='word_1_120' title='bbox 462 1153 719 1207; x_wconf 80' lang='grc' dir='ltr'><em>ὀνομάζεται.</em></span> <span class='ocrx_word' id='word_1_121' title='bbox 761 1153 908 1209; x_wconf 87' lang='grc' dir='ltr'><em>καιρὸν</em></span> <span class='ocrx_word' id='word_1_122' title='bbox 937 1155 976 1195; x_wconf 88' lang='grc' dir='ltr'><em>δ’</em></span> <span class='ocrx_word' id='word_1_123' title='bbox 1005 1156 1104 1207; x_wconf 80' lang='grc' dir='ltr'><em>ου’χί</em></span> <span class='ocrx_word' id='word_1_124' title='bbox 1123 1153 1254 1196; x_wconf 82' lang='grc' dir='ltr'><em>πολύν</em></span> <span class='ocrx_word' id='word_1_125' title='bbox 1281 1157 1411 1198; x_wconf 80' lang='grc' dir='ltr'><em>ἐκεῖσε</em></span> <span class='ocrx_word' id='word_1_126' title='bbox 1440 1153 1637 1213; x_wconf 57' lang='grc' dir='ltr'><em>προσμείὲ-</em></span> 
     </span>
     <span class='ocr_line' id='line_1_16' title="bbox 195 1219 1701 1277; baseline 0.002 -15"><span class='ocrx_word' id='word_1_127' title='bbox 195 1236 295 1274; x_wconf 90' lang='grc' dir='ltr'><em>νας,</em></span> <span class='ocrx_word' id='word_1_128' title='bbox 337 1222 428 1262; x_wconf 70' lang='grc' dir='ltr'><em>ἐπεὶ</em></span> <span class='ocrx_word' id='word_1_129' title='bbox 453 1221 559 1261; x_wconf 83' lang='grc' dir='ltr'><em>ἵκετο</em></span> <span class='ocrx_word' id='word_1_130' title='bbox 588 1221 786 1275; x_wconf 83' lang='grc' dir='ltr'><em>πρεσβεία</em></span> <span class='ocrx_word' id='word_1_131' title='bbox 827 1221 871 1261; x_wconf 82' lang='grc' dir='ltr'><em>ἐκ</em></span> <span class='ocrx_word' id='word_1_132' title='bbox 900 1222 980 1260; x_wconf 82' lang='grc' dir='ltr'><em>τῶν</em></span> <span class='ocrx_word' id='word_1_133' title='bbox 1007 1219 1208 1261; x_wconf 83' lang='grc' dir='ltr'><em>Παιόνων</em></span> <span class='ocrx_word' id='word_1_134' title='bbox 1236 1220 1308 1262; x_wconf 80' lang='grc' dir='ltr'><em>καὶ</em></span> <span class='ocrx_word' id='word_1_135' title='bbox 1333 1220 1447 1275; x_wconf 80' lang='grc' dir='ltr'><em>λόγοι</em></span> <span class='ocrx_word' id='word_1_136' title='bbox 1474 1227 1635 1277; x_wconf 86' lang='grc' dir='ltr'><em>συμβα-</em></span> <span class='ocrx_word' id='word_1_137' title='bbox 1653 1223 1701 1265; x_wconf 82' lang='lat'><em>15</em></span> 
     </span>
     <span class='ocr_line' id='line_1_17' title="bbox 196 1283 1638 1342; baseline 0.003 -14"><span class='ocrx_word' id='word_1_138' title='bbox 196 1288 328 1340; x_wconf 88' lang='grc' dir='ltr'><em>τικοί,</em></span> <span class='ocrx_word' id='word_1_139' title='bbox 376 1283 521 1341; x_wconf 73' lang='grc' dir='ltr'><em>ἑτέραν</em></span> <span class='ocrx_word' id='word_1_140' title='bbox 555 1284 812 1342; x_wconf 87' lang='grc' dir='ltr'><em>τραπόμενος</em></span> <span class='ocrx_word' id='word_1_141' title='bbox 839 1284 944 1341; x_wconf 77' lang='grc' dir='ltr'><em>πρὸς</em></span> <span class='ocrx_word' id='word_1_142' title='bbox 986 1284 1060 1326; x_wconf 88' lang='grc' dir='ltr'><em>τὸν</em></span> <span class='ocrx_word' id='word_1_143' title='bbox 1088 1287 1171 1327; x_wconf 74' lang='grc' dir='ltr'><em>τῶν</em></span> <span class='ocrx_word' id='word_1_144' title='bbox 1199 1288 1367 1341; x_wconf 78' lang='grc' dir='ltr'><em>Σέρβων</em></span> <span class='ocrx_word' id='word_1_145' title='bbox 1390 1293 1638 1342; x_wconf 84' lang='grc' dir='ltr'><em>μεταβαίνει</em></span> 
     </span>
     <span class='ocr_line' id='line_1_18' title="bbox 197 1349 1639 1408; baseline 0.003 -16"><span class='ocrx_word' id='word_1_146' title='bbox 197 1351 436 1408; x_wconf 80' lang='grc' dir='ltr'><em>σατράπην·</em></span> <span class='ocrx_word' id='word_1_147' title='bbox 492 1353 566 1393; x_wconf 88' lang='grc' dir='ltr'><em>καί</em></span> <span class='ocrx_word' id='word_1_148' title='bbox 592 1349 851 1407; x_wconf 82' lang='grc' dir='ltr'><em>διαθροήσας</em></span> <span class='ocrx_word' id='word_1_149' title='bbox 877 1352 1027 1392; x_wconf 79' lang='grc' dir='ltr'><em>τοῦτον</em></span> <span class='ocrx_word' id='word_1_150' title='bbox 1058 1349 1158 1392; x_wconf 77' lang='grc' dir='ltr'><em>ὁδοῦ</em></span> <span class='ocrx_word' id='word_1_151' title='bbox 1186 1351 1419 1407; x_wconf 82' lang='grc' dir='ltr'><em>πάρεργον,</em></span> <span class='ocrx_word' id='word_1_152' title='bbox 1449 1354 1523 1396; x_wconf 85' lang='grc' dir='ltr'><em>καί</em></span> <span class='ocrx_word' id='word_1_153' title='bbox 1549 1357 1639 1397; x_wconf 89' lang='grc' dir='ltr'><em>πεί-</em></span> 
     </span>
     <span class='ocr_line' id='line_1_19' title="bbox 196 1415 1636 1473; baseline 0.001 -13"><span class='ocrx_word' id='word_1_154' title='bbox 196 1434 274 1466; x_wconf 87' lang='grc' dir='ltr'><em>σας</em></span> <span class='ocrx_word' id='word_1_155' title='bbox 302 1415 429 1459; x_wconf 68' lang='grc' dir='ltr'><em>αιῖτόν</em></span> <span class='ocrx_word' id='word_1_156' title='bbox 457 1417 586 1469; x_wconf 87' lang='grc' dir='ltr'><em>μόνον</em></span> <span class='ocrx_word' id='word_1_157' title='bbox 615 1418 770 1458; x_wconf 83' lang='grc' dir='ltr'><em>εἰδέναι</em></span> <span class='ocrx_word' id='word_1_158' title='bbox 795 1419 973 1469; x_wconf 82' lang='grc' dir='ltr'><em>βασιλέα</em></span> <span class='ocrx_word' id='word_1_159' title='bbox 1002 1415 1073 1458; x_wconf 82' lang='grc' dir='ltr'><em>καί</em></span> <span class='ocrx_word' id='word_1_160' title='bbox 1103 1417 1314 1470; x_wconf 74' lang='grc' dir='ltr'><em>δεδιέναι,</em></span> <span class='ocrx_word' id='word_1_161' title='bbox 1345 1418 1428 1459; x_wconf 77' lang='grc' dir='ltr'><em>τῶν</em></span> <span class='ocrx_word' id='word_1_162' title='bbox 1455 1420 1502 1461; x_wconf 80' lang='grc' dir='ltr'><em>δὲ</em></span> <span class='ocrx_word' id='word_1_163' title='bbox 1528 1420 1636 1473; x_wconf 75' lang='grc' dir='ltr'><em>μετὰ</em></span> 
     </span>
     <span class='ocr_line' id='line_1_20' title="bbox 195 1478 1636 1540; baseline 0.001 -16"><span class='ocrx_word' id='word_1_164' title='bbox 195 1484 277 1525; x_wconf 76' lang='grc' dir='ltr'><em>τῶν</em></span> <span class='ocrx_word' id='word_1_165' title='bbox 315 1478 483 1525; x_wconf 74' lang='grc' dir='ltr'><em>Οὕννων</em></span> <span class='ocrx_word' id='word_1_166' title='bbox 521 1480 757 1537; x_wconf 78' lang='grc' dir='ltr'><em>α’φεστοέναι</em></span> <span class='ocrx_word' id='word_1_167' title='bbox 796 1483 1010 1533; x_wconf 76' lang='grc' dir='ltr'><em>σπονδῶν,</em></span> <span class='ocrx_word' id='word_1_168' title='bbox 1048 1481 1152 1536; x_wconf 87' lang='grc' dir='ltr'><em>πρὸς</em></span> <span class='ocrx_word' id='word_1_169' title='bbox 1201 1482 1279 1534; x_wconf 81' lang='grc' dir='ltr'><em>μὲν</em></span> <span class='ocrx_word' id='word_1_170' title='bbox 1314 1481 1366 1524; x_wconf 79' lang='grc' dir='ltr'><em>τὰ</em></span> <span class='ocrx_word' id='word_1_171' title='bbox 1392 1484 1522 1525; x_wconf 84' lang='grc' dir='ltr'><em>οἰκεῖα</em></span> <span class='ocrx_word' id='word_1_172' title='bbox 1549 1480 1636 1540; x_wconf 77' lang='grc' dir='ltr'><em>ἤθη</em></span> 
     </span>
     <span class='ocr_line' id='line_1_21' title="bbox 195 1543 1700 1602; baseline 0 -13"><span class='ocrx_word' id='word_1_173' title='bbox 195 1548 240 1590; x_wconf 82' lang='grc' dir='ltr'><em>τὸ</em></span> <span class='ocrx_word' id='word_1_174' title='bbox 284 1546 390 1589; x_wconf 81' lang='grc' dir='ltr'><em>πολὺ</em></span> <span class='ocrx_word' id='word_1_175' title='bbox 431 1548 504 1602; x_wconf 78' lang='grc' dir='ltr'><em>τῆς</em></span> <span class='ocrx_word' id='word_1_176' title='bbox 543 1548 744 1602; x_wconf 81' lang='grc' dir='ltr'><em>στρατιᾶς</em></span> <span class='ocrx_word' id='word_1_177' title='bbox 784 1548 1006 1601; x_wconf 78' lang='grc' dir='ltr'><em>διαφῆκεν,</em></span> <span class='ocrx_word' id='word_1_178' title='bbox 1052 1543 1181 1594; x_wconf 70' lang='grc' dir='ltr'><em>αὐτὸς</em></span> <span class='ocrx_word' id='word_1_179' title='bbox 1221 1547 1266 1587; x_wconf 82' lang='grc' dir='ltr'><em>δὲ</em></span> <span class='ocrx_word' id='word_1_180' title='bbox 1308 1546 1382 1601; x_wconf 78' lang='grc' dir='ltr'><em>την</em></span> <span class='ocrx_word' id='word_1_181' title='bbox 1418 1549 1700 1591; x_wconf 70' lang='grc' dir='ltr'><em>Θετταλῶναο</em></span> 
     </span>
     <span class='ocr_line' id='line_1_22' title="bbox 196 1610 1636 1673; baseline 0.001 -19"><span class='ocrx_word' id='word_1_182' title='bbox 196 1611 446 1665; x_wconf 78' lang='grc' dir='ltr'><em>καταλαβών</em></span> <span class='ocrx_word' id='word_1_183' title='bbox 485 1612 716 1667; x_wconf 82' lang='grc' dir='ltr'><em>ἐπαρχίαν,</em></span> <span class='ocrx_word' id='word_1_184' title='bbox 760 1610 883 1652; x_wconf 84' lang='grc' dir='ltr'><em>κοῖκεῖ</em></span> <span class='ocrx_word' id='word_1_185' title='bbox 915 1611 1250 1666; x_wconf 82' lang='grc' dir='ltr'><em>προσδιατρίψας</em></span> <span class='ocrx_word' id='word_1_186' title='bbox 1296 1613 1366 1668; x_wconf 80' lang='grc' dir='ltr'><em>ἐφ’</em></span> <span class='ocrx_word' id='word_1_187' title='bbox 1396 1610 1492 1655; x_wconf 76' lang='grc' dir='ltr'><em>ὅσον</em></span> <span class='ocrx_word' id='word_1_188' title='bbox 1524 1614 1636 1673; x_wconf 73' lang='grc' dir='ltr'><em>αὐτῷ’</em></span> 
     </span>
     <span class='ocr_line' id='line_1_23' title="bbox 197 1674 1237 1731; baseline -0.002 -12"><span class='ocrx_word' id='word_1_189' title='bbox 197 1676 335 1720; x_wconf 81' lang='grc' dir='ltr'><em>ἐδόκει.</em></span> <span class='ocrx_word' id='word_1_190' title='bbox 360 1676 540 1731; x_wconf 84' lang='grc' dir='ltr'><em>καίριον,</em></span> <span class='ocrx_word' id='word_1_191' title='bbox 569 1675 645 1730; x_wconf 78' lang='grc' dir='ltr'><em>τὴν</em></span> <span class='ocrx_word' id='word_1_192' title='bbox 671 1677 870 1729; x_wconf 86' lang='grc' dir='ltr'><em>βασιλίδα</em></span> <span class='ocrx_word' id='word_1_193' title='bbox 903 1674 1076 1718; x_wconf 83' lang='grc' dir='ltr'><em>εἴσεισιν</em></span> <span class='ocrx_word' id='word_1_194' title='bbox 1102 1674 1237 1717; x_wconf 88' lang='grc' dir='ltr'><em>πόλιν.</em></span> 
     </span>
    </p>
   </div>
   <div class='ocr_carea' id='block_1_3' title="bbox 288 1785 1634 2110">
    <p class='ocr_par' dir='ltr' id='par_1_4' title="bbox 288 1785 1634 2110">
     <span class='ocr_line' id='line_1_24' title="bbox 294 1785 1634 1836; baseline -0.001 -15"><span class='ocrx_word' id='word_1_195' title='bbox 294 1801 321 1823; x_wconf 82' lang='grc' dir='ltr'><em>ι.</em></span> <span class='ocrx_word' id='word_1_196' title='bbox 346 1785 517 1833; x_wconf 82' lang='grc' dir='ltr'><em>πλεῖστα]</em></span> <span class='ocrx_word' id='word_1_197' title='bbox 561 1787 625 1820; x_wconf 78' lang='grc' dir='ltr'><em>καὶ</em></span> <span class='ocrx_word' id='word_1_198' title='bbox 660 1785 870 1825; x_wconf 82' lang='grc' dir='ltr'><em>πολυέξοδα</em></span> <span class='ocrx_word' id='word_1_199' title='bbox 893 1787 930 1818; x_wconf 92' lang='grc' dir='ltr'><em>Β.</em></span> <span class='ocrx_word' id='word_1_200' title='bbox 1024 1788 1055 1820; x_wconf 82' lang='lat'><em>3.</em></span> <span class='ocrx_word' id='word_1_201' title='bbox 1080 1789 1116 1820; x_wconf 84' lang='grc' dir='ltr'><em>τί</em></span> <span class='ocrx_word' id='word_1_202' title='bbox 1140 1785 1235 1834; x_wconf 83' lang='grc' dir='ltr'><em>ἔχοι]</em></span> <span class='ocrx_word' id='word_1_203' title='bbox 1265 1789 1302 1821; x_wconf 79' lang='grc' dir='ltr'><em>τί</em></span> <span class='ocrx_word' id='word_1_204' title='bbox 1325 1786 1421 1835; x_wconf 78' lang='grc' dir='ltr'><em>πρὸς</em></span> <span class='ocrx_word' id='word_1_205' title='bbox 1445 1785 1514 1826; x_wconf 83' lang='grc' dir='ltr'><em>τὸν</em></span> <span class='ocrx_word' id='word_1_206' title='bbox 1538 1790 1634 1836; x_wconf 75' lang='grc' dir='ltr'><em>ἤγω-</em></span> 
     </span>
     <span class='ocr_line' id='line_1_25' title="bbox 290 1830 1633 1881; baseline 0.003 -14"><span class='ocrx_word' id='word_1_207' title='bbox 290 1835 473 1877; x_wconf 81' lang='grc' dir='ltr'><em>νισμένον</em></span> <span class='ocrx_word' id='word_1_208' title='bbox 499 1834 604 1866; x_wconf 80' lang='grc' dir='ltr'><em>εἴποι</em></span> <span class='ocrx_word' id='word_1_209' title='bbox 627 1844 683 1870; x_wconf 85' lang='grc' dir='ltr'><em>τις</em></span> <span class='ocrx_word' id='word_1_210' title='bbox 707 1830 755 1866; x_wconf 72' lang='grc' dir='ltr'><em>ἄν</em></span> <span class='ocrx_word' id='word_1_211' title='bbox 778 1835 840 1865; x_wconf 83' lang='grc' dir='ltr'><em>καὶ</em></span> <span class='ocrx_word' id='word_1_212' title='bbox 869 1831 965 1865; x_wconf 78' lang='grc' dir='ltr'><em>οὕτω</em></span> <span class='ocrx_word' id='word_1_213' title='bbox 991 1832 1201 1878; x_wconf 77' lang='grc' dir='ltr'><em>προθύμως</em></span> <span class='ocrx_word' id='word_1_214' title='bbox 1228 1835 1486 1881; x_wconf 80' lang='grc' dir='ltr'><em>ἤμιλλημένον</em></span> <span class='ocrx_word' id='word_1_215' title='bbox 1512 1836 1562 1876; x_wconf 75' lang='grc' dir='ltr'><em>οἷς</em></span> <span class='ocrx_word' id='word_1_216' title='bbox 1577 1840 1633 1880; x_wconf 77' lang='grc' dir='ltr'><em>εἴη</em></span> 
     </span>
     <span class='ocr_line' id='line_1_26' title="bbox 289 1873 1633 1929; baseline 0.003 -17"><span class='ocrx_word' id='word_1_217' title='bbox 289 1879 627 1925; x_wconf 73' lang='grc' dir='ltr'><em>παραστησάμενος</em></span> <span class='ocrx_word' id='word_1_218' title='bbox 649 1873 690 1912; x_wconf 82' lang='grc' dir='ltr'><em>τὸ</em></span> <span class='ocrx_word' id='word_1_219' title='bbox 720 1879 932 1924; x_wconf 71' lang='grc' dir='ltr'><em>ἀλλόφυλον</em></span> <span class='ocrx_word' id='word_1_220' title='bbox 949 1880 987 1911; x_wconf 92' lang='grc' dir='ltr'><em>Λ.</em></span> <span class='ocrx_word' id='word_1_221' title='bbox 1084 1891 1114 1924; x_wconf 85' lang='lat'><em>7.</em></span> <span class='ocrx_word' id='word_1_222' title='bbox 1144 1879 1340 1924; x_wconf 81' lang='grc' dir='ltr'><em>Οὕγγρους</em></span> <span class='ocrx_word' id='word_1_223' title='bbox 1364 1892 1420 1915; x_wconf 88' lang='lat' dir='ltr'><em>om</em></span> <span class='ocrx_word' id='word_1_224' title='bbox 1446 1883 1485 1915; x_wconf 89' lang='lat' dir='ltr'><em>A.</em></span> <span class='ocrx_word' id='word_1_225' title='bbox 1599 1897 1633 1929; x_wconf 86' lang='lat'><em>9.</em></span> 
     </span>
     <span class='ocr_line' id='line_1_27' title="bbox 290 1924 1634 1973; baseline -0.002 -13"><span class='ocrx_word' id='word_1_226' title='bbox 290 1925 480 1973; x_wconf 76' lang='grc' dir='ltr'><em>ἐπέταξεν]</em></span> <span class='ocrx_word' id='word_1_227' title='bbox 509 1926 676 1960; x_wconf 74' lang='grc' dir='ltr'><em>ἐκέλευεν</em></span> <span class='ocrx_word' id='word_1_228' title='bbox 701 1927 741 1958; x_wconf 92' lang='grc' dir='ltr'><em>Α.</em></span> <span class='ocrx_word' id='word_1_229' title='bbox 842 1937 889 1969; x_wconf 86' lang='lat'><em>¹7·</em></span> <span class='ocrx_word' id='word_1_230' title='bbox 916 1924 1161 1972; x_wconf 72' lang='grc' dir='ltr'><em>διαθροήσας]</em></span> <span class='ocrx_word' id='word_1_231' title='bbox 1191 1930 1391 1971; x_wconf 74' lang='grc' dir='ltr'><em>φοβερίσας</em></span> <span class='ocrx_word' id='word_1_232' title='bbox 1413 1929 1448 1960; x_wconf 88' lang='grc' dir='ltr'><em>Β.</em></span> <span class='ocrx_word' id='word_1_233' title='bbox 1521 1930 1634 1971; x_wconf 70' lang='grc' dir='ltr'><em>ποιῆ-</em></span> 
     </span>
     <span class='ocr_line' id='line_1_28' title="bbox 291 1965 1631 2019; baseline 0.003 -14"><span class='ocrx_word' id='word_1_234' title='bbox 291 1982 359 2010; x_wconf 87' lang='grc' dir='ltr'><em>σας</em></span> <span class='ocrx_word' id='word_1_235' title='bbox 382 1973 421 2005; x_wconf 95' lang='grc' dir='ltr'><em>Α.</em></span> <span class='ocrx_word' id='word_1_236' title='bbox 558 1982 607 2016; x_wconf 84' lang='grc'><em>19.</em></span> <span class='ocrx_word' id='word_1_237' title='bbox 633 1965 756 2019; x_wconf 75' lang='grc' dir='ltr'><em>πρὸς]</em></span> <span class='ocrx_word' id='word_1_238' title='bbox 795 1965 835 2005; x_wconf 84' lang='grc' dir='ltr'><em>τὸ</em></span> <span class='ocrx_word' id='word_1_239' title='bbox 863 1970 958 2004; x_wconf 77' lang='grc' dir='ltr'><em>πολὺ</em></span> <span class='ocrx_word' id='word_1_240' title='bbox 988 1975 1050 2011; x_wconf 73' lang='grc' dir='ltr'><em>τῆς</em></span> <span class='ocrx_word' id='word_1_241' title='bbox 1076 1976 1250 2016; x_wconf 78' lang='grc' dir='ltr'><em>στρατιᾶς</em></span> <span class='ocrx_word' id='word_1_242' title='bbox 1275 1974 1572 2012; x_wconf 79' lang='grc' dir='ltr'><em>καταστολιάσας</em></span> <span class='ocrx_word' id='word_1_243' title='bbox 1595 1976 1631 2008; x_wconf 90' lang='grc' dir='ltr'><em>Β.</em></span> 
     </span>
     <span class='ocr_line' id='line_1_29' title="bbox 290 2017 1632 2064; baseline -0.001 -13"><span class='ocrx_word' id='word_1_244' title='bbox 290 2029 345 2053; x_wconf 84' lang='lat'><em>20.</em></span> <span class='ocrx_word' id='word_1_245' title='bbox 369 2017 436 2059; x_wconf 77' lang='grc' dir='ltr'><em>τὴν</em></span> <span class='ocrx_word' id='word_1_246' title='bbox 471 2018 585 2064; x_wconf 85' lang='grc' dir='ltr'><em>Θεττ.]</em></span> <span class='ocrx_word' id='word_1_247' title='bbox 609 2019 662 2055; x_wconf 80' lang='grc' dir='ltr'><em>εἰς</em></span> <span class='ocrx_word' id='word_1_248' title='bbox 691 2019 967 2059; x_wconf 80' lang='grc' dir='ltr'><em>Θεσσαλονίκην</em></span> <span class='ocrx_word' id='word_1_249' title='bbox 991 2018 1138 2063; x_wconf 79' lang='grc' dir='ltr'><em>ἔρχεται</em></span> <span class='ocrx_word' id='word_1_250' title='bbox 1162 2018 1198 2049; x_wconf 93' lang='lat' dir='ltr'><em>B.</em></span> <span class='ocrx_word' id='word_1_251' title='bbox 1293 2029 1347 2054; x_wconf 75' lang='lat'><em>21.</em></span> <span class='ocrx_word' id='word_1_252' title='bbox 1373 2020 1525 2055; x_wconf 71' lang='grc' dir='ltr'><em>κάκεῖσε</em></span> <span class='ocrx_word' id='word_1_253' title='bbox 1549 2021 1632 2055; x_wconf 79' lang='grc' dir='ltr'><em>δια-</em></span> 
     </span>
     <span class='ocr_line' id='line_1_30' title="bbox 288 2066 485 2110; baseline -0.005 -12"><span class='ocrx_word' id='word_1_254' title='bbox 288 2067 424 2110; x_wconf 81' lang='grc' dir='ltr'><em>τρίψας</em></span> <span class='ocrx_word' id='word_1_255' title='bbox 445 2066 485 2098; x_wconf 88' lang='lat' dir='ltr'><em>A.</em></span> 
     </span>
    </p>
   </div>
   <div class='ocr_carea' id='block_1_4' title="bbox 197 2163 1631 2814">
    <p class='ocr_par' dir='ltr' id='par_1_5' title="bbox 197 2163 1631 2814">
     <span class='ocr_line' id='line_1_31' title="bbox 199 2163 1630 2209; baseline 0.003 -11"><span class='ocrx_word' id='word_1_256' title='bbox 199 2166 312 2199; x_wconf 80' lang='lat' dir='ltr'><strong>manis</strong></span> <span class='ocrx_word' id='word_1_257' title='bbox 346 2170 409 2198; x_wconf 80' lang='lat' dir='ltr'><em>aut</em></span> <span class='ocrx_word' id='word_1_258' title='bbox 440 2165 613 2199; x_wconf 87' lang='lat' dir='ltr'><strong>secuturis</strong></span> <span class='ocrx_word' id='word_1_259' title='bbox 653 2164 929 2209; x_wconf 84' lang='lat' dir='ltr'>imperatoribus</span> <span class='ocrx_word' id='word_1_260' title='bbox 966 2165 1106 2197; x_wconf 86' lang='lat' dir='ltr'><strong>imitatu</strong></span> <span class='ocrx_word' id='word_1_261' title='bbox 1145 2163 1291 2208; x_wconf 77' lang='lat' dir='ltr'><strong>(lignum</strong></span> <span class='ocrx_word' id='word_1_262' title='bbox 1321 2165 1529 2199; x_wconf 82' lang='lat' dir='ltr'><strong>attulerunt.</strong></span> <span class='ocrx_word' id='word_1_263' title='bbox 1567 2166 1630 2202; x_wconf 86' lang='lat' dir='ltr'><em>sed</em></span> 
     </span>
     <span class='ocr_line' id='line_1_32' title="bbox 199 2210 1630 2257; baseline 0.003 -14"><span class='ocrx_word' id='word_1_264' title='bbox 199 2212 290 2257; x_wconf 84' lang='lat' dir='ltr'><strong>quid</strong></span> <span class='ocrx_word' id='word_1_265' title='bbox 313 2212 470 2245; x_wconf 85' lang='lat' dir='ltr'><strong>dicamus</strong></span> <span class='ocrx_word' id='word_1_266' title='bbox 500 2211 543 2244; x_wconf 89' lang='lat' dir='ltr'><em>de</em></span> <span class='ocrx_word' id='word_1_267' title='bbox 570 2211 646 2245; x_wconf 83' lang='lat' dir='ltr'><strong>viro</strong></span> <span class='ocrx_word' id='word_1_268' title='bbox 673 2212 735 2255; x_wconf 89' lang='lat' dir='ltr'><em>qui</em></span> <span class='ocrx_word' id='word_1_269' title='bbox 760 2216 861 2244; x_wconf 85' lang='lat' dir='ltr'><strong>tanto</strong></span> <span class='ocrx_word' id='word_1_270' title='bbox 897 2211 1039 2251; x_wconf 87' lang='lat' dir='ltr'><strong>studio,</strong></span> <span class='ocrx_word' id='word_1_271' title='bbox 1067 2211 1226 2255; x_wconf 79' lang='lat' dir='ltr'><strong>quamvis</strong></span> <span class='ocrx_word' id='word_1_272' title='bbox 1252 2210 1390 2243; x_wconf 84' lang='lat' dir='ltr'><strong>infelici</strong></span> <span class='ocrx_word' id='word_1_273' title='bbox 1416 2218 1565 2255; x_wconf 85' lang='lat' dir='ltr'><strong>conatu,</strong></span> <span class='ocrx_word' id='word_1_274' title='bbox 1591 2215 1630 2248; x_wconf 85' lang='lat' dir='ltr'><em>in</em></span> 
     </span>
     <span class='ocr_line' id='line_1_33' title="bbox 199 2256 1630 2303; baseline 0.002 -12"><span class='ocrx_word' id='word_1_275' title='bbox 199 2259 388 2303; x_wconf 83' lang='lat' dir='ltr'><strong>imperium</strong></span> <span class='ocrx_word' id='word_1_276' title='bbox 416 2258 453 2290; x_wconf 88' lang='lat' dir='ltr'><em>in</em></span> <span class='ocrx_word' id='word_1_277' title='bbox 476 2258 651 2301; x_wconf 87' lang='lat' dir='ltr'><strong>integrum</strong></span> <span class='ocrx_word' id='word_1_278' title='bbox 675 2257 936 2290; x_wconf 86' lang='lat' dir='ltr'><strong>restituendum</strong></span> <span class='ocrx_word' id='word_1_279' title='bbox 963 2263 999 2290; x_wconf 83' lang='lat' dir='ltr'><em>et</em></span> <span class='ocrx_word' id='word_1_280' title='bbox 1014 2256 1184 2290; x_wconf 81' lang='lat' dir='ltr'><em>barbaros</em></span> <span class='ocrx_word' id='word_1_281' title='bbox 1201 2256 1417 2300; x_wconf 82' lang='lat' dir='ltr'><strong>subigendos</strong></span> <span class='ocrx_word' id='word_1_282' title='bbox 1441 2258 1630 2296; x_wconf 79' lang='lat' dir='ltr'><strong>incubuit?</strong></span> 
     </span>
     <span class='ocr_line' id='line_1_34' title="bbox 199 2303 1631 2350; baseline 0.001 -13"><span class='ocrx_word' id='word_1_283' title='bbox 199 2305 285 2338; x_wconf 85' lang='lat' dir='ltr'><strong>inde</strong></span> <span class='ocrx_word' id='word_1_284' title='bbox 310 2304 539 2348; x_wconf 83' lang='lat' dir='ltr'><strong>expeditione</strong></span> <span class='ocrx_word' id='word_1_285' title='bbox 566 2310 688 2337; x_wconf 84' lang='lat' dir='ltr'><strong>contra</strong></span> <span class='ocrx_word' id='word_1_286' title='bbox 713 2305 899 2343; x_wconf 85' lang='lat' dir='ltr'><strong>Paeones,·</strong></span> <span class='ocrx_word' id='word_1_287' title='bbox 915 2304 977 2348; x_wconf 89' lang='lat' dir='ltr'><em>qui</em></span> <span class='ocrx_word' id='word_1_288' title='bbox 1004 2309 1039 2336; x_wconf 89' lang='lat' dir='ltr'><em>et</em></span> <span class='ocrx_word' id='word_1_289' title='bbox 1055 2303 1212 2347; x_wconf 87' lang='lat' dir='ltr'><strong>Hungari</strong></span> <span class='ocrx_word' id='word_1_290' title='bbox 1239 2309 1275 2336; x_wconf 87' lang='lat' dir='ltr'><em>et</em></span> <span class='ocrx_word' id='word_1_291' title='bbox 1297 2304 1419 2336; x_wconf 86' lang='lat' dir='ltr'><strong>Hunni</strong></span> <span class='ocrx_word' id='word_1_292' title='bbox 1443 2306 1631 2350; x_wconf 87' lang='lat' dir='ltr'><strong>appellan-</strong></span> 
     </span>
     <span class='ocr_line' id='line_1_35' title="bbox 197 2349 1628 2394; baseline 0.001 -10"><span class='ocrx_word' id='word_1_293' title='bbox 197 2358 278 2392; x_wconf 83' lang='lat' dir='ltr'><strong>tur,</strong></span> <span class='ocrx_word' id='word_1_294' title='bbox 306 2351 462 2390; x_wconf 83' lang='lat' dir='ltr'><strong>indicta,</strong></span> <span class='ocrx_word' id='word_1_295' title='bbox 501 2350 741 2383; x_wconf 83' lang='lat' dir='ltr'><strong>occidentales</strong></span> <span class='ocrx_word' id='word_1_296' title='bbox 766 2350 925 2393; x_wconf 83' lang='lat' dir='ltr'><strong>legiones</strong></span> <span class='ocrx_word' id='word_1_297' title='bbox 963 2361 1083 2382; x_wconf 87' lang='lat' dir='ltr'><strong>currus</strong></span> <span class='ocrx_word' id='word_1_298' title='bbox 1108 2350 1146 2382; x_wconf 90' lang='lat' dir='ltr'><em>in</em></span> <span class='ocrx_word' id='word_1_299' title='bbox 1170 2354 1283 2382; x_wconf 83' lang='lat' dir='ltr'><strong>castra</strong></span> <span class='ocrx_word' id='word_1_300' title='bbox 1307 2349 1484 2383; x_wconf 86' lang='lat' dir='ltr'><strong>adducere</strong></span> <span class='ocrx_word' id='word_1_301' title='bbox 1509 2351 1628 2394; x_wconf 82' lang='lat' dir='ltr'><strong>iubet,</strong></span> 
     </span>
     <span class='ocr_line' id='line_1_36' title="bbox 199 2395 1628 2443; baseline 0.001 -13"><span class='ocrx_word' id='word_1_302' title='bbox 199 2397 331 2443; x_wconf 90' lang='lat' dir='ltr'><strong>quibus</strong></span> <span class='ocrx_word' id='word_1_303' title='bbox 361 2402 397 2429; x_wconf 86' lang='lat' dir='ltr'><em>et</em></span> <span class='ocrx_word' id='word_1_304' title='bbox 422 2396 490 2428; x_wconf 92' lang='lat' dir='ltr'><strong>sibi</strong></span> <span class='ocrx_word' id='word_1_305' title='bbox 515 2397 602 2441; x_wconf 88' lang='lat' dir='ltr'><strong>ipsis</strong></span> <span class='ocrx_word' id='word_1_306' title='bbox 629 2402 864 2429; x_wconf 81' lang='lat' dir='ltr'><strong>commeatum</strong></span> <span class='ocrx_word' id='word_1_307' title='bbox 892 2395 1110 2428; x_wconf 76' lang='lat' dir='ltr'><strong>adveherent</strong></span> <span class='ocrx_word' id='word_1_308' title='bbox 1134 2401 1169 2428; x_wconf 89' lang='lat' dir='ltr'><em>et</em></span> <span class='ocrx_word' id='word_1_309' title='bbox 1195 2396 1356 2436; x_wconf 83' lang='lat' dir='ltr'><strong>caeteris,</strong></span> <span class='ocrx_word' id='word_1_310' title='bbox 1380 2397 1441 2440; x_wconf 80' lang='lat' dir='ltr'><em>qui</em></span> <span class='ocrx_word' id='word_1_311' title='bbox 1456 2397 1628 2432; x_wconf 78' lang='lat' dir='ltr'><strong>vehiculis</strong></span> 
     </span>
     <span class='ocr_line' id='line_1_37' title="bbox 199 2442 1628 2490; baseline 0.001 -14"><span class='ocrx_word' id='word_1_312' title='bbox 199 2449 382 2484; x_wconf 77' lang='lat' dir='ltr'><strong>carerent,</strong></span> <span class='ocrx_word' id='word_1_313' title='bbox 417 2444 698 2486; x_wconf 82' lang='lat' dir='ltr'><strong>suppeditarent.</strong></span> <span class='ocrx_word' id='word_1_314' title='bbox 735 2455 814 2475; x_wconf 88' lang='lat' dir='ltr'><em>cum</em></span> <span class='ocrx_word' id='word_1_315' title='bbox 848 2443 1023 2475; x_wconf 77' lang='lat' dir='ltr'><strong>exercitus</strong></span> <span class='ocrx_word' id='word_1_316' title='bbox 1061 2442 1332 2482; x_wconf 87' lang='lat' dir='ltr'><strong>convenissent,</strong></span> <span class='ocrx_word' id='word_1_317' title='bbox 1370 2442 1447 2486; x_wconf 89' lang='lat' dir='ltr'><strong>ipse</strong></span> <span class='ocrx_word' id='word_1_318' title='bbox 1483 2454 1628 2490; x_wconf 87' lang='lat' dir='ltr'><strong>quoque</strong></span> 
     </span>
     <span class='ocr_line' id='line_1_38' title="bbox 200 2487 1629 2533; baseline 0 -10"><span class='ocrx_word' id='word_1_319' title='bbox 200 2490 398 2530; x_wconf 82' lang='lat' dir='ltr'><strong>sardicam,</strong></span> <span class='ocrx_word' id='word_1_320' title='bbox 424 2500 515 2533; x_wconf 86' lang='lat' dir='ltr'><strong>quae</strong></span> <span class='ocrx_word' id='word_1_321' title='bbox 547 2501 642 2522; x_wconf 88' lang='lat' dir='ltr'><strong>nunc</strong></span> <span class='ocrx_word' id='word_1_322' title='bbox 666 2489 831 2521; x_wconf 81' lang='lat' dir='ltr'><strong>Triadiza</strong></span> <span class='ocrx_word' id='word_1_323' title='bbox 855 2494 1001 2522; x_wconf 83' lang='lat' dir='ltr'><strong>vocatur</strong></span> <span class='ocrx_word' id='word_1_324' title='bbox 1017 2514 1026 2530; x_wconf 93' lang='lat'><strong><em>,</em></strong></span> <span class='ocrx_word' id='word_1_325' title='bbox 1060 2488 1170 2521; x_wconf 88' lang='lat' dir='ltr'><strong>venit.</strong></span> <span class='ocrx_word' id='word_1_326' title='bbox 1199 2488 1262 2520; x_wconf 88' lang='lat' dir='ltr'><strong>ubi</strong></span> <span class='ocrx_word' id='word_1_327' title='bbox 1286 2498 1358 2520; x_wconf 90' lang='lat' dir='ltr'><em>non</em></span> <span class='ocrx_word' id='word_1_328' title='bbox 1384 2487 1445 2521; x_wconf 87' lang='lat' dir='ltr'><em>diu</em></span> <span class='ocrx_word' id='word_1_329' title='bbox 1472 2501 1629 2523; x_wconf 80' lang='lat' dir='ltr'><strong>commo-</strong></span> 
     </span>
     <span class='ocr_line' id='line_1_39' title="bbox 201 2534 1628 2579; baseline 0 -9"><span class='ocrx_word' id='word_1_330' title='bbox 201 2542 318 2578; x_wconf 81' lang='lat' dir='ltr'><strong>ratus,</strong></span> <span class='ocrx_word' id='word_1_331' title='bbox 343 2547 421 2569; x_wconf 86' lang='lat' dir='ltr'><em>cum</em></span> <span class='ocrx_word' id='word_1_332' title='bbox 447 2536 602 2568; x_wconf 85' lang='lat' dir='ltr'><strong>Paeones</strong></span> <span class='ocrx_word' id='word_1_333' title='bbox 626 2546 689 2579; x_wconf 87' lang='lat' dir='ltr'><em>per</em></span> <span class='ocrx_word' id='word_1_334' title='bbox 722 2535 858 2579; x_wconf 80' lang='lat' dir='ltr'><strong>legatos</strong></span> <span class='ocrx_word' id='word_1_335' title='bbox 882 2546 1005 2578; x_wconf 86' lang='lat' dir='ltr'><strong>pacem</strong></span> <span class='ocrx_word' id='word_1_336' title='bbox 1032 2534 1222 2575; x_wconf 81' lang='lat' dir='ltr'><strong>fecissent,</strong></span> <span class='ocrx_word' id='word_1_337' title='bbox 1246 2535 1316 2567; x_wconf 89' lang='lat' dir='ltr'><strong>iter</strong></span> <span class='ocrx_word' id='word_1_338' title='bbox 1338 2540 1459 2567; x_wconf 75' lang='lat' dir='ltr'><strong>contra</strong></span> <span class='ocrx_word' id='word_1_339' title='bbox 1487 2536 1628 2570; x_wconf 89' lang='lat' dir='ltr'><strong>Servio-</strong></span> 
     </span>
     <span class='ocr_line' id='line_1_40' title="bbox 200 2581 1627 2626; baseline 0.001 -10"><span class='ocrx_word' id='word_1_340' title='bbox 200 2596 277 2616; x_wconf 85' lang='lat' dir='ltr'><em>rum</em></span> <span class='ocrx_word' id='word_1_341' title='bbox 312 2588 487 2626; x_wconf 85' lang='lat' dir='ltr'><strong>satrapam</strong></span> <span class='ocrx_word' id='word_1_342' title='bbox 519 2582 704 2614; x_wconf 82' lang='lat' dir='ltr'><strong>convertit.</strong></span> <span class='ocrx_word' id='word_1_343' title='bbox 741 2593 811 2625; x_wconf 92' lang='lat' dir='ltr'><em>quo</em></span> <span class='ocrx_word' id='word_1_344' title='bbox 841 2581 959 2614; x_wconf 84' lang='lat' dir='ltr'><strong>obiter</strong></span> <span class='ocrx_word' id='word_1_345' title='bbox 994 2581 1119 2614; x_wconf 84' lang='lat' dir='ltr'><strong>territo</strong></span> <span class='ocrx_word' id='word_1_346' title='bbox 1151 2586 1188 2613; x_wconf 89' lang='lat' dir='ltr'><em>et</em></span> <span class='ocrx_word' id='word_1_347' title='bbox 1221 2591 1390 2625; x_wconf 83' lang='lat' dir='ltr'><strong>persuaso</strong></span> <span class='ocrx_word' id='word_1_348' title='bbox 1431 2587 1472 2615; x_wconf 86' lang='lat' dir='ltr'><em>ut</em></span> <span class='ocrx_word' id='word_1_349' title='bbox 1496 2582 1627 2617; x_wconf 88' lang='lat' dir='ltr'><strong>omisso</strong></span> 
     </span>
     <span class='ocr_line' id='line_1_41' title="bbox 199 2626 1627 2674; baseline -0.001 -11"><span class='ocrx_word' id='word_1_350' title='bbox 199 2629 345 2663; x_wconf 83' lang='lat' dir='ltr'><strong>foedere</strong></span> <span class='ocrx_word' id='word_1_351' title='bbox 359 2628 524 2661; x_wconf 81' lang='lat' dir='ltr'><strong>Hunnico</strong></span> <span class='ocrx_word' id='word_1_352' title='bbox 553 2628 667 2660; x_wconf 89' lang='lat' dir='ltr'><strong>solum</strong></span> <span class='ocrx_word' id='word_1_353' title='bbox 692 2628 940 2671; x_wconf 80' lang='lat' dir='ltr'><strong>imperatorem</strong></span> <span class='ocrx_word' id='word_1_354' title='bbox 967 2631 1173 2671; x_wconf 80' lang='lat' dir='ltr'><strong>agnosceret</strong></span> <span class='ocrx_word' id='word_1_355' title='bbox 1197 2632 1234 2659; x_wconf 82' lang='lat' dir='ltr'><em>et</em></span> <span class='ocrx_word' id='word_1_356' title='bbox 1258 2626 1477 2669; x_wconf 81' lang='lat' dir='ltr'><strong>formidaret,</strong></span> <span class='ocrx_word' id='word_1_357' title='bbox 1502 2640 1627 2674; x_wconf 85' lang='lat' dir='ltr'><strong>magna</strong></span> 
     </span>
     <span class='ocr_line' id='line_1_42' title="bbox 200 2673 1626 2721; baseline -0.001 -12"><span class='ocrx_word' id='word_1_358' title='bbox 200 2677 382 2721; x_wconf 88' lang='lat' dir='ltr'><strong>copiarum</strong></span> <span class='ocrx_word' id='word_1_359' title='bbox 402 2679 503 2720; x_wconf 86' lang='lat' dir='ltr'><strong>parte</strong></span> <span class='ocrx_word' id='word_1_360' title='bbox 537 2674 681 2707; x_wconf 85' lang='lat' dir='ltr'><strong>dimissa</strong></span> <span class='ocrx_word' id='word_1_361' title='bbox 707 2674 744 2706; x_wconf 87' lang='lat' dir='ltr'><em>in</em></span> <span class='ocrx_word' id='word_1_362' title='bbox 782 2674 1000 2718; x_wconf 81' lang='lat' dir='ltr'><strong>provinciam</strong></span> <span class='ocrx_word' id='word_1_363' title='bbox 1026 2673 1248 2706; x_wconf 81' lang='lat' dir='ltr'><strong>Thessaliam</strong></span> <span class='ocrx_word' id='word_1_364' title='bbox 1271 2673 1475 2717; x_wconf 78' lang='lat' dir='ltr'><strong>profectus,</strong></span> <span class='ocrx_word' id='word_1_365' title='bbox 1500 2674 1626 2721; x_wconf 81' lang='lat' dir='ltr'><strong>ibique</strong></span> 
     </span>
     <span class='ocr_line' id='line_1_43' title="bbox 199 2719 1624 2768; baseline 0 -13"><span class='ocrx_word' id='word_1_366' title='bbox 199 2722 360 2768; x_wconf 84' lang='lat' dir='ltr'><strong>quandiu</strong></span> <span class='ocrx_word' id='word_1_367' title='bbox 387 2726 625 2766; x_wconf 84' lang='lat' dir='ltr'><strong>opportunum</strong></span> <span class='ocrx_word' id='word_1_368' title='bbox 648 2719 838 2755; x_wconf 80' lang='lat' dir='ltr'><strong>videbatur</strong></span> <span class='ocrx_word' id='word_1_369' title='bbox 861 2725 1109 2760; x_wconf 81' lang='lat' dir='ltr'><strong>commoratus,</strong></span> <span class='ocrx_word' id='word_1_370' title='bbox 1138 2719 1397 2765; x_wconf 84' lang='lat' dir='ltr'><strong>imperatricem</strong></span> <span class='ocrx_word' id='word_1_371' title='bbox 1421 2719 1543 2754; x_wconf 85' lang='lat' dir='ltr'><strong>urbem</strong></span> <span class='ocrx_word' id='word_1_372' title='bbox 1568 2722 1624 2755; x_wconf 83' lang='lat' dir='ltr'><strong>in-</strong></span> 
     </span>
     <span class='ocr_line' id='line_1_44' title="bbox 200 2769 368 2814; baseline -0.006 -13"><span class='ocrx_word' id='word_1_373' title='bbox 200 2769 368 2814; x_wconf 79' lang='lat' dir='ltr'><strong>greditur.</strong></span> 
     </span>
    </p>
   </div>
  </div>
 </body>
</html>
