1878 3230
249 134 362 209 498
386 134 389 139 ’
692 146 916 190 Nicss'mss
955 146 1119 188 enom
1127 146 1264 188 ATAE

249 250 501 305 κασιγνήτω,
547 247 637 286 ἐπεὶ
673 243 843 300 νύμφην
887 245 1037 291 ἐκεῖνος
1082 242 1297 298 ἡρμόσατο
1340 246 1411 285 και
1450 261 1553 300 ᾳσας
1595 241 1678 300 εἶχε

248 315 465 369 προσεχῶς
492 302 564 352 τὸν
588 308 805 361 ὑμέναιον,
836 323 883 348 οι
888 322 954 355 τος
984 305 1064 361 τήν
1094 308 1170 348 τοῦ
1207 309 1302 359 βίον
1333 308 1521 350 κοινωιὸν
1547 310 1678 352 θανά-

247 394 303 435 τω
335 374 649 429 ἄποβαλόμενος
677 390 734 424 ως
767 377 940 428 ἕρμαιον
967 378 1050 422 τοῖς
1079 374 1278 426 πρέσβεσι
1315 375 1493 428 κρίνεται
1527 375 1598 416 και
1633 373 1678 417 td

247 444 452 497 πάρεργον
479 440 553 482 τοῦ
578 438 701 494 ἔργου
726 440 875 491 μεῖζον
903 436 1006 479 κατὰ
1030 436 1150 478 πολύ.
1208 437 1279 478 ναί
1293 436 1377 492 μὴν
1407 437 1682 491 ὕποσχὲσεσιν

249 507 287 548 οἱ
317 507 508 560 πρέσβεις
541 506 753 558 μεγίσταις
789 501 863 544 τὸν
891 503 1115 557 Κορράδον
1143 500 1415 558 κουφίσαντες
1453 502 1532 544 σύν
1570 504 1682 560 αὐτῷ
1694 506 1717 546 5

248 572 547 622 ἐπανὲζευξαν,
579 571 649 611 καί
678 569 733 618 ὥς
766 567 965 610 εἱστιάκει
992 566 1090 616 τούς
1117 566 1278 621 γάμους
1306 564 1326 608 ὅ
1355 568 1576 620 βασιλεύς,
1605 583 1680 620 με-

245 636 294 678 τά
326 633 476 690 μικρὸν
506 636 552 676 δὲ
584 633 610 688 ἦ
641 637 715 676 τοῦ
744 635 894 688 Βρανᾶ
922 631 1256 687 ἐπηκολούθησεν
1289 631 1589 687 ἐπανάστασις,
1631 634 1687 674 ου’

245 703 405 743 διέλιπε
434 699 480 741 τὸ
513 701 587 743 τοῦ
614 699 820 754 βασιλέως
850 699 1071 740 διανιστῶν
1109 697 1304 753 φρόνημα
1343 699 1414 739 καί
1447 703 1538 748 ταῖς
1579 713 1683 754 χρη-

246 768 454 821 στοτέραις
481 764 740 808 ἄναθάλπων
770 763 931 806 ἐλπίσιν
967 762 1196 817 α’πεσβηκὸς
1229 759 1309 818 ἤδη
1336 764 1411 804 καί
1438 764 1497 813 εἷς
1535 763 1685 819 ἀγεννῆ

245 833 506 886 καταβληθὲν
531 828 821 885 χαλαρότητα,
852 828 925 871 καί
950 825 1087 883 ὥσπερ
1119 826 1246 883 α’κόνη
1285 830 1343 886 τῷ
1376 832 1546 882 βασιλεῖ’
1579 829 1683 884 πρὸς
1699 849 1747 877 10

244 895 319 938 τὸν
337 897 414 937 τοῦ
441 899 621 949 πολέμου
649 894 775 951 ξυρὸν
803 894 1034 949 γινόμενος.
1091 894 1237 947 α’,ιιέλει
1269 894 1342 936 καί
1381 893 1581 948 βασιλεῦς
1606 897 1684 948 μὲν

245 961 342 1010 τούς
381 957 648 1016 γυμνόποδας
681 962 754 1002 καί
785 957 1049 1014 χαμαιεύνας
1090 961 1171 1001 τῶν
1208 963 1406 1013 μοναχῶν
1451 960 1681 1015 ἦθροικώς,

209 1027 323 1071 cacat*
349 1023 442 1069 ὅσοι
468 1029 577 1068 κίοσι
604 1028 677 1081 τῆς
704 1027 778 1081 γῆς
805 1025 1105 1080 ὑπερήρθησαν
1123 1025 1182 1073 εἷς
1207 1023 1257 1066 τά
1290 1025 1441 1080 ἀρχεῖα
1458 1029 1684 1080 συνηθροι-

247 1090 342 1144 κώς,
363 1094 493 1134 ἐδεῖτο
513 1094 567 1133 δι’
595 1092 732 1133 αὐτῶν
758 1093 832 1132 τοῦ
856 1093 962 1132 θεοῦ
991 1091 1348 1144 διασκεδασθῆναι
1375 1089 1448 1131 τὸν
1470 1092 1683 1146 ἐφεστῶτα

246 1157 454 1213 ἐμφύλιον
482 1156 663 1209 πόλεμον
687 1155 760 1197 καί
785 1155 842 1210 μή
876 1157 1110 1210 μεταβῆναι
1141 1150 1424 1210 ἢιῖποπτῆναι
1456 1154 1501 1197 ’τὰ
1536 1156 1682 1211 κράτος
1699 1163 1746 1204 15

245 1223 350 1278 πρὸς
377 1224 538 1277 ἕτερον,
566 1224 647 1264 ταῖν
675 1223 720 1263 δὲ
748 1220 852 1262 κατὰ
882 1222 1073 1273 πόλεμον,
1102 1221 1296 1276 ἦτημέλει
1325 1220 1581 1275 παντάπασι,
1609 1220 1684 1271 τὰς

245 1290 417 1337 ἐλπίδας
445 1287 582 1335 πάσας
612 1286 858 1328 ε’πανάπτων
888 1287 940 1342 τῇ
966 1288 1194 1341 παντευχίᾳ
1233 1287 1311 1327 τοῦ
1343 1285 1602 1338 πνεύματος·
1662 1286 1683 1329 ὅ

246 1355 291 1396 δὲ
314 1352 371 1402 ὥς
398 1351 422 1394 ὅ
448 1353 636 1408 καρκίνος
662 1351 736 1406 τὴν
779 1353 924 1392 πίνναν
966 1350 1161 1398 πολλάκις
1199 1351 1345 1392 τοῦτον
1388 1351 1575 1403 διύπνιζε
1612 1355 1685 1395 καί

243 1417 482 1460 ὖπονύττων
511 1418 729 1469 διανίστα,
771 1419 929 1457 πείθων
956 1415 1014 1470 μὴ
1043 1413 1175 1457 πάντα
1218 1421 1302 1465 τοῖς
1349 1416 1484 1469 οἷβιόις
1522 1417 1680 1466 τούτοις

243 1486 444 1538 θαρρεῖν,
475 1484 562 1524 ἀλλ’
593 1483 636 1524 ἐν
656 1483 714 1539 τῷ
741 1483 861 1535 μέρει
887 1483 958 1522 καί
985 1482 1171 1536 στρατῶν
1199 1482 1470 1533 ἐπιμέλεσθαι
1499 1483 1571 1523 καί
1596 1481 1678 1538 φά·
1692 1502 1746 1528 20

245 1552 388 1602 λαγξιν
415 1547 671 1600 ὄπλομοίχοις
702 1545 807 1588 κατὰ
835 1548 910 1588 τοῦ
937 1544 1178 1587 α’ντιστὰτου
1203 1546 1451 1600 κεχρῆσθαι,
1478 1544 1590 1596 ὅπως
1615 1546 1678 1602 εἴη

245 1612 302 1669 μὴ
333 1614 461 1666 μόνον
491 1611 561 1654 διὰ
588 1613 668 1654 τῶν
694 1613 840 1663 δεξιῶν
868 1609 1018 1663 ὅπλων,
1047 1612 1128 1652 τῶν
1148 1610 1387 1665 συνάρσεων
1419 1612 1576 1666 δηλαδή
1595 1613 1678 1655 τῶν

343 1735 369 1756 ι.
393 1723 477 1757 ἐπεὶ
501 1722 669 1779 νύμφην]
696 1723 762 1756 καὶ
788 1722 963 1766 εὑρόντες
987 1722 1054 1757 τὸν
1075 1721 1147 1767 μὲν
1170 1720 1398 1767 βονιφιίτιον
1422 1721 1582 1765 λαβόντα
1608 1735 1677 1768 γυ-

337 1775 463 1807 ναῖκα.
490 1763 559 1804 τὸν
583 1769 623 1804 δὲ
648 1768 816 1814 κορᾶδον
843 1767 887 1810 '‘J'‘
912 1767 1011 1813 εἶχεν
1035 1768 1322 1808 αποθανοῦσαν,
1350 1768 1399 1805 ως
1422 1767 1567 1825 εὕρημα
1591 1770 1678 1803 κοίλ-

337 1818 466 1850 λιστον
499 1821 578 1853 τοῖς
605 1815 916 1860 α’ποκρισιαρίοις
949 1817 1059 1847 τοῦτο
1090 1814 1236 1858 εὑρέθη.
1285 1817 1490 1859 συνέτυχον
1523 1811 1592 1850 οὖν
1626 1818 1678 1850 τῶ

341 1861 500 1896 τοιούτω
530 1861 702 1918 κοροῖδω,
728 1863 789 1895 καὶ
820 1861 1092 1915 ὑπεσχέθησαν
1119 1861 1217 1893 αῠτιῦ
1244 1859 1390 1917 τιξίωμα
1421 1863 1484 1894 καὶ
1508 1863 1677 1896 πλοῦτον

335 1908 482 1949 πολύν,
506 1906 574 1943 ἐᾶν
598 1910 686 1950 ἔλθη
712 1910 764 1945 εἰς
789 1903 855 1941 τόν
881 1910 1033 1950 βασιλέα
1058 1909 1119 1939 καὶ
1145 1907 1228 1950 λτὲβη
1253 1920 1320 1948 την
1343 1906 1478 1940 τούτου
1507 1902 1678 1953 ιῖδελφῆν

336 1956 388 1991 εἰς
413 1959 574 2009 γυναῖκα
599 1957 635 1990 Β.
711 1958 762 1991 16
793 1953 974 2000 ηῐηιιέλει]
1006 1953 1132 1999 ηἰιέλει
1157 1954 1195 1986 Α.
1264 1965 1313 1998 ¹7·
1306 1953 1561 2001 ,ἐπανάπτωνῙ
1585 1955 1676 1989 ἐπα-

336 1998 472 2039 νεικώς
496 2002 536 2034 Α.

245 2089 450 2123 habuerunt
473 2091 571 2136 quod
596 2091 655 2124 hic
679 2091 864 2134 coniugem
891 2086 1089 2130 amisisset,
1116 2100 1155 2123 ac
1180 2090 1313 2122 boumn
1341 2090 1445 2134 longe
1471 2091 1583 2122 maius
1618 2091 1675 2123 iu-

246 2135 411 2169 dicarunt
433 2147 539 2181 quam
565 2137 594 2169 si
622 2137 661 2170 id
685 2137 924 2170 confecissent
947 2137 1047 2169 cuius
1074 2136 1185 2180 gratia
1208 2141 1389 2176 venerant,
1417 2141 1453 2169 et
1471 2135 1672 2170 Conradum

244 2182 406 2214 maximis
431 2183 757 2227 pollicitationibus
773 2183 963 2227 impulsum
987 2194 1105 2214 secum
1125 2182 1361 2215 adduxerunt.
1389 2193 1468 2214 cum
1493 2193 1576 2215 vero
1600 2194 1673 2218 non

244 2227 357 2260 multo
382 2234 465 2272 post
489 2240 546 2262 eas
571 2230 714 2273 nuptias
738 2230 867 2261 Branas
891 2228 1034 2269 defecit,
1057 2229 1086 2261 is
1110 2228 1333 2272 imperatoris
1356 2229 1511 2260 animum
1538 2229 1673 2272 erigere

245 2279 282 2306 et,
299 2273 392 2306 bona
419 2286 481 2319 spe
508 2280 707 2308 sustentare
731 2276 801 2307 iam
825 2275 1066 2307 labascentem
1093 2279 1128 2306 et
1143 2274 1447 2306 remollescentem
1465 2275 1672 2308 confirmare

243 2331 315 2352 non
345 2319 504 2362 destitit3
529 2322 662 2366 quippe
689 2322 751 2365 qui
776 2322 818 2353 iis
846 2320 1028 2353 monachis
1057 2321 1118 2364 qui
1151 2320 1256 2353 nudis
1281 2319 1435 2364 pedibus
1464 2321 1672 2355 incedentes

245 2371 281 2399 et
309 2367 407 2399 humi
432 2368 603 2400 cubantes
627 2367 740 2400 veluti
767 2367 940 2399 columnis
965 2367 1058 2399 ultra
1086 2366 1232 2398 humum
1261 2368 1476 2407 efferuntur,
1510 2367 1546 2399 in
1571 2367 1671 2411 pala-

243 2413 334 2445 tium
359 2413 598 2456 congregatis,
626 2413 694 2445 deo
725 2414 942 2457 supplicaret
967 2418 1006 2445 ut
1039 2412 1142 2444 civile
1179 2412 1314 2444 bellum
1348 2412 1574 2456 propulsaret
1605 2425 1672 2448 nec

244 2458 347 2491 alteri
373 2458 531 2492 traderet
553 2459 752 2503 imperium,
778 2470 850 2491 rem
875 2470 957 2490 vero
981 2458 1146 2491 bellicam
1173 2458 1316 2502 penitus
1341 2459 1548 2502 negligeret,
1574 2461 1670 2494 omni

244 2515 306 2550 spe
333 2516 396 2538 sua
419 2505 458 2538 in
483 2505 587 2538 armis
611 2505 755 2549 spiritus
785 2505 968 2537 collocata.
995 2509 1171 2536 caeterum
1201 2504 1383 2537 conradus
1408 2516 1500 2546 euin,
1525 2511 1564 2540 ut
1587 2517 1671 2539 can-

244 2562 302 2584 cer
325 2551 492 2596 pinnam,
516 2551 670 2584 subinde
694 2551 886 2584 vellicabat
911 2556 946 2583 et
969 2550 1158 2590 excitabat,
1187 2562 1334 2583 monens
1361 2562 1407 2584 ne
1435 2551 1472 2584 in
1495 2551 1670 2586 mendici&

243 2598 322 2630 istis
350 2609 490 2632 omnem
525 2597 691 2630 fiduciam
723 2597 934 2636 collocaret,
971 2595 1032 2628 sed
1068 2597 1118 2629 rei
1150 2576 1316 2629 inilitiris
1348 2598 1452 2630 etiam
1493 2594 1670 2633 rationed

243 2643 394 2678 haberet
418 2650 454 2678 et
479 2644 620 2678 armatis
647 2643 884 2688 phalangibus
908 2642 1078 2675 seditioso
1099 2649 1310 2683 occurreret,
1335 2654 1401 2676 nec
1427 2644 1560 2677 dextris
1576 2644 1668 2677 dun-

244 2693 341 2725 taxat
367 2691 482 2732 armis,
507 2689 574 2724 hoc
599 2695 652 2725 est
677 2695 876 2724 sanctorum
892 2690 1046 2722 virorum
1071 2689 1399 2731 intercessionibus,
1427 2690 1488 2724 sed
1514 2691 1665 2724 sinistris
