1838 3210
223 157 289 223 ¹4
375 142 377 144 ’
671 171 897 215 meam:
945 170 1253 214 cnomATAE

211 275 346 328 λεγείς
382 274 454 323 τάς
493 271 698 328 ἐπαρχίας
734 271 1026 326 ἀμφεποτᾶτο,
1073 270 1150 312 κάκ
1179 269 1256 313 τοῦ
1286 269 1453 312 τάσσειν
1485 269 1642 326 φόρους

205 338 384 388 ταύταις
408 340 582 380 πλοῦτον
609 333 903 389 τιθαιβώσσων
920 334 1058 389 βαθύν
1085 336 1253 392 ἠράσθη
1282 333 1384 376 κατὰ
1412 335 1535 391 κῆδος
1564 339 1642 390 βαε

210 409 324 446 σιλεῖ
351 404 636 459 συναφθῆναι.
693 402 846 443 ου’κοῦν
873 401 947 443 καί
970 403 1247 457 προσπλακείς
1275 401 1354 458 μιᾷ
1382 401 1463 442 τῶν
1484 401 1640 443 ἐκεινου

209 471 419 524 συγγενῶν
465 469 688 521 λογοθέτης
723 468 804 508 τῶν
847 469 1051 522 σεκρέτων
1081 468 1375 523 προυβέβλητο.
1443 462 1564 519 ἴσχυε
1601 466 1643 507 δ’

207 533 314 589 ὑπὲρ
353 531 508 581 πάντας
546 533 661 587 παρά
698 533 802 589 τῷδε
842 534 900 590 τῷ
925 536 1095 586 βασιλεῖ
1126 534 1200 574 καί
1223 530 1299 580 τάς
1325 528 1493 587 πρώτας
1518 532 1680 590 §zap-75

207 601 335 639 ποῦτο
363 596 487 650 τιμὰς
527 596 549 638 ὅ
579 599 776 651 Ἀξοῦχος
811 597 1015 652 Ἰωάννης.
1084 589 1136 652 ἦν
1168 598 1206 639 δ’
1245 591 1363 645 οὗτος
1394 597 1567 650 Πέρσης
1594 595 1640 638 τὸ

169 665 346 718 Ογὲνος,
387 664 461 717 τῆς
510 663 557 704 δὲ
594 665 793 705 Βιθυνῶν
829 665 1146 718 προκαθημένης
1174 662 1332 712 πόλεως
1359 661 1540 710 Νικαίας
1569 659 1654 715 τῆς

208 730 292 771 τῶν
319 729 498 783 Περσῶν
536 727 785 777 δυναστείας
819 725 1152 783 ἀπαλλαγείσης,
1182 723 1252 770 ὅτε
1279 728 1544 781 Βαϊμοῦνδος
1569 727 1643 782 τῆς

208 795 252 844 ἐς
294 795 588 849 Παλαιστίνην
629 795 800 850 πορείας
837 791 988 848 εἴχετο,
1025 794 1243 847 συνέχεται
1284 794 1358 834 καί
1399 788 1530 840 αὕτὸς
1572 793 1646 833 καί

206 861 265 917 τῷ
309 863 482 914 βασιλεῖ
512 855 682 917 ’Λλεξίῳ
725 860 861 915 δῶρον
900 860 1145 914 παρέχεται.
1199 854 1292 914 ἧλιξ
1324 859 1362 900 δ’
1390 854 1449 900 ῶν
1474 854 1641 915 Ἰωάννῃ
1660 875 1706 901 10

207 927 266 982 τῷ
311 928 484 979 βασιλεῖ’
527 926 802 979 συμπαίστωρ
853 924 967 982 αὐτῷ
1002 925 1300 980 προσείληπτο,
1343 922 1416 965 καὶ
1457 924 1541 964 τῶν
1581 923 1643 964 οἷ-

207 991 353 1033 κιδίων
391 989 466 1032 καὶ
506 991 733 1045 προκοίτων
772 989 796 1031 ὅ
835 991 1186 1045 προσφιλέστατος
1222 989 1413 1045 κρίνεται.
1485 989 1580 1031 ἐπεὶ
1607 990 1643 1028 δ’

206 1057 334 1111 ἐπέβη
369 1058 445 1111 τῆς
481 1057 723 1109 βασιλείας,
766 1058 905 1098 πᾶσαν
929 1054 1166 1110 ὖπερανέβη
1195 1056 1480 1111 πρεσβυτέραν
1504 1069 1644 1108 παρα-

207 1119 496 1172 δυνάστευσιν,
525 1121 656 1175 μέγας
673 1120 864 1176 τιμηθείς
892 1123 1145 1174 δομέστικος,
1176 1120 1232 1170 ὥς
1258 1119 1332 1163 καὶ
1355 1117 1532 1168 πολλοὺς
1563 1121 1644 1160 τῶν

208 1188 404 1242 ἐριτίμων
433 1183 537 1228 κατά
563 1188 679 1240 γένος
692 1185 904 1240 βασίλειον
930 1186 1173 1239 ἀποβαίνειν
1192 1188 1269 1229 τοῦ
1294 1188 1422 1229 ἵππου
1448 1189 1519 1228 καὶ
1547 1183 1642 1227 τού·
1661 1183 1709 1225 15

209 1268 265 1310 τῳ
292 1252 514 1305 ἀπονέμειν
540 1253 819 1307 προσκύνησιν
848 1250 954 1294 κατά
981 1251 1210 1308 συγκυρίαν
1227 1252 1566 1304 ὑπαντιάζοντας.
1594 1245 1644 1306 ἦ-

209 1334 289 1359 σαν
318 1318 364 1359 δὲ
405 1320 462 1374 τῷ
504 1316 628 1373 ἀνδρὶ
662 1317 796 1375 τούτῳ
825 1317 875 1358 οὐ
903 1316 1030 1371 μόνον
1057 1323 1198 1374 χεῖρες
1221 1319 1511 1372 δεδιδαγμέναι
1538 1315 1644 1372 πρὸς

167 1380 417 1436 Βπὸλεμον,
456 1381 562 1424 α’λλά
586 1384 658 1424 καί
695 1382 801 1437 πρὸς
828 1382 1021 1424 εὐποιίαν
1047 1384 1128 1424 τῶν
1154 1385 1358 1437 δεομένων
1389 1382 1523 1432 ὄξεῖαί
1537 1398 1645 1430 τινες

210 1450 282 1489 καί
316 1448 533 1503 εὕκίνητοι.
602 1445 710 1503 α’τάρ
753 1445 800 1489 τὸ
829 1448 990 1502 εὐγενὲς
1017 1450 1090 1503 τῆς
1117 1449 1279 1504 γνώμης
1306 1448 1379 1490 καί
1404 1449 1644 1502 ἐλευθέριον

209 1513 253 1553 τὸ
278 1511 335 1568 μή
378 1511 475 1567 ἔχον
513 1510 621 1555 οὕτω
667 1515 744 1554 τοῦ
770 1515 910 1567 γένους
936 1511 986 1555 τά
1017 1513 1149 1556 πολλά
1178 1514 1446 1566 συνεσκιάζε,
1473 1514 1547 1555 καί
1570 1527 1644 1554 πο·
1657 1523 1710 1549 20

209 1578 352 1620 θεινὸν
382 1577 498 1634 παρά
529 1580 634 1620 πᾶσι
662 1577 736 1621 τὸν
760 1579 963 1632 Ἀξοῦχον
991 1574 1275 1634 ἀπειργάζετο.

314 1638 426 1686 Ἀλλ’
474 1637 591 1684 οὔπω
622 1641 814 1692 ἐνιαυτὸς
843 1643 1026 1699 ἀκριβῶς
1049 1646 1106 1702 τῷ
1130 1647 1304 1697 βασιλεῖ
1322 1645 1545 1699 διεγένετο,
1576 1646 1649 1685 καί

211 1705 429 1750 καττύεται
456 1705 589 1764 τούτῳ
617 1706 732 1762 παρά
762 1710 845 1750 τῶν
871 1709 917 1750 ἐκ
944 1711 1090 1762 γένους
1115 1707 1341 1764 ἐπιβουλή,
1369 1711 1461 1751 καθ’
1490 1707 1538 1750 ὃν
1569 1708 1646 1748 οὐκ

307 1802 334 1825 ι.
358 1789 426 1828 τὰς
450 1809 497 1818 —-
525 1791 731 1837 συγγενῶν]
771 1792 835 1824 καὶ
869 1792 966 1825 κατα·
1000 1791 1112 1834 κῆδος
1135 1791 1236 1838 αὐτῷ
1263 1792 1474 1837 συναφθεὶς
1501 1790 1550 1828 οἷς
1572 1792 1646 1837 μιᾷ

300 1837 378 1872 τῶν
404 1838 553 1872 ἐκείνου
582 1839 778 1882 συγγενῶν
800 1839 1055 1882 προσπλακείς
1081 1839 1115 1871 Ρ.
1249 1850 1279 1884 7.
1303 1840 1368 1881 τῆς
1389 1839 1547 1876 Νικαίας
1567 1836 1640 1871 ιῗπό

300 1886 377 1918 τῶν
408 1883 596 1927 ἑσπερίων
632 1883 792 1926 ἁλούσης
829 1884 1054 1930 ταγμάτων,
1092 1884 1203 1928 ἡνίκα
1236 1886 1301 1928 τῆς
1322 1886 1359 1922 ἐς
1383 1885 1646 1927 Παλαιστίνην

302 1932 459 1976 πορείας
486 1932 635 1974 εἴχοντο
660 1930 741 1962 PW.

212 2003 340 2038 genere
366 1997 475 2025 ortus.
502 1993 531 2024 is
554 1992 598 2025 ab
627 1992 753 2025 Alexio
778 1991 816 2025 in
847 1993 1041 2026 scribarum
1064 2004 1251 2026 numerum
1271 1994 1420 2027 allectus
1443 1993 1643 2037 provincias

210 2038 443 2085 peragrabat,
469 2043 506 2071 et
533 2049 575 2070 ex
601 2038 828 2071 ordinatione
858 2039 1073 2072 tributorum
1105 2051 1249 2083 magnas
1287 2051 1373 2084 opes
1401 2039 1553 2083 adeptus
1578 2040 1644 2072 im·-

211 2085 386 2130 peratoris
415 2084 623 2117 affinitatem
651 2086 844 2129 expetivit,
872 2085 1051 2130 ductaque
1074 2091 1225 2129 cognata
1247 2086 1402 2131 quadam
1428 2086 1504 2118 eius
1531 2085 1644 2129 Logo-

212 2132 313 2165 theta
338 2136 556 2164 secretorum
583 2130 788 2174 designatus
815 2137 879 2164 est.
903 2137 1081 2164 caeterum
1108 2131 1286 2165 Iohannes
1309 2132 1475 2166 Axuchus
1491 2157 1500 2171 ‚
1525 2133 1645 2165 natio-

212 2189 258 2211 ne
283 2179 407 2218 Persa,
446 2187 568 2209 omnes
602 2177 699 2221 apud
725 2177 820 2210 hunc
853 2178 1103 2222 imperatorem
1131 2179 1346 2212 auctoritate
1375 2179 1556 2220 anteibat3
1581 2179 1644 2223 qui

211 2224 374 2270 principe
397 2223 485 2256 urbe
510 2223 698 2267 Bithyniae
724 2224 856 2257 Nicaea
880 2226 1017 2257 Persico
1047 2225 1233 2258 dominatu
1259 2225 1435 2266 liberata,
1460 2236 1539 2258 cum
1564 2225 1645 2257 Bai-

211 2270 367 2304 mundus
393 2270 431 2302 in
454 2270 692 2303 Palaestinam
716 2270 970 2311 contenderet,
997 2271 1137 2316 capitur
1159 2277 1196 2304 et
1219 2272 1307 2316 ipse,
1333 2277 1370 2305 et
1395 2272 1521 2305 Alexio
1550 2271 1646 2304 dono

214 2317 319 2351 datus
335 2342 344 2357 ‚
383 2327 462 2349 cum
486 2316 639 2349 Iohanni
677 2318 839 2361 aequalis
865 2323 983 2358 esset,
1013 2318 1050 2350 in
1074 2318 1287 2350 collusorem
1315 2319 1392 2351 eius
1417 2318 1547 2351 ascitus
1576 2318 1646 2351 fuit

215 2369 252 2397 et
278 2364 374 2396 inter
400 2362 614 2395 domesticos
639 2367 675 2395 et
697 2363 935 2396 cubicularios
958 2364 1157 2396 carissimus
1183 2363 1340 2397 habitus.
1359 2375 1400 2396 eo
1416 2375 1500 2398 vero
1528 2374 1646 2396 rerum

213 2410 332 2455 potito
357 2420 462 2442 omne
497 2408 681 2453 dignitatis
716 2410 897 2453 fastigium
930 2421 1194 2455 supergressus,
1230 2411 1421 2455 magnique
1457 2410 1646 2443 domestici

215 2457 353 2489 honore
378 2460 545 2496 ornatus,
578 2466 620 2488 eo
655 2457 828 2499 processit
859 2462 900 2489 ut
934 2457 1040 2490 multi
1066 2456 1334 2489 honoratissimi
1361 2457 1428 2490 viri
1469 2467 1512 2489 ex
1550 2457 1644 2499 regia

217 2503 350 2547 stirpe,
379 2513 460 2535 casu
498 2501 639 2535 obviam
663 2501 767 2544 facti,
793 2503 894 2547 equis
923 2502 1181 2536 descenderent
1209 2503 1315 2547 eique
1334 2503 1507 2536 honorem
1532 2502 1645 2535 habe-

217 2555 307 2582 rent.
333 2553 435 2581 erant
472 2553 591 2581 autem
615 2549 649 2581 ei
674 2549 750 2582 viro
783 2561 906 2582 manus
933 2560 1006 2583 non
1033 2549 1078 2582 ad
1103 2550 1239 2582 bellum
1263 2549 1438 2582 duntaxat
1459 2548 1644 2587 eruditae,

218 2595 281 2629 sed
309 2600 346 2629 et
375 2594 421 2628 ad
443 2594 719 2629 beneficentiam
754 2595 942 2640 expeditae
966 2602 1002 2629 et
1032 2601 1227 2641 promptae.
1253 2596 1348 2628 unde
1367 2596 1499 2628 factum
1517 2600 1558 2628 ut
1583 2605 1644 2638 ge-

217 2642 312 2675 neris
344 2641 599 2675 obscuritatem
635 2653 805 2686 generosa
845 2642 985 2676 indoles
1028 2648 1065 2675 et
1090 2641 1287 2675 liberalitas
1314 2643 1388 2675 fere
1412 2641 1643 2686 obtegerent,

220 2695 328 2734 atque
354 2687 538 2722 Axuchum
563 2699 682 2721 carum
710 2689 900 2722 redderent
924 2689 1099 2722 omnibus.

311 2735 480 2770 Ceterum·
501 2745 593 2769 anno
615 2735 775 2770 nondum
800 2741 922 2769 exacto
949 2747 990 2768 ex
1020 2735 1150 2770 invidia
1182 2741 1217 2768 et
1242 2735 1489 2779 indignatione
1515 2744 1644 2778 cogna-
