1878 3230
342 177 450 249 708
745 189 973 233 NICETAE
1009 191 1322 233 CHONIATAE

337 293 566 346 Καμύτζης
612 288 715 345 ἔγνω
761 289 838 333 σύν
875 291 1038 352 Χρύσῳ,
1089 296 1173 340 τοῖς
1222 293 1512 346 ἀγχιτέρμοσιν
1555 295 1765 353 Προσάκῳ

329 359 578 410 Ῥωμαϊκοϊς
613 357 842 399 ἐπιθέσθαι
893 359 1107 412 τέρμασιν.
1163 353 1359 411 εὖμαρῶς
1405 353 1480 400 οὖν
1506 362 1769 414 Πελαγονίαν

334 424 599 478 χειροῦνται,
629 422 702 464 καί
729 421 881 479 ῥᾳδίως
911 420 1138 476 ὑπάγονται
1169 425 1413 477 Πρίλαπον,
1444 421 1689 479 ἐπιφύονται
1714 425 1767 468 τὰ

333 487 453 543 ἑξῆς,
493 487 703 543 ἅφιστῶσι
754 486 806 529 τα
851 487 1067 542 πόρρωθεν
1085 521 1095 540 ,
1142 489 1428 530 διεκπίπτουσι
1473 489 1647 542 Τεμπῶν
1686 491 1769 532 τῶν

338 554 623 606 Θετταλικῶν,
648 554 730 595 τῶν
761 551 973 595 namnidans
1003 554 1377 607 ἐπιλαμβάνονται,
1405 555 1678 610 παρακινοῦσι
1695 546 1805 610 τὴνὸ

329 618 531 671 Ἑλλάδα,
561 619 817 671 παλίμβολον
843 621 1011 660 τιθέασι
1038 617 1111 673 τήν
1138 621 1214 660 τοῦ
1242 621 1451 669 Πέλοπος.
1505 617 1597 662 τότε
1626 621 1672 662 δὲ
1699 620 1772 663 καὶ

336 685 527 739 δεύτερος
555 683 783 739 ἀποστάτης
809 682 912 725 κατὰ
940 683 1037 732 τούς
1063 683 1275 740 σπαρτοὺς
1311 687 1544 728 ἐπανέτειλε
1569 686 1772 740 γίγαντας.

334 748 519 805 Ἰωάννης
537 747 616 805 γάρ
646 765 710 798 τις
741 748 787 792 τὸ
816 751 932 803 γένος
963 746 1177 803 Κύπριος,
1205 750 1534 806 Σπυριὸωνάκης
1559 751 1771 793 τοῦπώνυ-

203 823 239 857 Ρ.
254 823 448 870 345μον,
485 814 530 858 τό
560 813 670 865 εἶδος
711 817 895 872 φαῦλος,
926 813 1001 870 την
1047 814 1211 869 ἡλικίαν
1257 812 1533 871 φαυλότερος,
1575 813 1771 870 στράβων

333 880 410 930 τὰς
439 875 585 935 ὄψεις,
611 883 816 935 χειρῶναξ
848 879 923 935 τήν
949 882 1110 935 τέχνην,
1139 881 1214 935 τήν
1239 878 1371 935 τύχην
1396 878 1580 935 χθόνιος,
1607 883 1665 939 τῷ
1691 884 1770 936 βα·
1788 903 1835 930 10

333 953 446 990 σιλεῖ
467 948 572 1005 τῷδε
598 946 952 1002 ὑπηρετούμενος,
980 951 1070 995 ταῖς
1096 947 1142 988 δὲ
1170 943 1432 1002 ,παραλόγοις
1470 939 1659 1000 προόδοις
1699 949 1772 990 καὶ

334 1011 564 1068 α’ναβάσεσι
594 1015 677 1055 τῶν
703 1011 784 1054 ἔσω
817 1015 1047 1066 λεγομένων
1074 1013 1272 1065 ταμιείων
1302 1010 1441 1068 φύλαξ
1469 1016 1652 1066 ταχθείς,
1680 1009 1769 1056 εἶτα

335 1078 411 1135 τήν
440 1078 577 1135 α’ρχῆν
603 1081 685 1121 τῶν
711 1079 929 1131 Σμολένων
953 1079 1154 1134 χειρίζειν
1181 1077 1346 1132 λαχών,
1378 1077 1673 1132 καταγινώσκει
1692 1081 1771 1121 τοῦ

333 1142 600 1200 πεπομφότος
628 1146 840 1186 εὐτέλειαν
867 1142 961 1192 νοὸς
990 1146 1063 1186 καί
1091 1144 1317 1199 ἀφέλειαν,
1346 1144 1419 1185 καί
1443 1145 1500 1201 τῷ
1537 1142 1771 1200 δυσπροσό-

332 1211 391 1268 ὃφ
422 1212 493 1264 τῆς
523 1209 667 1264 χώρας
693 1211 894 1264 ἐπαρθείς
923 1211 982 1258 εἰς
1009 1207 1211 1251 ἀπόνοιαν
1239 1206 1509 1262 δισσούμενον
1541 1211 1679 1267 ἐκείνῳ
1705 1212 1768 1264 yl—
1785 1214 1833 1257 15

330 1290 444 1317 νεται
471 1274 757 1329 ἄντιστοίτημα
794 1275 866 1316 καί
893 1273 1035 1316 Σατὰν
1073 1272 1144 1315 καί
1181 1272 1364 1328 σκῶλωψ
1401 1275 1474 1316 καί
1510 1272 1770 1330 ἀπρόσκοπον

330 1342 584 1395 συγκύρημα
610 1341 838 1395 χείριστον.
892 1338 915 1380 o‘
954 1341 1000 1381 δὲ
1029 1337 1226 1393 βασιλεῦς
1268 1338 1340 1381 καί
1368 1341 1493 1398 τρίτῳ
1531 1337 1620 1398 τότε
1658 1341 1770 1396 κακῷ

331 1408 384 1462 τῇ
411 1405 588 1460 συνήθει
617 1406 789 1461 καχεξίᾳ
826 1405 1105 1459 τρυχόμενος,
1147 1402 1236 1456 ἥτις
1274 1406 1489 1458 ἐπενέμετο
1525 1404 1578 1447 τὰ
1624 1400 1769 1460 ἄρθρα

332 1472 410 1512 τοῦ
432 1470 623 1524 σώματος
640 1502 652 1524 ,
681 1469 753 1511 τὸν
774 1470 1007 1524 Ἐπιμηθέα
1036 1467 1123 1523 εἶχε
1161 1472 1246 1511 κατ’
1275 1466 1405 1525 ἄμφω
1435 1471 1579 1520 δεινῶς
1619 1472 1767 1512 ἐπικεί·

332 1550 458 1587 μενον
485 1537 557 1576 καί
587 1536 647 1584 εἰς
675 1539 831 1588 πνῖγμα
871 1536 1025 1590 μικροῦ
1062 1532 1336 1587 ε’ναλλόμενύν
1377 1550 1421 1577 τε
1461 1536 1533 1577 καί
1570 1537 1833 1594 ἐπεμβαί-αο

295 1613 482 1653 Βνοντα,
511 1597 574 1642 ὅτι
604 1599 677 1642 τὸν
707 1597 934 1656 ἑξάδελφον
975 1596 1049 1640 οὔκ
1087 1599 1262 1642 ἐλύσατο
1301 1601 1374 1641 καί
1403 1595 1466 1642 ὅτι
1502 1600 1575 1643 τὸν
1602 1602 1768 1643 ου’τιδα-

331 1664 401 1708 νὸν
433 1667 477 1707 ἑν
505 1663 743 1719 ἀνθρώποις
770 1663 1095 1720 Σπυριδωνάκην
1122 1665 1180 1713 εἰς
1223 1660 1380 1715 ὄνειδος
1421 1667 1572 1709 οἰκεῖον
1612 1663 1770 1708 πόλεων

331 1730 542 1774 τοσούτων
570 1730 863 1786 ἐρυμνοτάτων
891 1731 1137 1787 κατέστησεν
1161 1726 1357 1786 ἄρχοντα.
1414 1733 1513 1789 διχῇ
1544 1726 1618 1786 οὖν
1656 1732 1769 1774 διαι-

428 1865 477 1886 ιο.
505 1853 703 1902 χειρῶναξ]
723 1852 789 1891 τὰς
802 1858 930 1900 χεῖρας
952 1853 1049 1899 ἔχων
1077 1855 1131 1891 εἰς
1156 1853 1361 1902 ὑπηρεσίαν
1384 1855 1476 1897 ζωῆς
1504 1856 1540 1888 Β.
1594 1855 1644 1888 13.
1670 1863 1766 1901 σμο-

425 1902 580 1983 ἰιέιίέἴιὲ
590 1901 627 1933 Β.
691 1912 741 1947 ¹7·
753 1904 881 1948 τρίτον
904 1900 980 1946 εἶχε
1003 1901 1086 1936 τότε
1109 1896 1228 1936 κακὸν
1255 1899 1323 1944 τήν
1346 1902 1409 1944 τῆς
1434 1900 1628 1949 ποδάγρας
1651 1900 1766 1936 εἰσθέ-

334 2050 458 2095 ἰιτιῳῐε
483 2049 722 2094 flagitationes
746 2052 824 2085 eius
849 2061 915 2084 nec
940 2052 1105 2085 extremis
1130 2052 1276 2085 auribus
1301 2050 1453 2084 admisit.
1477 2050 1572 2083 unde
1600 2049 1766 2094 Camyzes

335 2096 588 2140 desperatione
612 2104 755 2131 coactus
793 2099 921 2131 statuit
953 2109 1031 2131 cum
1059 2098 1190 2141 Chryso
1220 2100 1391 2132 finitimos
1419 2099 1566 2131 Prosaco
1590 2098 1766 2130 Romano-

335 2154 412 2175 rum
437 2155 538 2187 agros
566 2150 716 2186 vastare,
743 2156 783 2177 ac
808 2145 1032 2189 Pelagoniam
1057 2145 1223 2178 celeriter
1247 2146 1438 2189 subigunt3
1464 2149 1501 2178 et
1525 2143 1663 2187 Prilapo
1687 2144 1766 2176 sine

335 2189 546 2233 difficultate
586 2191 694 2234 potiti
745 2191 871 2224 ordine
913 2198 1052 2224 caetera
1095 2192 1291 2232 invadunt,
1340 2195 1475 2223 remota
1518 2188 1564 2222 ad
1607 2189 1766 2222 deditio-

334 2246 415 2268 nem
443 2236 659 2280 impellunt‚
695 2248 760 2281 per
797 2238 934 2281 Tempe
969 2238 1174 2271 Thessalica
1215 2243 1427 2282 penetrant,
1460 2236 1671 2280 campestria
1705 2247 1766 2269 oc-

334 2287 488 2325 cupant,
517 2282 703 2315 Graeciam
728 2289 974 2324 commovent,
1008 2285 1291 2329 Peloponnesum
1319 2283 1363 2315 ad
1394 2282 1628 2315 rebellionem
1660 2283 1766 2315 insti-

334 2333 427 2371 gant.
454 2334 539 2360 tunc
563 2335 599 2361 et
621 2330 712 2361 alius
737 2329 939 2371 seditiosus,
963 2331 1063 2363 velut
1083 2332 1168 2363 olim
1185 2336 1301 2363 terrae
1324 2329 1402 2369 filii,
1429 2329 1566 2369 extitit,
1587 2328 1766 2363 Iohannes

335 2374 593 2418 Spyridonaces
619 2375 791 2420 Cyprius,
815 2375 921 2408 homo
948 2376 1100 2410 deformi
1124 2377 1247 2416 vultu,
1273 2381 1407 2408 statura
1431 2375 1611 2416 foediore,
1636 2375 1766 2409 strabis

335 2421 471 2460 oculis,
497 2420 661 2454 sordidus
690 2422 828 2466 opifex,
852 2423 994 2455 fortuna
1020 2424 1152 2456 infima.
1177 2422 1241 2455 sed
1265 2421 1348 2454 dum
1374 2422 1580 2466 imperatori
1604 2422 1766 2464 inservit,

335 2467 558 2500 mirabilibus
595 2468 816 2501 successibus
849 2475 886 2501 et
922 2469 1208 2513 promotionibus
1244 2468 1425 2502 interioris
1465 2469 1542 2502 fisci
1580 2468 1765 2502 custodiae

334 2514 548 2558 praeficitur.
569 2514 700 2547 deinde
715 2515 890 2547 Smolanis
915 2516 1139 2559 praepositus
1165 2526 1245 2547 eum
1262 2527 1282 2547 a
1306 2526 1377 2559 quo
1396 2515 1524 2547 missus
1549 2521 1625 2548 erat
1644 2526 1767 2559 asper-

334 2565 440 2592 natur
466 2566 506 2593 ut
530 2561 594 2593 vili
621 2567 665 2601 ‘et
697 2562 850 2605 simplici
882 2562 1025 2604 ingenio
1064 2561 1285 2605 praeditum;
1323 2567 1360 2594 et
1396 2561 1531 2594 difficili
1561 2561 1764 2605 provinciae

335 2606 433 2639 aditu
450 2607 560 2640 fretus
570 2606 732 2640 bifariam
747 2608 801 2640 illi
817 2608 959 2647 resistit,
974 2608 1196 2652 inopinatum
1213 2614 1248 2640 et
1264 2609 1454 2652 pessimum
1468 2608 1714 2642 infortunium.
1728 2613 1766 2642 at

337 2654 530 2696 imperator
553 2655 659 2686 tertio
684 2660 759 2687 tum
785 2655 878 2687 malo
906 2655 1125 2695 conflictans,
1145 2654 1309 2686 familiari
1336 2655 1403 2687 sibi
1421 2654 1601 2687 articulari
1625 2653 1763 2695 morbo,

338 2699 474 2743 duplici
498 2701 721 2744 poenitentia
748 2713 853 2746 supra
879 2701 1021 2733 modum
1047 2701 1262 2744 angebatur.
1293 2700 1391 2745 quod
1419 2711 1485 2734 nec
1510 2700 1763 2736 consobrinum

338 2745 550 2781 redemisset
573 2752 609 2781 et
631 2758 786 2793 nequam
810 2746 990 2782 hominem
1010 2747 1285 2793 spyridonacem
1311 2758 1389 2780 cum
1417 2758 1480 2781 suo
1506 2746 1681 2780 dedecore
1708 2752 1763 2781 tot
