1838 3210
449 209 521 249 ΒΕ
559 208 814 250 MANUELE
854 206 1117 253 coMNENo
1157 211 1255 252 un.
1282 209 1354 250 1v.
1517 182 1619 260 ¹95

184 309 472 352 ἄσυνοίκιστοί
488 325 532 352 τε
553 303 660 364 ἦσαν
685 308 850 364 πρώην,
892 309 971 351 κάκ
997 312 1074 352 τοῦ
1100 308 1293 366 κωμηδὸν
1325 309 1533 351 οἰκεῖσθαι
1562 308 1623 357 εἰς

185 372 393 430 προνομήν
422 380 507 425 τοῖς
534 378 746 428 πολεμίοις
776 377 989 427 ἐξέκειντο.
1019 375 1092 418 καί
1115 372 1247 425 affuis-
1276 377 1414 418 τοίνυν
1445 371 1623 429 ἐκρατύ-

184 454 285 480 νατο
313 442 498 494 τείχεσι,
537 439 612 482 καί
634 438 686 482 τά
717 443 890 495 πλησίον
934 442 982 482 δὲ
1010 438 1224 496 ἷππήλατα
1252 440 1377 482 πεδία
1405 440 1623 496 φρουρίοις

186 506 377 558 διέλαβεν
407 502 615 561 ἐρυμνοῖς.
686 502 795 547 οὕτω
825 507 872 547 δὲ
899 504 1132 561 πλήθουσιν
1163 504 1387 562 οἰκητόρων
1407 506 1542 549 ταῦτα
1566 501 1619 557 δή

147 568 237 615 5τά
265 572 457 624 πολίχνια
489 571 564 612 καί
596 576 684 619 τοῖς
708 570 812 612 κατὰ
845 570 917 612 τὸν
945 570 1102 626 ἥμερον
1142 571 1280 625 βίοτον
1303 570 1624 625 ἐνευθηνοῧνται

181 640 379 690 χρηστοῖς
403 635 460 685 ὥς
504 635 701 692 ὑπεράνω
741 638 908 679 κεῖσθαι
939 634 1100 680 πόλεων
1140 639 1303 678 πολλῶν
1331 636 1621 688 εὐδαιμόνων·

183 700 370 753 άγροίτε
404 700 485 756 γὰρ
517 702 578 750 εἷς
617 702 821 756 εὐφορίαν
861 703 1035 758 καρπῶν
1065 701 1355 757 ἧμερωθέντες
1382 702 1625 754 ἐπέδωκαν,

180 769 253 808 καί
277 767 519 822 φυτηκόμος
542 769 637 822 χείρ
669 767 956 822 ἑρριζούχισεν
979 769 1113 810 ἐκεῖσε
1134 767 1253 819 ξύλον
1281 763 1394 809 ἅπαν
1419 768 1627 821 καρποδο-

180 833 299 885 τοῦν,
328 832 384 880 ὦς
421 834 683 885 μεταθέσθαι
715 834 868 888 (φάναι
899 831 947 876 τὸ
987 836 1063 875 τοῦ
1091 832 1250 890 Δαβίδ)
1279 831 1355 886 τήν
1383 830 1537 887 ἔρημον
1564 832 1626 880 εἷς

123 915 168 941 ιο
181 898 326 949 λίμνας
353 896 522 939 ὑδάτων
548 898 620 939 καί
643 898 702 946 εἰς
730 897 944 952 οἰκήσιμον
975 897 1052 952 τήν
1079 897 1224 952 πρώην
1253 898 1454 952 αόίκητον.
1512 895 1558 938 εἴ
1581 914 1623 938 τι

181 959 256 1003 οὖν
293 960 550 1018 κατόρθωμα
581 965 799 1016 μέγιστον,
842 962 947 1004 εἴτι
990 963 1332 1004 λυσιτελέστατον
1376 957 1567 1004 Αὔσοσιν
1598 958 1623 1001 ὅ

179 1029 391 1083 ΙΠανουήλ
420 1029 659 1083 διανενόηκέ
685 1043 729 1068 τε
758 1026 830 1069 καί
853 1026 1099 1082 διεπράξατο
1125 1031 1222 1069 καθ’
1248 1025 1375 1077 ὅσους
1405 1022 1504 1082 ἦρξε
1518 1025 1622 1069 Ῥω-

175 1094 314 1146 μαίων
359 1091 599 1147 ἐνιαυτούς,
639 1095 765 1135 τοῦτο
796 1091 858 1148 εἴη
893 1090 944 1135 ἂν
976 1091 1021 1135 τὸ
1050 1094 1272 1148 κράτιστον
1299 1092 1408 1145 ὁμοῦ
1437 1096 1510 1134 καί
1535 1110 1621 1135 κοι-

178 1160 503 1213 νωφελέστατον.
579 1161 643 1207 τίς
671 1157 751 1213 γάρ
781 1156 984 1214 παράγων
1014 1160 1125 1212 ἐκεῖ,
1171 1159 1244 1200 καί
1270 1158 1392 1208 εἰδώς
1421 1159 1513 1200 οἵαν
1539 1161 1619 1212 μὲν

121 1223 201 1268 156
228 1226 369 1279 χῶρος
411 1222 583 1281 ἔτρεφεν
605 1223 835 1279 ἀγριότητα
881 1226 994 1274 οἵους
1030 1224 1066 1265 δ’
1097 1222 1259 1278 ἔστεγεν
1287 1219 1467 1278 ἄνδρας,
1497 1225 1618 1266 α’ναι-

177 1291 262 1338 δεῖς
283 1292 363 1343 μὲν
388 1290 495 1345 ὑπὲρ
524 1289 592 1332 τὸν
619 1287 851 1345 κορυνήτην
863 1289 1131 1347 Περιφήτην,
1157 1290 1437 1346 α’γριωτέρους
1466 1292 1513 1333 δὲ
1541 1291 1620 1331 τοῦ

175 1353 463 1409 πιτυοκάμπου
506 1356 670 1404 Σίνιδος
705 1357 779 1396 καί
804 1357 879 1398 τοῦ
923 1356 1151 1410 Σκίρωνος,
1189 1354 1264 1404 οὓς
1303 1355 1442 1397 ἀνεῖλε
1484 1354 1619 1397 πάλαι

178 1419 367 1474 Θησείς,
397 1416 474 1462 οὔκ
503 1417 559 1462 ἂν
594 1418 672 1471 τὰς
698 1425 847 1476 χεῖρας
877 1420 1095 1470 ἀνατείνας
1121 1423 1180 1478 τῷ
1205 1424 1379 1475 βασιλεῖ’
1401 1420 1617 1472 ἐπεύξαιτο
1630 1435 1729 1481 Ρ,93

172 1487 278 1543 τῷδε
319 1486 470 1542 κλῆρον
510 1488 555 1528 ἐν
585 1486 707 1539 Ἐδὲμ
744 1486 878 1528 α’ΐδιον
904 1485 978 1528 καί
1003 1486 1130 1528 τόπον
1154 1484 1333 1541 χλοερὸν
1359 1489 1432 1529 καί
1462 1486 1620 1529 ἀνώλε-

112 1554 302 1604 αοθρονς
332 1552 484 1593 ου’κοῦν
509 1553 581 1594 καί
606 1550 715 1593 ἴδιον
741 1550 958 1605 ἐπώνυμον
995 1554 1122 1594 ταυτί
1158 1551 1208 1594 τά
1240 1551 1423 1608 φρούρια
1453 1557 1617 1608 κληρω-

171 1615 330 1669 σάμενα
356 1607 622 1674 (Νεόκαστρα
650 1617 732 1674 γὰρ
765 1618 1056 1675 ὀνομάζονται)
1088 1617 1234 1661 οἰκεῖόν
1257 1634 1300 1661 τε
1329 1617 1540 1673 ἁρμοστήν
1570 1620 1617 1660 ἐκ

172 1682 406 1732 Βυζαντίου
434 1683 700 1737 στελλόμενον
726 1682 896 1738 ἔχουσι,
925 1683 999 1726 καί
1033 1685 1095 1734 εἰς
1121 1683 1168 1727 τό
1196 1686 1410 1738 βασίλειον
1446 1693 1615 1737 ταμεῖον

172 1747 315 1803 ἐτήσια
342 1749 603 1805 ξυμφέρουσι
631 1750 831 1805 κέρματα.

264 1873 319 1896 22.
343 1863 399 1902 εἰς
419 1860 460 1898 τὸ
486 1862 684 1908 βασιλικὸν
705 1862 924 1910 βεστιᾶριον
958 1854 1125 1912 χρονικαῖ
1152 1865 1235 1908 τέλη
1260 1864 1478 1900 ἐπιτελοῦσι
1504 1866 1541 1898 Β.

169 1971 301 2004 bantur
326 1975 362 2004 et
388 1971 544 2016 praedae
568 1971 734 2006 hostibus
760 1972 900 2019 erant),
924 1972 1190 2006 munitionibus
1217 1983 1276 2006 eas
1302 1973 1457 2007 firmavit
1480 1979 1517 2007 et
1546 1986 1608 2019 pa·

169 2023 287 2051 tentes
315 2029 458 2063 campos
481 2019 637 2052 castellis
652 2019 850 2053 adornavit„
875 2019 970 2052 unde
996 2020 1131 2053 sactum
1147 2025 1188 2052 ut
1213 2031 1254 2052 ea
1279 2020 1412 2064 oppida
1438 2020 1608 2066 frequen-

169 2065 220 2098 tia
244 2065 376 2098 civium
411 2070 447 2098 et
469 2065 566 2098 vitae
608 2066 708 2099 cultu
737 2078 928 2111 rerumque
951 2067 1055 2112 copia
1078 2066 1201 2099 multis
1227 2066 1344 2100 beatis
1367 2067 1518 2100 urbibus
1543 2080 1607 2101 au-

168 2112 350 2145 tecellant.
376 2112 408 2145 s‘i
434 2111 524 2157 quid
548 2112 657 2156 igitur
669 2113 817 2159 Manuel
843 2124 908 2158 per
931 2124 1036 2147 omne
1061 2113 1203 2158 imperii
1228 2114 1283 2146 sui
1309 2119 1452 2158 tempus
1477 2115 1607 2148 Roma-

167 2159 225 2192 nis
260 2158 351 2192 utile
383 2159 541 2204 suscepit
576 2164 613 2192 et
646 2160 820 2204 perfecit,
846 2160 915 2193 hoc
947 2161 1006 2193 vel
1030 2161 1067 2193 in
1094 2161 1219 2205 primis
1255 2160 1511 2194 celebrandum
1539 2168 1604 2195 est.

168 2205 249 2250 quis
275 2205 370 2238 enim
393 2205 479 2238 illac
502 2207 745 2250 praeteriens,
769 2218 842 2240 non
860 2207 1004 2252 ignarus
1029 2219 1137 2252 quam
1166 2207 1304 2240 inculta
1331 2207 1410 2240 loca
1436 2209 1500 2241 illa
1525 2209 1604 2242 fue-

168 2252 259 2292 rint,
285 2264 393 2297 quam
416 2252 510 2286 feros
547 2258 584 2286 et
607 2253 807 2287 latrociniis
832 2253 975 2287 deditos
999 2255 1154 2287 cultores
1181 2253 1392 2295 habuerint,
1417 2267 1491 2289 non
1518 2256 1604 2288 sub-

168 2298 250 2332 latis
287 2300 324 2332 in
352 2300 489 2332 caelum
512 2300 678 2333 manibus
704 2301 912 2345 imperatori
936 2301 1097 2334 Manueli
1119 2300 1277 2346 paradisi
1305 2301 1453 2335 delicias
1478 2314 1604 2347 prece-

168 2345 247 2379 tur?
285 2346 323 2379 in
353 2357 395 2379 ea
418 2357 524 2391 porro
549 2347 627 2380 loca
650 2358 742 2392 quae
768 2347 869 2381 Nova
902 2353 1017 2382 castra
1039 2353 1232 2390 vocantur,
1259 2349 1429 2393 Byzantio
1457 2355 1603 2394 praetor

168 2392 262 2426 mitti
287 2398 324 2427 ek.
347 2394 535 2438 vectigalia
560 2394 728 2439 colligere
757 2395 858 2429 solet.
