1878 3230
428 228 669 271 isAAcms
710 227 957 280 ANGELUS
997 228 1065 268 ΕΤ
1103 225 1329 267 ALExlth
1369 226 1414 266 r.
1526 226 1636 281 729

194 341 314 378 μενοι
346 325 395 369 τά
428 327 602 370 παιδικὰ
631 326 704 369 καὶ
730 328 1040 380 δυσπραγοῦσιν
1060 322 1206 374 αὖτοῖς
1233 322 1529 378 ἐπαμύναντες.
1585 324 1639 365 ου’
1648 333 1683 366 Ρ.
1699 334 1766 369 355

197 394 331 434 ταῦτα
360 394 406 434 δὲ
434 393 581 446 μόνον,
613 391 719 434 ἀλλὰ
750 392 823 434 καί
849 392 985 446 πάσης
1010 396 1200 444 μετεῖχον
1229 389 1540 446 φιλοφροσύνης
1567 389 1641 432 καὶ

194 460 424 508 δεξιώσεως
442 490 454 511 ,
483 455 796 512 θεραπευτὴριά
824 473 870 499 τε
913 458 987 498 καί
1014 455 1280 512 τρυφητήρια
1307 454 1471 506 τούτοις
1501 458 1636 498 ἐπινε-

192 523 381 578 νόηνται·
434 522 640 572 Ἰσαάκιος
666 522 746 577 γὰρ
771 514 878 564 ἐἴτί
896 537 977 563 που
1007 520 1171 575 ε”στεγεν
1199 519 1317 562 ἔνδον
1344 520 1390 563 τὸ
1419 524 1636 575 βασιλείας

154 588 525 645 ὄγαζοφυλάκιον,
553 588 627 630 καί
656 587 783 636 αυ’τός
810 590 858 629 δὲ
901 585 1268 641 συμπορισάμενος
1295 582 1346 641 ἧν
1374 586 1636 643 συνειληφώς

189 652 471 712 Εὐφροσύνην
498 653 575 708 τήν
611 655 811 707 βασιλίδα
838 652 912 694 καί
936 651 1036 702 τούς
1063 651 1110 693 τὸ
1138 653 1252 705 γένος
1279 654 1339 701 εἰς
1370 652 1504 707 αὐτὴν
1531 654 1633 695 ἅνα-

190 723 418 776 φέροντας,
463 719 655 774 ἐξεφόρει
682 734 724 760 τε
764 718 1028 774 α’μφοτὲραις
1071 719 1145 758 καί
1167 714 1412 772 μετὴγγιζεν
1440 717 1632 760 ἀδεέστε-

188 800 274 841 ρον.
330 786 423 826 ἐπεὶ
451 785 497 826 δὲ
530 785 659 826 ταῦτα
684 783 787 826 uiuet*
826 782 899 825 καί
925 782 1045 839 ῥανίς
1071 783 1250 838 ἐκρίνετο
1278 789 1365 832 τοῖς
1392 783 1634 837 λαμβάνου-

187 868 256 894 σιν
287 851 428 906 (οὐδὲν
465 849 544 905 γὰρ
587 848 707 900 ἔθνος
749 845 1201 905 ἑρασιχρηματώτερον
1235 850 1359 890 τοῦδε
1386 852 1462 891 τοῦ
1489 852 1632 903 γένους

128 914 567 972 ιοτρεχεδειπνότερόν
595 932 639 958 τε
667 918 741 957 καί
768 915 1107 970 δαπανηρότερον
1133 915 1295 971 ἕτερον)
1324 916 1398 956 καί
1423 916 1632 968 διψῶντες

183 977 293 1038 ἦσαν
334 981 404 1023 ἀεὶ
447 983 641 1036 προχοῶν
676 981 882 1035 πελάγους
925 981 1212 1036 Τυρσηνικοῦ,
1248 978 1424 1023 ἅπτεται
1451 983 1526 1022 καί
1550 984 1631 1023 τῶν

184 1048 419 1102 ἀψαύστων
454 1046 769 1102 παναθεμίτως,
807 1044 984 1098 ὁπόθεν,
1026 1043 1169 1100 οἶμαι,
1207 1047 1280 1088 καί
1311 1044 1363 1088 τὰ
1403 1046 1632 1099 (Ρωμαίων

185 1115 498 1168 ἀνατέτραπται
513 1115 652 1156 τέλεον
675 1116 749 1156 καί
770 1114 1028 1169 η’φάντωται·
1058 1111 1116 1161 ὥς
1143 1110 1224 1167 γὰρ
1253 1110 1484 1167 χρημάτων
1501 1111 1669 1154 ἐόντά-Β

183 1182 296 1233 νιζε,
317 1179 391 1222 καί
423 1186 510 1230 τοῖς
549 1182 684 1229 θείοις
723 1177 887 1235 ἐπεφύη
926 1176 997 1220 διὰ
1039 1179 1165 1219 τοῦτο
1193 1179 1413 1231 τεμένεσιν.
1470 1172 1522 1232 ἦν
1545 1175 1627 1232 γὰρ

126 1247 290 1288 ιόἰδεῖν
320 1247 373 1287 ου’
410 1243 540 1299 μόνον
573 1243 650 1296 τὰς
680 1243 799 1300 ἱερὰς
837 1241 999 1292 εἰκόνας
1026 1244 1220 1297 Χριστοῦ
1247 1243 1409 1292 α’ξίναις
1435 1244 1628 1285 ἐκκοπτο-

181 1314 311 1365 μένας
339 1312 413 1352 καί
443 1311 584 1364 χαμαὶ
618 1310 894 1366 ῥιπτομένοις,
934 1307 1008 1351 καὶ
1051 1307 1151 1357 τούς
1188 1307 1328 1350 αὕτῶν
1354 1306 1538 1360 κόσμους
1565 1307 1625 1361 μὴ

182 1374 262 1419 σύν
293 1378 439 1433 φειδοῖ
460 1377 555 1418 ἀλλ’
581 1375 640 1425 ὥς
676 1373 825 1430 ἔτυχεν
853 1376 1144 1427 ἑκσπωμένους
1171 1375 1244 1415 καί
1271 1375 1374 1428 πυρὶ
1401 1389 1626 1427 παραπεμ-

181 1446 410 1496 πομὲνους,
451 1442 555 1485 ἀλλὰ
589 1442 663 1484 καί
699 1436 829 1496 σκεύη
867 1440 920 1482 τά
950 1440 1084 1483 σεπτά
1112 1454 1157 1481 τε
1182 1440 1256 1482 καί
1282 1441 1448 1494 παναγῆ
1477 1435 1626 1494 ‹inspa-

181 1508 413 1564 θαμβήτως
437 1510 484 1550 ἐκ
523 1510 606 1550 τῶν
641 1509 754 1550 νἀὤν
793 1505 1065 1562 ἆρπαζόμενα
1093 1507 1166 1546 καί
1191 1502 1438 1560 πυρούμενοι
1470 1505 1544 1546 καί
1568 1501 1626 1553 ὥς

119 1589 170 1616 20
182 1573 319 1616 κοινὸν
365 1571 567 1630 ἀργύριον
612 1574 686 1616 καί
719 1572 898 1628 χρυσίον
935 1577 1023 1620 τοῖς
1058 1571 1271 1624 πολεμίοις
1311 1567 1627 1623 στρατεύμασιν

180 1638 464 1696 παρεχόμενα.
535 1638 609 1682 καὶ
651 1641 724 1694 τῆς
761 1637 865 1680 κατὰ
903 1638 988 1679 ταῖν
1023 1633 1154 1690 ἆγιων
1198 1636 1325 1691 τῆσδε
1361 1633 1510 1689 λύττης
1538 1628 1627 1675 οὔτ’

181 1704 307 1748 αὐτὸν
333 1705 407 1748 τὸν
447 1706 682 1760 κρατοῦντα
721 1701 853 1761 εἰσῄει
887 1718 950 1751 τις
979 1699 1179 1757 αἴσθησις
1216 1700 1431 1753 ὁπωσοῦν,
1472 1701 1556 1741 τῶν
1581 1714 1626 1741 τε

180 1767 321 1814 ἄλλων
348 1771 489 1822 οὐδεὶς
531 1768 915 1826 παρρησιαζόμενος
945 1763 999 1824 ἦν
1038 1765 1116 1823 τήν
1140 1767 1387 1818 εὐσέβειαν,
1416 1763 1524 1808 α’λλοὶ
1554 1766 1628 1820 τῆς

274 1909 311 1942 9.
339 1895 454 1930 οὐδὲν
491 1893 568 1940 γὰρ
609 1893 736 1941 ἔθνος]
775 1891 864 1927 οὐδὲ
897 1886 974 1938 γοῖρ
1012 1890 1338 1938 ἑπιθυμητότερον
1361 1890 1415 1927 εἰς
1451 1889 1627 1934 χρήματα

271 1943 391 1978 πλέον
416 1940 514 1987 παρὸ
557 1936 597 1976 τό
630 1942 742 1978 ἔθνος
770 1940 905 1980 τοῦτο,
932 1938 1021 1973 οὐδὲ
1052 1942 1300 1983 καινοτομεῖν
1325 1938 1392 1971 καὶ
1416 1935 1626 1976 ἐξοδιιέζειν

270 1990 325 2028 εἰς
345 1983 494 2037 τρυφὰς
526 1990 591 2022 καὶ
613 1989 746 2022 ravum
767 1988 832 2022 καὶ
856 1985 968 2033 (dem
994 1984 1274 2032 περισσότερον
1298 1983 1441 2019 τούτων
1470 1983 1506 2016 Β.

182 2097 404 2137 assederunt,
429 2101 470 2130 ut
498 2096 593 2130 bene
619 2097 757 2136 meriti,
781 2099 822 2127 ut
846 2098 1044 2127 servatores
1068 2092 1263 2132 celebrati,
1293 2096 1329 2124 et
1353 2090 1518 2123 omnibus
1544 2090 1625 2122 aliis

180 2144 343 2179 honestis
376 2144 493 2177 titulis
520 2144 656 2183 ornati,
701 2148 742 2176 ut
765 2142 831 2186 qui
871 2141 1100 2174 ambitiosum
1133 2139 1297 2172 Alexium
1341 2142 1486 2182 erepto,
1528 2137 1626 2182 quod

182 2197 373 2236 tantopere
401 2191 622 2236 appetierat,
647 2189 798 2234 imperio
827 2188 942 2233 probe
967 2187 1037 2220 ulti
1065 2192 1102 2220 et
1125 2185 1342 2219 calamitosis
1371 2184 1541 2230 opitulati
1571 2194 1628 2215 es-

182 2244 275 2272 sent.
299 2243 443 2283 praeter
465 2237 556 2271 haec
583 2235 750 2271 omnibus
786 2235 866 2268 aliis
890 2234 1014 2267 officiis
1043 2239 1079 2266 et
1104 2233 1294 2278 exquisitis
1317 2231 1515 2263 honoribus
1540 2233 1627 2262 affe-

180 2285 229 2318 cti
256 2290 294 2318 et
330 2285 530 2318 lautissime
567 2283 711 2317 tractati
752 2287 846 2315 sunt.
877 2292 958 2314 nam
990 2280 1172 2321 Isaacius,
1207 2279 1236 2312 si
1261 2278 1350 2324 quid
1373 2278 1626 2322 imperatorius

180 2331 286 2365 fiscus
315 2331 479 2372 celabat,
506 2332 536 2364 si
562 2329 651 2375 quid
679 2331 755 2374 ipse
788 2333 890 2373 capta
917 2326 1150 2372 Euphrosyna
1174 2325 1404 2371 imperatrice
1431 2330 1469 2357 et
1496 2335 1627 2367 cogna-

182 2378 230 2411 tis
255 2379 334 2411 eius
358 2378 598 2423 acquisierat,
626 2377 664 2410 id
690 2377 893 2409 universum
918 2381 1072 2419 utraque
1098 2384 1206 2406 manu
1232 2373 1271 2405 in
1294 2372 1377 2404 iilos
1403 2370 1626 2403 conferebat.

181 2435 276 2468 quae
303 2436 382 2457 cum
407 2425 452 2457 ab
477 2425 541 2457 illa
567 2430 672 2467 gente
696 2423 852 2456 omnium
875 2421 1081 2454 avarissima
1106 2425 1143 2453 et
1165 2418 1450 2452 luxuriosissima
1476 2417 1626 2460 exiguae

180 2475 303 2514 guttae
322 2472 435 2505 instar
458 2472 725 2516 acciperentur,
753 2469 934 2512 Tyrrheni
960 2468 1067 2501 maris
1092 2466 1206 2500 undas
1236 2465 1488 2504 desiderante,
1517 2463 1624 2495 etiam

182 2523 407 2551 sacrosancta
432 2518 619 2562 prosanat3
643 2516 761 2557 unde,
787 2522 829 2549 ut
852 2517 998 2560 opinor,
1024 2515 1182 2546 Romana
1210 2524 1265 2545 res
1290 2510 1452 2544 funditus
1477 2509 1626 2542 subver-

181 2575 221 2596 sa
249 2569 286 2596 et
309 2563 430 2597 deleta
458 2570 522 2598 est.
546 2576 630 2598 nam
654 2575 733 2597 cum
758 2563 915 2608 pecunia
941 2561 1211 2600 destitueretur,
1239 2558 1373 2602 templa
1397 2566 1544 2600 quoque
1569 2556 1626 2588 in-

179 2610 283 2642 vasit.
309 2621 377 2642 nec
403 2622 523 2644 sacrae
563 2617 702 2644 tantum
727 2609 860 2643 Christi
883 2609 1055 2653 imagines
1077 2606 1260 2640 securibus
1284 2602 1563 2641 excidebantur,
1589 2607 1626 2636 et

180 2656 280 2688 humi
305 2657 487 2700 proiectae
513 2658 590 2691 sine
618 2658 692 2690 ulla
728 2657 928 2690 reverentia
954 2660 1081 2689 ornatu
1107 2653 1277 2696 adempto
1302 2651 1340 2682 in
1366 2650 1484 2692 ignem
1510 2649 1626 2680 conii-

181 2703 394 2736 ciebantur:
434 2703 497 2736 sed
534 2709 571 2736 et
594 2709 819 2737 sacrosancta
843 2714 947 2742 vasa,
991 2701 1129 2744 absque
1156 2704 1253 2732 metu
1297 2708 1316 2728 e
1352 2695 1496 2739 templis
1523 2700 1626 2739 rapta

182 2755 219 2784 et
243 2749 416 2789 conflata,
440 2755 479 2782 ut
506 2749 649 2793 vulgare
678 2761 802 2782 aurum
837 2755 874 2782 et
898 2753 1083 2791 argentum
1106 2744 1272 2778 hostibus
1299 2742 1488 2781 dabantur.
1516 2741 1624 2774 huius

181 2796 376 2843 impietatis
402 2795 500 2831 furor
542 2806 659 2840 neque
683 2795 891 2840 imperatori
928 2795 967 2828 in
989 2797 1145 2828 mentem
1168 2791 1270 2825 venit
1297 2799 1478 2834 unquam,
1503 2799 1622 2833 neque
