1878 3230
250 210 277 263 7
296 191 359 244 16
638 206 868 247 memma
907 206 1218 247 cnoNJATAE

245 309 442 355 Βενετίας
474 301 701 360 Δανδούλῳ
722 303 852 356 δουκί,
885 303 942 353 ὥς
971 306 1099 359 δῆθεν
1125 301 1306 353 παλαιὰς
1333 302 1543 359 συνθήκας
1570 306 1675 361 πρὸς

240 372 337 421 τούς
351 375 395 413 ἐκ
411 372 556 426 γένους
577 369 715 426 ἐκείνῳ
733 367 1094 423 παραβλεψὰμενα
1106 385 1117 398 ·
1147 369 1169 410 ὅ
1192 369 1239 410 δέ
1253 384 1299 422 γε
1317 371 1480 421 κρατῶν
1495 367 1676 422 Ῥωμαί-

245 454 303 479 ων
329 437 508 486 Ἀλέξιος
537 435 582 476 ἐκ
610 437 765 476 πολλοῦ
784 433 857 490 τήν
884 434 1178 477 τῶνΛατίνων
1207 431 1494 486 ἐνωτιζὸμενος
1521 436 1678 489 κίνησιν

243 500 348 557 πρὸς
377 495 500 542 οὐδέν
527 515 568 540 τι
598 495 768 553 ἄμεινον
810 497 947 556 ἑαυτῷ
974 515 1020 542 τε
1048 502 1120 542 καί
1139 499 1372 553 εΡοιῃιαίοις
1401 500 1572 541 διέκειτο
1592 512 1605 524 ·
1631 497 1675 541 τό

244 565 323 621 γὰρ
354 563 547 620 περιττὸν
586 566 630 615 ἐς
670 568 880 618 μαλακίαν
918 564 1010 620 ἴσην
1041 563 1130 619 ἔχει
1160 581 1249 614 πως
1293 566 1366 606 καί
1387 563 1460 620 τήν
1484 564 1716 619 βλακείαν5

244 630 350 686 πρὸς
383 631 432 673 τά
476 632 710 686 κοινωφελῆ
746 633 818 672 καί
854 627 907 672 τοὶ
957 632 1119 672 δέοντα.
1176 629 1227 672 ni
1256 632 1302 673 δὲ
1328 633 1409 672 τῶν
1438 629 1681 686 περιφύτων

244 697 353 751 ὀρῶν
385 693 566 751 φύλακες
605 695 811 748 ἐκτομίαι,
851 693 879 736 ἃ
907 701 993 744 τοῖς
1019 698 1265 749 βασιλεῦσιν
1293 694 1451 737 ἀνεῖται
1477 694 1582 750 πρὸς
1609 711 1682 736 κυ-

245 764 436 816 νηγέσια,
466 760 654 814 καθάπερ
684 753 808 816 ἱερῶν
836 755 1021 813 ἄλσεων,
1059 763 1189 803 εἰπεῖν
1218 762 1265 802 δὲ
1292 763 1363 803 καί
1387 760 1684 816 θεοφυτεύτων

245 826 542 882 παραδείσων,
572 827 784 882 ἐφείδοντο
820 826 1019 878 τουτωνί,
1046 826 1117 867 καί
1143 827 1428 881 διηπειλοῦντο
1455 824 1528 868 τὸν
1555 824 1683 879 ἔσχα-

200 898 317 934 Βτον
345 892 531 933 κίνδυνον
572 896 657 940 τοῖς
697 892 881 943 ἐκτεμεῖν
922 892 1194 946 προθεμένοις
1239 891 1400 934 ἐκεῖθεν
1432 890 1537 942 ’ξύλα
1580 886 1680 933 ἅττα
1699 907 1746 934 ιο
1777 893 1782 895 ’
1825 888 1827 892 ⁴

245 956 558 1012 ναυπηγήσιμα.
632 955 702 998 ναὶ
748 955 835 1011 μὴν
867 959 941 998 καί
980 954 1003 997 ὅ
1039 958 1111 998 τοῦ
1139 955 1282 999 στόλου
1322 955 1419 1007 δοὺξ
1451 956 1632 1011 Μιχαὴλ
1660 953 1682 997 ὅ

247 1019 486 1079 Στρυφνός,
516 1021 741 1078 κασιγνήτῃ
770 1024 842 1076 τῆς
873 1022 1090 1076 δεσποίνης
1119 1023 1464 1075 συνεζευγμένος,
1495 1022 1686 1063 δεινό·ιά--Δ

247 1102 317 1136 τος
350 1084 408 1129 αἳν
435 1085 493 1142 μή
524 1085 653 1140 μόνον
680 1089 872 1142 γόμφους
899 1088 973 1128 καί
997 1083 1182 1142 ἀγκύρας
1208 1088 1388 1140 χρυσίου
1420 1086 1686 1136 ἀλλάξασθαι

247 1149 355 1194 ἄλλα
376 1154 448 1194 καί
465 1155 662 1208 λαίφεσιν
684 1153 910 1195 ἐπιθέσθαι
928 1153 1002 1194 καί
1015 1154 1287 1207 ἐξαργυρίσαι
1315 1150 1515 1207 πρότονα,
1550 1149 1683 1202 ἁπαξ-

246 1217 427 1267 anatrog
473 1216 618 1259 πλοίου
651 1219 818 1272 μακροῦ
861 1217 913 1258 τοὶ
953 1217 1106 1272 νεώρια
1129 1217 1345 1269 Ῥωμαίων
1372 1217 1560 1259 ἐκένωσε.
1614 1218 1686 1258 καί
1703 1219 1748 1259 ι’5

246 1281 445 1335 βασιλευς
472 1277 532 1331 οἷς
562 1282 637 1323 οὐκ
667 1283 843 1335 ἐπετίμα
868 1287 952 1332 τοῖς
991 1281 1230 1335 οἷβελτὲροις
1255 1281 1308 1324 τοὶ
1336 1283 1420 1324 τῶν
1448 1283 1583 1324 κακῶν
1611 1281 1685 1322 καῖ-

247 1365 369 1390 κιστα
407 1349 588 1403 δρῶσιν,
627 1348 863 1389 ἑπευδοκῶν
889 1353 976 1396 τοῖς
1017 1350 1245 1401 γινομένοις
1274 1347 1473 1402 ἡλίσκετο.
1527 1349 1686 1400 μᾶλλον

247 1415 325 1466 μὲν
356 1406 428 1454 οὗν
451 1411 523 1454 καί
551 1409 678 1461 αὐτὸς
718 1413 907 1469 οἰκουρίᾳ
930 1415 1094 1467 χαίρων
1119 1413 1302 1464 νῧνμὲν
1327 1413 1519 1468 γεώλοφα
1550 1410 1686 1469 καθῄ-

250 1494 315 1532 ρει
343 1480 415 1518 καί
438 1477 671 1531 ἀνεπλήρου
701 1474 945 1532 φάραγγας,
984 1475 1126 1526 damac
1155 1476 1422 1531 αὕτουργαῖν,
1453 1479 1527 1518 νῦν
1554 1477 1600 1517 δὲ
1626 1478 1687 1525 εἰς

249 1542 504 1584 ἑπιδείπνιον
531 1538 617 1594 εἶχε
646 1545 807 1595 γέλωτα
834 1541 908 1596 τήν
940 1545 1017 1584 τοῦ
1045 1543 1277 1585 Λατινικοῦ
1304 1541 1454 1584 στόλου
1483 1541 1684 1583 α’πόπλοι-
1697 1558 1753 1586 20

251 1625 331 1662 αν,
365 1607 437 1649 καί
464 1607 520 1656 ὦς
545 1608 605 1656 εἰς
630 1610 769 1660 μῦθον
792 1607 947 1648 οἷπὲλυε
965 1606 1018 1649 τὰ
1039 1614 1127 1656 τοῖς
1153 1606 1255 1649 οὖσίν
1283 1605 1439 1649 ἔναυλα
1467 1606 1582 1648 δεινὰ
1614 1610 1689 1649 καί

122 1673 330 1730 Ρ·349πρὸ
361 1668 561 1727 ὀμμάτων
589 1675 756 1722 πολλοῖς
784 1674 968 1726 κείμενα.
1023 1671 1116 1715 ἐπεὶ
1140 1674 1186 1714 δὲ
1213 1672 1524 1728 παρεστήσαντο
1541 1675 1619 1726 μὲν
1647 1673 1686 1715 οἶ

341 1805 376 1839 6.
403 1807 485 1847 post
520 1801 654 1837 δέοντα
684 1802 729 1834 B:
766 1794 866 1847 πρὸς
897 1801 938 1836 δὲ
971 1797 1059 1839 τούς
1083 1803 1261 1847 λέγοντας
1283 1800 1384 1835 αὕτιῦ
1411 1798 1471 1834 ὅτι
1498 1801 1686 1846 συμφέρει

343 1851 406 1882 ἵνα
419 1851 483 1882 καὶ
501 1846 650 1894 ἅρματα
667 1848 1017 1895 παρασκευάσωμεν
1032 1851 1095 1882 καὶ
1110 1848 1274 1892 κάιεργα
1291 1850 1355 1882 καὶ
1372 1846 1518 1892 ὄργανα
1531 1848 1687 1893 πολεμι-

338 1895 384 1929 κά
412 1895 630 1941 ποιήσωμεν
666 1894 794 1930 ἐπάνω
821 1895 889 1930 τοῦ
919 1895 1100 1940 κάστρου,
1130 1893 1231 1932 ὅπως
1244 1894 1387 1941 ἔχωμεν
1412 1892 1505 1927 αὐτοὶ
1525 1895 1562 1934 ἐξ
1588 1893 1684 1928 ἑτοί-

288 1975 295 1981 ,
339 1954 434 1988 μου,
461 1941 584 1986 νεκραῖ
608 1941 785 1987 ἐφαίνετο
812 1942 957 1987 λέγειν·
1004 1941 1076 1976 οὐκ
1100 1940 1317 1986 α’πελογεῖτο
1343 1939 1418 1986 γὰρ
1446 1939 1522 1974 ἄλλ’
1548 1940 1684 1984 ἐκάθη-

342 2000 384 2022 το
408 1988 529 2034 γελῶν
557 1989 622 2021 καὶ
650 1988 842 2035 ἐμπαίζων
870 1989 908 2024 Β.
1032 1990 1082 2033 ¹4·
1105 1988 1295 2034 πρότονας
1318 1988 1357 2020 A.

251 2099 448 2143 imperator
472 2099 618 2134 Alexius
657 2100 727 2134 iam
751 2101 889 2146 pridem
914 2102 1123 2135 Latinorum
1147 2106 1246 2134 motu
1271 2100 1395 2133 audito
1419 2099 1510 2133 nihil
1535 2111 1686 2145 praepa-

251 2146 363 2185 ravit,
402 2147 500 2190 quod
535 2158 554 2178 e
578 2158 616 2179 re
654 2148 712 2181 vel
739 2160 800 2181 sua
839 2149 1005 2193 privatim
1027 2149 1086 2182 vel
1111 2148 1257 2193 publice
1282 2147 1441 2181 omnium
1466 2151 1575 2180 esset:
1602 2159 1683 2180 nam

250 2191 441 2225 immodica
467 2193 638 2227 mollities
663 2194 768 2227 rebus
795 2194 959 2238 gerendis
992 2194 1108 2228 nihilo
1138 2195 1254 2239 aptior
1282 2199 1336 2227 est
1361 2204 1466 2238 quam
1493 2192 1684 2226 dementia.

252 2243 290 2271 et
326 2238 502 2282 spadones
544 2240 755 2273 silvosoruni
786 2242 962 2275 montium
994 2241 1181 2282 custodes,
1218 2241 1281 2285 qui
1305 2238 1577 2284 imperatoribus
1603 2245 1684 2272 tan-

251 2296 359 2329 quam
395 2286 483 2317 sacri
523 2286 595 2318 luci
621 2292 684 2320 aut
718 2287 831 2321 divini
857 2287 1017 2332 paradisi
1047 2287 1203 2321 venandi
1228 2286 1339 2330 gratia
1364 2286 1560 2318 consecrati
1581 2292 1683 2327 sunt,

250 2330 448 2376 parcebant
489 2331 698 2374 arboribus,
739 2339 776 2367 et
803 2340 998 2367 extremum
1033 2333 1234 2379 periculum
1263 2333 1308 2364 iis
1342 2330 1599 2364 minitabantur
1619 2334 1683 2378 qui

251 2377 299 2409 ad
322 2376 544 2410 fabricandas
567 2389 674 2411 naves
699 2380 794 2423 ligna
832 2380 918 2413 inde
943 2385 1118 2424 peterent.
1144 2379 1259 2412 adhuc
1283 2378 1406 2411 classis
1434 2376 1507 2410 dux
1527 2378 1684 2412 Michael

252 2422 471 2467 Stryphnus,
499 2424 557 2456 cui
583 2424 748 2458 dominae
773 2438 872 2459 soror
899 2432 1012 2471 nupta
1038 2432 1133 2466 erat,
1158 2436 1231 2458 non
1254 2430 1391 2457 tantum
1416 2424 1533 2458 clavos
1558 2430 1594 2458 et
1619 2436 1685 2461 an-

252 2480 352 2502 coras
377 2481 464 2502 auro
504 2476 707 2514 permutare
745 2472 808 2504 sed
832 2473 912 2506 vela
952 2473 1060 2506 etiam
1089 2478 1127 2505 et
1148 2471 1316 2504 rudentes
1351 2469 1507 2503 vendere
1532 2471 1683 2512 solitus,

252 2516 369 2560 longis
392 2515 541 2549 navibus
565 2528 708 2561 prorsus
732 2518 897 2551 omnibus
932 2519 1073 2552 navalia
1096 2520 1253 2550 Romana
1280 2516 1463 2561 spoliarat.
1490 2517 1685 2562 imperator

250 2573 336 2595 vero
370 2562 538 2597 vecordes
573 2562 735 2597 homines
775 2565 928 2608 pessima
956 2565 1114 2598 facinora
1137 2569 1384 2608 perpetrantes
1409 2563 1500 2597 adeo
1528 2575 1603 2597 non
1625 2575 1685 2597 ca-

253 2608 425 2653 stigabat,
451 2614 492 2642 ut
508 2609 552 2642 iis
577 2621 656 2642 cum
681 2611 805 2655 primis
832 2611 1010 2654 propitius
1042 2621 1118 2643 esse
1144 2609 1336 2642 videretur.
1360 2610 1429 2642 iam
1452 2610 1537 2654 quia
1564 2609 1685 2643 liben—

253 2660 309 2688 ter
336 2655 433 2687 domx
469 2655 675 2696 desidebat,
710 2668 806 2689 nune
839 2657 948 2689 colles
973 2657 1151 2702 aequabat
1176 2662 1212 2689 et
1235 2657 1346 2688 valles
1372 2656 1624 2700 complanabat
1647 2662 1685 2690 et

254 2712 354 2734 areas
381 2702 555 2744 faeiebat3
595 2714 690 2735 nunc
717 2703 866 2736 Latinae
891 2703 1012 2736 classis
1038 2702 1306 2748 expeditionem
1331 2715 1351 2735 a
1370 2714 1482 2735 coena
1498 2714 1561 2747 pro
1586 2702 1684 2735 ludi-

255 2759 313 2781 cro
341 2747 548 2791 deridebat,
575 2754 611 2783 et
625 2755 666 2783 ut
689 2748 848 2783 fabulam
874 2749 1037 2787 elevabat
1058 2761 1099 2784 ea
1123 2749 1284 2795 pericula
1310 2760 1400 2794 quae
1424 2749 1529 2783 multi
1555 2748 1682 2783 audie-
