1878 3230
222 170 335 227 508·
642 187 869 229 mmmm
910 187 1219 230 CHONlATAE

215 289 273 342 μή
305 290 403 329 ποσί
445 288 608 327 κόπτειν
634 285 677 326 τὸ
727 287 906 327 δάπεδον
934 288 1025 328 ἀλλ’
1049 287 1250 329 ἵπτασθαι
1282 289 1387 328 κατα
1417 280 1639 343 Πήγασον,

218 351 374 400 αὗτούς
420 353 466 392 δὲ
499 351 680 407 οἷορασίᾳ
721 350 1027 403 καλύπτεσθαι,
1061 351 1116 400 ὥς
1155 350 1295 407 εἴτην
1322 354 1467 407 κυνέην
1487 350 1640 396 ’Ἀιδου

216 416 443 461 ὑπέδυσαν.
510 411 539 470 η’
570 414 695 469 πολλή
743 414 836 457 τότε
881 411 933 470 ἦν
969 416 1111 466 αὐτοῖς
1149 416 1174 470 ἡ
1215 416 1443 470 δείλανσις,
1471 420 1544 460 καί
1563 419 1644 460 πᾶν

216 483 346 523 ἐποίει
363 482 433 521 καί
450 478 647 535 πράττειν
665 483 737 522 καί
764 476 982 534 εὔχεσθαι.
1007 477 1111 524 ἄλλα
1143 482 1213 523 καί
1238 482 1335 538 περί
1355 480 1432 537 τὴν
1457 483 1646 539 γέφυραν

215 551 399 587 πλεῖστοι
422 541 474 586 ἂν
499 543 799 594 α’πολισθόντες
825 545 1050 588 ὀλώλεισαν
1077 542 1167 601 ἥτις
1191 546 1296 588 κατὰ
1319 546 1365 588 τὸ
1383 544 1684 603 Λαφνούτιον5

82 619 120 651 V.
138 620 201 662 204
215 607 469 665 περιάγεται,
498 609 539 651 εἷ
564 607 622 664 μή
645 626 706 658 τις
730 610 886 659 αὕτούς
912 610 1114 653 ἐπεπείκει
1142 615 1396 668 καθυφεῖναι
1413 614 1485 666 τῆς
1513 610 1648 662 ὄξείας

219 677 355 731 φυγῆς
393 674 494 717 κατὰ
537 675 689 728 κόσμον
731 691 774 717 τε
816 679 886 718 καὶ
924 677 981 730 μὴ
1014 678 1254 733 ἐπισφαλῶς
1292 676 1361 718 διοὶ
1392 678 1466 731 τῆς
1494 676 1647 729 ἁψῖδος

215 742 344 793 ἰέναι,
373 743 431 789 εἰς
458 740 638 795 οὐρανὸν
666 741 882 791 ἀνατείνας
910 741 985 790 τὰς
1010 746 1156 796 χεῖρας
1172 745 1244 784 καί
1273 741 1318 784 τὸ
1350 745 1466 784 θεῖον
1495 744 1647 794 ἐπομο-

214 806 390 858 σάμενος
419 807 579 860 μηδένα
605 810 694 848 κατ’
734 808 873 848 αὐτῶν
902 808 1060 848 ἐπιέναι
1098 809 1290 860 πολέμιον
1319 804 1511 860 ὄπισθεν,
1538 805 1644 849 ἀλλὰ

83 880 117 913 P.
134 880 203 925 249
217 869 345 913 πάλαι
383 873 751 927 μεταστραφέντας
795 872 1042 914 παύσασθαι
1087 875 1156 927 τῆς
1197 874 1491 924 καταδιώξεως.
1556 869 1643 915 ὅσοι
1662 889 1710 914 ιο

213 939 290 989 μὲν
319 930 393 978 οὖν
420 935 494 990 την
526 936 658 991 τύχην
686 933 793 991 ἦσαν
820 939 1005 992 φλαῦροι
1035 937 1105 979 καί
1132 940 1385 992 περιπέζιοι,
1412 934 1525 980 οὗτοι
1550 940 1646 981 α’νε-

215 1004 392 1055 παχθῶς
424 1004 496 1043 καί
525 1001 832 1056 α’νεπεγκλήτως
859 998 1055 1058 α’φίκοντο
1090 1001 1253 1056 οἴκαδε,
1281 1002 1357 1057 τὴν
1387 1004 1539 1045 οἰκείαν
1566 1020 1646 1045 πα-

221 1067 431 1120 ράβυστον
459 1066 677 1117 σώζουσαν
704 1065 881 1120 ἔχοντες,
911 1066 984 1109 καί
1005 1070 1165 1122 μηδένα
1195 1067 1371 1118 δεδιότες
1398 1068 1470 1110 τὸν
1498 1070 1569 1111 rim*
1593 1069 1648 1126 τῷ

218 1133 391 1174 κολάσαι
420 1131 749 1187 α’ναδιφήσοντα.
806 1133 842 1174 οἱ
863 1135 909 1175 δὲ
930 1132 976 1175 τό
1005 1136 1119 1187 γένος
1147 1136 1332 1189 λαμπροί
1358 1133 1429 1176 καί
1454 1136 1646 1188 ἐπίσημοι

219 1198 271 1238 δι’
301 1197 521 1252 ἡγεμονίαν
559 1195 587 1252 ἢ
615 1194 847 1252 ἆρχηγίαν,
885 1193 998 1240 οὗτοι
1024 1201 1066 1248 ἐς
1102 1195 1262 1254 ἅθρουν
1288 1200 1521 1249 ἁλισθέντες
1547 1199 1710 1242 σύν-15

216 1279 354 1316 ταγμα
403 1262 773 1317 διαπρεσβεύονται
814 1267 1004 1317 βασιλεῖ,
1027 1262 1286 1319 συγγνώμην
1346 1267 1553 1314 αἰτοῦντες
1588 1261 1648 1316 οἷς

216 1330 454 1383 α’πέστησαν
483 1328 552 1370 ἀπ’
586 1330 715 1370 αὐτοῦ
756 1331 828 1371 καί
854 1331 912 1385 τῷ
940 1329 1151 1386 ἀποστάτῃ
1191 1329 1551 1385 ἐπηκολούθησαν,
1578 1333 1650 1374 καί

214 1393 329 1447 παρὰ
357 1395 563 1446 βασιλέως
603 1392 886 1446 λαμβάνοντες.
915 1394 959 1435 τὸ
1002 1396 1245 1449 α’νέγκλητον
1288 1391 1444 1448 ἀγαθοί
1480 1397 1553 1437 καί
1579 1412 1648 1436 πι-

215 1458 309 1500 awa*
333 1459 584 1513 θεράποντες
615 1461 658 1508 ἐς
685 1459 731 1500 τὸ
762 1461 909 1512 μέλλον
947 1457 1121 1502 ἔσεσθαι
1149 1463 1429 1513 συνετίθεντο,
1461 1462 1537 1502 κοῖκ
1565 1463 1646 1503 τῶν

214 1522 344 1578 ἔργων
375 1524 514 1566 αὐτῶν
554 1523 776 1575 ὑποδεῖξαι
813 1525 886 1579 τήν
912 1524 1132 1577 μετάνοιαν
1162 1526 1227 1580 ἐφ’
1256 1522 1317 1573 οἷς
1343 1527 1388 1567 ἐκ
1417 1527 1644 1580 παρανοίας
1657 1536 1709 1562 20

177 1587 532 1646 Βπεπαρῳνὴκασι
573 1589 677 1631 κατοὶ
708 1592 783 1630 τοῦ
814 1589 961 1644 κυρίου
982 1593 1186 1643 βασιλέως
1212 1589 1548 1646 ε’φοπλισάμενοι.
1608 1593 1647 1633 εἰ

217 1657 263 1696 δὲ
292 1655 513 1709 βασιλεύς,
545 1672 671 1711 φασι,
706 1654 750 1697 τὸ
780 1657 850 1709 τῆς
876 1657 1018 1710 ψυχῆς
1046 1654 1307 1709 θυμούμενον
1335 1660 1523 1698 πλουτῶν
1544 1659 1646 1709 α’με-

307 1777 340 1798 2.
365 1767 501 1801 κυνέαν
539 1767 576 1800 Α.
672 1767 703 1811 4.
728 1765 795 1809 τὴν
814 1768 880 1802 τοῦ
906 1767 1142 1813 δαφνουδίου
1165 1768 1338 1814 γέφυραν
1364 1768 1399 1800 Β.
1495 1768 1525 1800 5.
1551 1766 1645 1800 ὀλώ-

307 1815 420 1847 λασιν
446 1814 483 1847 Δ.
577 1825 610 1857 7.
638 1816 703 1846 καὶ
726 1809 821 1847 κατὰ
844 1825 874 1846 κ.
899 1814 984 1860 μηδ’
1007 1815 1048 1849 Α.
1149 1826 1197 1849 ιι.
1226 1811 1294 1857 τῆν
1317 1812 1444 1860 τύχην]
1473 1808 1513 1847 tc)
1538 1816 1646 1858 γένος

307 1859 497 1903 ἄγνωστοι
521 1861 585 1892 καὶ
608 1859 924 1905 περισυνάγματα
949 1862 986 1895 Β.
1085 1863 1136 1897 13.
1165 1860 1227 1907 τῷ]
1254 1858 1293 1894 τὸ
1323 1861 1363 1895 A.
1486 1861 1536 1894 15.
1564 1860 1645 1893 εἱλι-

305 1907 472 1952 σθέντες]
510 1906 703 1943 συνιόντες
730 1907 770 1940 Α.
893 1919 942 1951 ¹7-
970 1907 1305 1950 κατηκολούθησαν
1329 1908 1369 1941 Α.
1478 1908 1527 1941 18.
1553 1906 1646 1952 α’γα-

305 1950 387 1998 θοὶ]
414 1954 545 1986 πιστοὶ
571 1954 634 1985 καὶ
660 1951 915 1994 εὐυπόληπτοι
938 1951 1034 1999 πρὸς
1060 1952 1176 1989 αὐτὸν
1202 1954 1237 1986 Β.
1354 1963 1406 1986 20.
1435 1955 1648 1998 παρανοίας

307 2009 428 2043 margo
454 1999 515 2034 W:
542 1999 684 2033 codices
712 2002 924 2046 παροινίας.

213 2095 325 2122 tarem
354 2090 513 2130 imitati,
555 2097 590 2124 et
617 2092 775 2125 hostium
811 2094 1097 2137 persecutionem
1121 2094 1248 2134 veriti,
1273 2093 1364 2126 illud
1391 2094 1517 2137 utique
1542 2097 1645 2137 opta—

211 2135 300 2168 bant
317 2161 326 2176 ‚
364 2141 405 2169 ut
431 2137 515 2180 equi
549 2149 622 2171 non
655 2139 797 2183 ungulis
821 2140 967 2171 humum
992 2140 1177 2184 pulsarent
1209 2139 1272 2172 sed
1297 2145 1465 2184 tanquam
1493 2140 1643 2182 Pegasus

210 2182 430 2222 volitarent,
464 2183 605 2227 ipsique
641 2186 741 2217 velut
779 2186 852 2218 orci
885 2186 984 2229 galea
1010 2187 1095 2219 tecti
1122 2197 1141 2218 a
1168 2187 1310 2219 nemine
1340 2186 1640 2229 conspicerentur.

211 2232 333 2260 tantus
377 2239 437 2260 eos
461 2233 577 2261 terror
612 2230 811 2272 invaserat,
850 2233 912 2276 qui
938 2231 1093 2265 faciebat
1132 2237 1172 2264 ut
1195 2232 1336 2276 quidvis
1362 2237 1398 2264 et
1419 2231 1580 2264 dicerent
1604 2235 1641 2263 et

212 2279 388 2318 optarent.
431 2285 471 2306 ae
506 2275 543 2307 in
567 2282 676 2319 ponte
711 2278 967 2322 Daphnutiano
1000 2278 1144 2322 plurimi
1167 2279 1380 2321 periissent,
1401 2277 1472 2310 uisi
1493 2276 1641 2321 quidam

211 2320 377 2352 manibus
405 2320 443 2352 in
469 2322 606 2353 caelum
634 2325 802 2364 extensis,
830 2323 934 2356 deum
959 2329 1108 2357 testatus
1135 2324 1313 2356 neminem
1340 2334 1359 2355 a
1383 2328 1482 2367 tergo
1507 2323 1642 2356 instare

213 2366 277 2399 sed
302 2367 453 2399 victores
478 2367 686 2400 iamdudum
714 2381 733 2401 a
758 2370 1006 2414 persequendo
1041 2369 1238 2409 destitisse,
1273 2381 1333 2402 eos
1363 2370 1561 2403 monuisset
1602 2375 1643 2403 ut

213 2414 386 2457 impetum
422 2413 527 2456 fugae
558 2414 784 2448 moderantes
816 2416 942 2448 ordine
988 2421 1022 2449 et
1058 2421 1160 2449 caute
1192 2416 1364 2448 fornicem
1401 2416 1503 2448 illum
1560 2427 1642 2460 per-

212 2459 416 2492 transirent.
449 2469 489 2491 ae
513 2464 640 2492 tenues
676 2467 712 2494 et
756 2461 927 2495 obscurae
962 2462 1127 2495 fortunae
1162 2462 1324 2494 homines
1355 2462 1443 2494 citra
1481 2462 1666 2501 molesti--

213 2517 270 2538 am
308 2510 345 2539 et
372 2505 505 2538 crimen
548 2505 691 2539 domum
727 2507 932 2547 redierunt,
969 2507 1161 2541 salubriter
1199 2507 1417 2541 obscuritate
1445 2519 1509 2541 sua
1532 2509 1640 2549 tecti,

214 2563 333 2597 neque
372 2556 573 2585 metuentes
615 2564 660 2585 ne
698 2553 743 2585 ab
777 2554 851 2586 ullo
898 2554 1173 2598 inquirerentur.
1214 2555 1277 2599 qui
1314 2566 1397 2587 vero
1435 2560 1498 2588 aut
1534 2566 1642 2599 gene-

213 2610 251 2631 re
277 2599 435 2631 illustres
472 2603 534 2631 aut
567 2600 831 2643 magistratibus
871 2601 977 2643 gestis
1003 2601 1158 2644 insignes
1184 2606 1302 2641 erant,
1326 2602 1530 2646 frequentes
1556 2612 1638 2635 con-

212 2656 343 2677 venere
383 2650 420 2678 et
457 2655 519 2689 per
561 2645 695 2689 legatos
746 2646 887 2678 veniam
931 2646 976 2678 ab
1017 2647 1231 2691 imperatore
1276 2648 1502 2691 petiverunt,
1543 2647 1641 2692 quod

215 2691 394 2724 hominem
434 2690 642 2724 seditiosum
675 2693 789 2725 secuti
827 2692 1050 2726 defecissent.
1087 2693 1214 2738 quodsi
1251 2693 1295 2725 ab
1330 2694 1541 2737 imperatore
1574 2704 1639 2726 no-

214 2748 279 2771 xae
316 2738 576 2778 eximerentur,
608 2750 645 2771 se
677 2739 715 2773 in
749 2744 931 2784 posterum
966 2739 1079 2773 bonos
1114 2745 1149 2774 et
1191 2738 1314 2773 fideles
1346 2741 1526 2774 ministros
1563 2740 1639 2773 sore
