1878 3230
716 197 1077 239 G-LossARmM.
1490 199 1560 252 92
1575 199 1594 234 1

178 298 407 352 πρίγκιπες.
440 297 541 337 adde
568 297 890 337 Cantacuzenum
917 311 959 350 p.
980 297 1072 349 753,
1101 297 1254 335 Annam
1275 296 1467 336 Comnen.
1485 297 1600 338 Alex.

180 355 250 394 lib.
279 356 321 405 3,
354 359 394 391 et
418 366 520 405 quae
549 352 680 391 dicam
708 353 750 390 in
779 351 979 391 Glossario
1007 352 1179 390 Nomico
1209 365 1246 391 v.
1277 352 1469 403 πρίγκιψ.

290 421 355 458 πρ
370 406 500 456 οβεα
546 405 680 472 pellis,
721 405 953 444 membrana
991 419 1082 458 pag.
1111 405 1206 444 281.
1245 405 1350 445 idem
1392 421 1435 459 p.
1467 407 1546 447 255
1576 423 1601 448 a

182 459 255 501 καὶ
279 459 420 512 ὁέρριν
448 459 695 511 ἐξημμένον.
727 460 847 498 codex
866 460 936 498 GB
965 459 1156 510 προβέαν.
1185 458 1303 499 hodie
1328 460 1496 511 προβιά.

290 512 555 579 πρόεδρος
582 513 804 577 pontifex,
834 515 997 553 antistes
1015 514 1217 566 ‚praesul
1259 529 1302 567 p.
1341 514 1412 565 ¹4⁰
1441 530 1464 554 c
1492 522 1531 554 et
1558 530 1600 567 p.

181 571 259 624 593
290 566 552 633 προεδρεύων
578 564 796 618 ἱερατικοῖς
823 568 894 630 τῆς
921 562 1089 612 πόλεως.
1122 570 1236 607 Anna
1265 569 1475 609 Comnena
1506 570 1601 608 Ale-

180 624 283 663 xiad.
308 637 358 688 ⁰2:
389 619 467 675 ὁρᾷ
491 619 560 662 τὸν
572 622 661 688 τῆς
690 619 959 674 Χαλκηδόνος
995 619 1197 673 πρόεδρον
1223 623 1390 663 Λέοντα
1427 619 1501 676 τὴν
1539 619 1599 662 13-

181 691 353 728 ρατικην
387 673 534 727 στολήν
561 673 852 728 ἠμφιεσμένον.
893 676 1215 743 Tbeophylactus
1245 677 1458 717 simocatta
1501 677 1594 715 hist.

180 732 448 772 mauricianae
475 730 547 770 lib.
579 731 604 770 3
633 744 723 796 cap.
759 744 811 770 2:
845 731 933 780 μετ’
961 728 1011 769 ου
1038 727 1141 769 πολὺ
1178 731 1224 770 δὲ
1262 728 1336 770 τὸν
1374 747 1397 771 τ
1401 731 1448 784 ἧς
1476 732 1598 771 Κων-

180 785 398 849 σταντίνης
424 780 670 837 πρόεδρον
648 798 669 823 ο
689 781 917 836 στρατηγὸς
940 797 1000 831 εις
1024 782 1071 823 τὸ
1092 783 1372 835 στρατόπεδον
1396 786 1600 837 πρεσβευ-

178 837 255 903 την
282 838 542 889 διεπέμπετο
570 837 637 878 alii
665 837 862 891 πρόεδροι
889 845 1003 877 erant
1018 839 1203 885 Palatini,
1233 839 1282 878 de
1304 840 1447 893 quibus
1465 841 1600 878 Meur-

178 895 257 933 sius
297 894 338 932 in
369 893 444 932 hac
479 893 664 933 dictione.
706 895 821 932 Anna
863 892 1067 932 Comnena
1097 893 1279 933 Alexiad.
1319 893 1385 944 β’.
1427 894 1483 947 τῷ
1520 894 1600 932 τῶν

176 947 391 1000 προέδρων
417 945 640 1011 τετιμηκώς
664 943 880 997 α’ξιωματι.
907 954 1026 987 erant
1054 953 1187 986 autem
1225 963 1391 988 numero
1436 934 1598 1000 plures,

179 1010 219 1041 et
246 1004 351 1042 inter
377 1015 443 1041 eos
469 1003 682 1066 primarius
710 999 1052 1064 πρωτοπρόεδρος
1079 1001 1301 1046 dicebatur.
1329 1003 1466 1042 eadem
1481 1005 1599 1041 Anna

178 1056 249 1096 lib.
279 1058 325 1097 3.
352 1053 581 1119 ἐστάλησαν
610 1054 681 1095 διιὶ
708 1054 782 1095 τοῦ
806 1055 1149 1119 n9mron905d‘9op
1179 1057 1506 1097 Κωνσταντίνου.

286 1105 588 1173 πρόκοιτος.
617 1124 654 1150 v.
684 1110 861 1149 Glossar.
891 1110 942 1148 ad
972 1110 1092 1149 Cedr.
1121 1112 1162 1148 in
1192 1108 1569 1164 παρακοιμώμενος.

284 1162 568 1228 πρόκυψις
594 1172 831 1218 prospectus.
859 1164 953 1204 vide
981 1164 1031 1202 ad
1058 1164 1260 1204 Codinum
1291 1165 1341 1206 de
1368 1165 1524 1205 officiis.

282 1232 348 1270 πρ
361 1215 603 1269 οσωψιον
632 1218 785 1258 faciale.
818 1232 856 1256 v.
889 1219 1119 1258 Meursium,

284 1272 740 1325 πρωτεκδικεῖον.
773 1272 866 1312 vide
892 1272 1021 1312 Gloss.
1049 1273 1102 1313 ad
1129 1272 1359 1314 Cedrenum
1394 1273 1433 1312 in
1469 1287 1508 1312 v.
1537 1270 1600 1313 ἕκ-

178 1326 289 1375 δικος
305 1357 318 1378 ,
346 1332 388 1366 et
414 1327 670 1366 Meursium
659 1342 708 1366 m
733 1327 870 1366 eadem
898 1340 1013 1366 voce.

283 1377 801 1434 πρωτοασηκρήτης.
846 1382 936 1433 quis
971 1381 1169 1420 diceretur
1195 1378 1449 1434 α’σηκρήτης,
1482 1382 1601 1421 docet

175 1435 426 1476 Glossarium
454 1435 506 1475 ad
541 1436 787 1476 cedrenum.
821 1435 966 1474 Suidas
996 1435 1038 1473 in
1069 1436 1347 1489 Etymologico
1381 1451 1441 1475 ms
1482 1451 1599 1489 penes

175 1492 312 1530 virum
347 1489 662 1529 illustrissimum
696 1491 749 1528 D.
788 1490 958 1528 Petrum
985 1490 1236 1554 Seguierium
1267 1491 1461 1529 Franciae
1490 1491 1599 1529 can-

175 1544 412 1584 cellarium:
429 1542 674 1609 α’σηκρήτης
689 1539 959 1607 ὖπογραφευς
979 1539 1000 1582 ὃ
1026 1547 1109 1590 τοῖς
1130 1545 1213 1583 τῶν
1239 1540 1495 1595 κρατούντων
1519 1558 1600 1593 μυ-

175 1596 357 1664 οτηρίοις
382 1596 730 1663 ὖπηρετούμενος.
788 1591 895 1636 ου’τω
930 1593 1044 1649 παρὰ
1077 1597 1129 1665 τῇ
1155 1596 1363 1638 Αὕσονίδι
1401 1597 1600 1652 διαλέκτῳ

174 1649 221 1691 τὰ
263 1649 494 1704 ᾰσηκρήτης
531 1665 662 1702 ονομα
701 1650 773 1690 ἐπι
810 1653 893 1697 τοῖς
927 1650 1174 1703 μυστηρίοις
1210 1637 1601 1704 μεθερμηνεύεσθαι

173 1703 384 1757 βούλεται.
415 1702 788 1758 πρωτοασηκρήτης
809 1712 942 1744 autem
962 1712 1020 1744 est
1046 1706 1200 1758 primus
1220 1721 1243 1744 a
1263 1706 1599 1745 secretis.e1·ant

175 1762 284 1800 enim
314 1760 468 1812 plures.
497 1760 860 1801 protosecretarius
887 1761 929 1798 in
958 1759 1270 1814 Hypomnestico
1305 1760 1357 1800 de
1388 1760 1602 1799 Anastasio

174 1814 465 1868 Apocrisiario.

283 1864 739 1921 πρωτονοτάριος
796 1869 1044 1908 notariorum
1095 1867 1376 1922 primicerius,
1444 1868 1603 1921 primus

173 1924 278 1963 inter
309 1924 503 1962 notarios.
531 1923 627 1962 vide
654 1924 705 1963 ad
734 1923 974 1963 Cedrenum.

283 1989 729 2041 πρωτοστρατωρ
766 1985 945 2028 strator,
990 1977 1060 2029 qui
1098 1975 1307 2016 dominum
1354 1976 1394 2015 in
1450 1990 1602 2030 equum

177 2030 438 2079 sublevabat,
486 2028 814 2083 πρωτοστράτωρ
864 2032 1012 2095 primus
1056 2030 1322 2082 Imperialium
1369 2037 1601 2096 stratorum.

177 2086 297 2123 Anna
330 2085 472 2124 Comn.
505 2085 614 2123 Alex.
650 2100 706 2138 7:
748 2082 932 2138 Μιχαὴλ
978 2084 1312 2137 πρωτοστράτωρ
1352 2080 1602 2137 αυτοκράτυ-

175 2151 248 2190 ρος
289 2137 363 2178 τοῦ
393 2137 533 2177 «rosana
573 2151 613 2178 v.
643 2139 865 2179 Mem-sium
908 2146 951 2179 et
992 2138 1166 2178 Glossar.
1207 2145 1389 2178 nostrum
1434 2139 1487 2178 ad
1519 2139 1600 2194 Ce-

176 2192 362 2232 drenum.

284 2241 420 2309 ράσα
462 2260 582 2294 rasa,
614 2253 744 2286 vestes
769 2247 1023 2287 monasticae.
1056 2262 1096 2300 p.
1133 2262 1176 2300 ¹7
1182 2247 1205 2289 5
1232 2261 1255 2287 c
1295 2246 1367 2286 καί
1398 2246 1496 2310 τῆς
1509 2245 1597 2286 τῶν

174 2296 425 2353 ἐσθημάτων
450 2301 703 2352 μεταβολῆςε
734 2302 857 2341 codex
887 2302 958 2341 GB
986 2262 1206 2342 hahebat7‘
1181 2301 1306 2354 ράσα.
1348 2301 1445 2340 hinc
1471 2314 1600 2363 ρασο-

176 2358 335 2420 φορεῖν.
366 2354 577 2394 Balsamon
606 2355 656 2395 ad
684 2369 774 2394 cau.
808 2356 832 2396 5
858 2355 1012 2420 Synodi
1041 2357 1111 2396 CP
1139 2371 1181 2410 p.
1181 2317 1291 2397 <³560
1318 2370 1365 2394 a·
1396 2351 1602 2394 εισελθόν-

179 2421 260 2447 των
287 2407 347 2454 εις
373 2407 629 2473 μοναστήρια
666 2408 739 2448 καί
764 2407 1155 2476 ρασοφορούντων,
1176 2417 1218 2449 et
1255 2412 1296 2449 in
1331 2423 1420 2447 can.
1459 2422 1527 2471 19.
1559 2408 1601 2446 S.

175 2460 292 2500 Basil.
309 2461 362 2500 ad
382 2462 528 2515 Amph.
556 2457 634 2503 κᾶν
650 2459 728 2516 γὰρ
748 2478 804 2516 μη
833 2462 1024 2519 α’ποκαρῇ
1039 2477 1103 2511 τις
1128 2460 1233 2503 ἀλλὰ
1254 2457 1538 2517 ρασοφορήση.
1563 2468 1603 2500 et

177 2511 423 2567 ῥασοφόροι.
452 2516 557 2556 Bais.
588 2517 682 2570 dp
684 2518 805 2558 ,560
834 2519 878 2558 b.
906 2506 1006 2558 vide
1031 2519 1246 2572 Hugonem
1273 2515 1511 2556 Menardum
1548 2515 1600 2554 ad

176 2568 447 2609 Concordiam
454 2572 706 2636 regularum
733 2574 860 2612 sancti
886 2572 1111 2613 Benedicti.

269 2618 407 2686 κρἠξ,
442 2620 610 2676 ῥήγας
665 2640 731 2665 rex
748 2641 803 2691 p.
834 2640 908 2691 ¹⁰9
938 2641 973 2666 a.
1020 2628 1139 2665 Anna
1167 2625 1363 2664 Comnen.
1395 2623 1507 2662 Alex.
1538 2623 1599 2663 8.

172 2674 311 2739 ῥηγαῖν
335 2690 378 2716 τε
402 2677 475 2716 καί
484 2677 658 2739 udovxofi'v
683 2693 754 2718 και
783 2693 986 2743 κομητων.
1014 2679 1306 2742 Theophanes.
1343 2674 1474 2738 ῥῆγα
1479 2677 1600 2716 καλέ-

169 2743 250 2780 σας
276 2727 428 2771 εαυτὸν
452 2730 524 2784 γῆς
549 2743 594 2771 τε
621 2732 690 2773 καί
712 2731 939 2785 θαλάσσης.
969 2736 1067 2774 item
1096 2730 1200 2785 πρός
1227 2731 1414 2782 Ζιλίτβιν
1434 2726 1503 2771 τὸν
1529 2727 1603 2784 ῥῆ-
