1878 3230
518 159 589 202 m:
634 158 850 202 isAAcio
899 158 1115 201 ANGELO
1154 159 1251 200 Lm.
1290 158 1362 200 ιιι.
1523 139 1627 214 59ι

207 260 350 316 βρίζων
377 261 639 314 α’διάγνωστα
669 258 801 313 λόγια.
858 258 1076 300 ἀπεσιώπα
1105 260 1152 301 δὲ
1183 258 1287 300 sedne
1311 262 1403 306 ταῖς
1428 260 1637 306 πλείσταις

207 329 291 370 τῶν
317 324 504 368 πεύσεων
533 325 656 380 αἵπερ
684 325 799 382 αὐτῷ
833 324 951 379 παρὰ
997 325 1081 366 τῶν
1118 324 1371 379 προσιόντων
1412 321 1635 378 ἐπήγοντο,

209 393 282 434 καί
310 389 386 440 τοὶς
414 390 567 439 οἰκείας
597 388 767 444 πράξεις
801 387 1056 443 μεταβάσεσι
1095 393 1283 438 τυπικαῖς
1325 386 1398 430 καὶ
1433 403 1635 442 σχηματι-

208 462 329 509 σμοῖς
357 456 549 510 ἐπέραινε
576 457 793 502 Πανικοῖς.
851 454 1091 496 συνεστῶτα
1115 455 1162 495 δὲ
1183 454 1335 507 γύναια
1365 450 1636 508 γραϊκά-τινα

171 521 556 575 δοῖστρηλατοῦντά
583 534 630 560 τε
655 519 727 560 καί
752 518 1095 570 κωθωνιζόμενα,
1124 517 1229 560 κατὰ
1257 520 1368 571 γένος
1397 519 1513 574 αὐτῷ
1536 533 1639 559 συν-

208 583 450 638 απτόμενα,
482 583 715 639 ὖφηγοῦντο
752 589 837 633 τοῖς
877 582 1192 636 παραβάλλουσι
1218 582 1267 625 τά
1297 583 1375 624 ὑπὸ
1400 585 1477 625 τοῦ
1503 585 1637 625 Βασι-

207 649 353 693 λακίου
381 649 637 701 τελούμενα,
666 644 690 688 δ’
720 665 758 689 τι
782 651 866 689 ταῖν
893 650 1175 701 γενησομένων
1200 647 1538 703 τεκμηριάζουσι,
1565 649 1639 691 καί
1671 677 1677 684 »-

206 714 284 771 τήν
308 713 431 769 σιγήν
458 710 515 762 ὥς
539 715 580 755 τι
608 714 892 768 φθεγγομένην
920 713 993 754 καί
1019 710 1312 766 ὖποὸηλοῦσαν
1342 712 1475 769 σοφόν
1499 712 1637 768 διεσή-

206 795 371 834 μαινον.
423 777 555 821 ἐδόκει
580 774 654 819 ουν
682 776 704 818 ὅ
734 778 836 833 οἷνηρ
872 772 994 826 ουτος
1019 783 1102 827 τοῖς
1130 779 1209 829 μὲν
1246 782 1434 831 πολλοῖς,
1466 779 1524 828 ὥς
1549 776 1681 832 ἔχωΡ.
1691 790 1761 826 288

92 845 94 847 ’
150 861 197 888 ιο
208 844 355 897 ειπαὶν,
384 842 635 899 προφητικός
674 860 744 884 και
775 845 1070 898 προσημαίνων
1106 841 1160 884 τὰ
1206 841 1523 899 συμβησόμενα,
1564 844 1639 886 και

204 907 378 964 μάλισθ’
397 907 572 957 ὁπόσαις
598 910 681 950 τῶν
708 909 914 962 γυναικῶν
943 908 987 949 αἱ
1023 909 1104 949 τῶν
1135 907 1323 950 πεύσεων
1358 924 1530 961 ασεμνοι
1565 925 1635 950 και

205 973 443 1029 ἀσχήμονες
469 975 552 1015 τῶν
577 974 828 1028 ἐσθημάτων
856 972 1130 1026 ἐγκομβώσεις
1154 988 1211 1021 ως
1236 973 1382 1014 παιδιά
1410 989 1472 1022 τις
1496 989 1636 1030 περιε-

204 1037 442 1082 σπούδαστο
469 1040 616 1093 γέλωτι
646 1036 874 1091 σύμμικτος
890 1071 903 1091 ,
932 1043 1016 1087 τοῖς
1052 1039 1092 1079 δ’
1118 1038 1161 1086 ἐς
1187 1040 1286 1080 νοῦν
1313 1036 1519 1091 βάπτουσι
1558 1053 1634 1080 πε.

205 1104 372 1159 ριέργόν
409 1120 450 1145 τι
485 1103 558 1145 καί
585 1102 860 1157 γελωτοποιὸν
906 1102 979 1145 καὶ
1019 1104 1202 1157 ληρῶδες
1241 1102 1451 1159 γερόντιον
1491 1100 1630 1158 ἧγητο.

147 1171 195 1212 15
206 1170 288 1212 εἰσί
315 1171 352 1211 δ’
382 1168 424 1210 οἳ
445 1168 518 1210 καί
540 1167 749 1220 πνεύματι
779 1165 989 1216 Πύθωνος
1016 1165 1192 1220 κάτοχον
1218 1165 1432 1222 εὐστόχως
1466 1167 1628 1223 εἴρηκα-

204 1249 297 1286 σιν,
326 1229 388 1282 οἷς
415 1234 570 1286 ἐθέμην
596 1230 777 1285 μάλιστα
805 1235 879 1274 καί
904 1230 1039 1281 αύτός.
1092 1233 1181 1274 τότε
1208 1234 1306 1286 γοῦν
1332 1233 1540 1275 ἑπιστάντι
1575 1236 1635 1290 τῷ

204 1297 474 1353 αὐτοκράτορι
501 1293 594 1339 οὔτε
623 1299 850 1351 προσέσχεν
879 1295 987 1346 ὅλως
1016 1297 1072 1346 ὥς
1112 1299 1443 1355 περιβεβλημένῳ
1481 1299 1634 1340 τοσαύ-

202 1380 279 1418 την
305 1365 377 1405 nat*
407 1360 604 1416 τοιαύτην
625 1361 768 1415 ἰσχύν,
799 1357 894 1404 οὕτε
925 1362 1030 1416 πρὸς
1070 1360 1145 1416 τήν
1190 1363 1327 1404 αὐτοῦ·
1356 1363 1634 1417 προσηγορίαν

205 1429 252 1484 (ἢ
278 1431 324 1471 δὲ
351 1424 404 1483 ἦν
430 1429 620 1481 ,,χαι’ροις
654 1423 687 1468 ὦ
717 1426 848 1481 πάτερ
868 1424 1143 1483 Βασιλάκιε”)
1172 1426 1246 1482 τὴν
1271 1427 1493 1482 ἀπόκρισιν
1511 1426 1630 1471 ἔθετο

141 1489 233 1548 2οῆ
267 1496 367 1547 γοῦν
409 1490 697 1546 ιίντησπάσατο
736 1492 872 1548 σιωπῇ
914 1492 1171 1540 κατανεύσας
1206 1493 1259 1548 τῇ
1300 1494 1462 1548 κεφαλῇ
1481 1526 1492 1545 ,
1540 1493 1665 1534 ἀλλ’13

205 1553 287 1600 ὦδε
316 1559 477 1599 κιῖκεῖσε
505 1555 611 1608 μετιὲ
639 1558 829 1597 πωλικῶν
861 1555 1089 1612 φερόμενος
1116 1556 1404 1611 σκιρτημάτων
1445 1560 1517 1598 καί
1551 1575 1629 1598 πα-

204 1621 406 1678 ραφόρων
432 1621 740 1675 μετακινήσεων
767 1622 999 1674 ἑκακολόγει
1029 1621 1126 1671 τούς
1153 1621 1418 1676 προσιόντας,
1451 1622 1523 1663 καί
1545 1622 1630 1673 μα’-

206 1693 327 1732 λιστα
368 1686 438 1729 τὸν
469 1689 819 1739 Μεσοποταμίτην
849 1689 1187 1739 Κωνσταντΐνον,
1227 1685 1273 1734 ὃς
1319 1683 1371 1740 ἧν
1413 1689 1501 1730 τότε
1539 1690 1632 1729 λίαν

299 1819 331 1860 4.
367 1813 595 1870 γυναικάρια
635 1811 789 1858 reatum
826 1814 859 1844 Β
998 1815 1030 1848 6
1063 1812 1105 1847 τά
1142 1806 1234 1860 ond]
1273 1813 1336 1851 τὰς
1368 1815 1634 1860 μετακινήσεις

296 1863 360 1895 καὶ
394 1860 613 1906 μεταβάσεις
656 1863 729 1894 των
771 1859 898 1894 ποδῶν
933 1858 1051 1892 αὐτοῦ
1084 1860 1117 1893 Β.
1263 1872 1310 1895 ιο.
1346 1861 1631 1917 προσημαίνων]

295 1918 546 1988 ἴέῑοιέἕιτεέἓιν
572 1908 609 1939 Α.
710 1906 760 1949 14.
784 1905 908 1952 ἦγητο]
936 1906 1026 1939 ωετο
1050 1907 1090 1943 A.
1186 1918 1239 1941 22.
1259 1909 1320 1969 και·
1346 1908 1439 1952 μα’λ.
1463 1927 1498 1935 —
1527 1911 1634 1952 βασι-

205 2066 382 2101 aientium
406 2064 564 2098 mammis
589 2063 780 2108 exploratis
807 2068 843 2096 et
876 2062 957 2096 talis
991 2064 1220 2097 contrectatis
1260 2062 1410 2097 obscura
1443 2065 1632 2110 promebat

205 2112 374 2152 oracula,
400 2117 437 2145 et
460 2111 506 2144 ad
531 2111 720 2155 plerasque
746 2110 973 2155 quaestiones
998 2109 1091 2142 nihil
1119 2110 1379 2155 respondebat,
1405 2116 1441 2143 et
1468 2123 1548 2145 suas
1574 2112 1631 2144 di-

204 2159 406 2192 vinationes
430 2156 748 2191 discursationibus
774 2161 810 2189 et
833 2156 966 2188 insanis
992 2156 1151 2199 gestibus
1174 2157 1379 2201 peragebat.
1405 2158 1572 2191 astabant
1595 2159 1629 2191 ei

205 2214 350 2250 quoque
375 2209 543 2248 cognatae
568 2204 752 2243 aniculae,
787 2202 955 2235 vecordes
979 2208 1016 2235 et
1043 2203 1209 2243 insanae,
1236 2214 1328 2248 quae
1365 2204 1630 2239 consultoribus

205 2251 435 2296 explicabant
458 2250 546 2296 quid
565 2250 620 2282 illi
643 2249 806 2282 Basilacii
831 2254 948 2292 gestus
973 2259 1088 2282 rerum
1114 2250 1310 2282 futurarum
1336 2249 1574 2305 designarent
1594 2257 1631 2285 et

205 2298 484 2337 taciturnitatem
508 2302 549 2329 ut
571 2296 766 2340 sapientem
794 2295 992 2328 orationem
1016 2295 1354 2340 interpretabantur.
1380 2297 1410 2329 is
1435 2297 1544 2341 igitur
1565 2297 1632 2330 ho-

205 2353 278 2384 mo,
294 2349 335 2377 ut
360 2344 446 2384 dixi,
470 2349 567 2375 vates
590 2343 695 2386 vulgo
719 2341 918 2374 habebatur
943 2347 979 2374 et
1006 2342 1126 2375 futura
1150 2342 1356 2386 praedicere
1380 2343 1584 2387 putabatur,
1611 2355 1630 2375 a

206 2369 424 2422 mulierculis
449 2389 674 2433 praesertim,
701 2388 831 2434 quibus
864 2393 986 2432 turpes
1020 2389 1246 2432 quaestiones
1278 2394 1315 2421 et
1354 2388 1530 2423 deformes
1567 2401 1630 2422 ve-

207 2435 316 2468 stium
339 2436 572 2480 implexiones
597 2446 661 2480 pro
689 2435 776 2467 ludo
801 2439 838 2467 et
859 2435 937 2467 ioco
965 2435 1065 2467 cordi
1096 2440 1205 2468 erant.
1229 2435 1383 2468 cordatis
1406 2446 1490 2469 vero
1515 2435 1632 2468 homi-

206 2480 313 2513 nibus
339 2483 478 2526 ineptus
506 2481 632 2514 histrio
667 2486 704 2514 et
731 2491 851 2514 vecors
882 2481 1102 2513 silicernium
1143 2481 1343 2514 videbatur.
1378 2488 1477 2515 erant
1522 2483 1631 2514 etiam

208 2527 272 2571 qui
298 2537 378 2559 eum
402 2527 593 2571 Pythonico
618 2528 742 2572 spiritu
763 2538 838 2560 esse
857 2526 1057 2571 praeditum
1082 2527 1180 2560 haud
1200 2527 1354 2561 absurde
1377 2529 1630 2568 coniectarent;

207 2583 358 2617 quorum
386 2584 448 2616 ego
472 2574 614 2606 iudiciis
641 2574 792 2607 maxime
826 2574 1009 2607 assentior.
1038 2574 1288 2618 imperatorem
1322 2585 1440 2619 neque
1465 2579 1506 2606 ut
1532 2578 1631 2606 tanta

206 2619 368 2663 potentia
393 2619 591 2662 praeditum
617 2621 773 2663 excepit3
802 2631 920 2664 neque
945 2620 1154 2652 salutationi
1181 2621 1256 2653 eius
1281 2631 1372 2664 quae
1406 2625 1483 2652 erat
1510 2619 1629 2659 „salve

206 2669 309 2708 pater
335 2665 524 2703 Basilaci,”
551 2666 756 2710 respondit3
793 2677 910 2710 neque
935 2667 1046 2699 tacito
1079 2672 1168 2699 nutu
1203 2666 1330 2710 capitis
1369 2666 1497 2709 gratias
1537 2664 1626 2708 egit:

207 2710 272 2744 sed
299 2710 368 2744 huc
392 2715 500 2756 atque
535 2711 621 2744 illuc
647 2712 758 2746 instar
781 2712 874 2756 pulli
908 2713 1032 2757 equini
1068 2718 1129 2746 aut
1151 2712 1306 2746 hominis
1333 2711 1459 2746 furiosi
1495 2711 1627 2746 saltans
