1878 3230
287 162 323 228 4
336 181 353 216 ι
367 183 396 216 2
734 176 959 218 nieman
1011 176 1318 218 monim-An

286 278 544 330 Ἀνδρονίκου
575 274 874 327 παραθήσομαι
906 274 1046 323 λέξεις.
1103 274 1175 314 καί
1200 274 1269 328 ἐφ’
1290 268 1368 329 ὅτῳ
1394 274 1469 325 μὲν
1496 273 1701 329 Ἀνδρόνι-

129 387 132 390 ,
250 349 357 389 Βκος
381 339 534 381 οὑτωσί
558 335 765 378 συνετίθει
792 335 842 378 τὰ
868 333 1105 392 γραμμάτια
1121 369 1133 390 ,
1167 333 1292 389 μόνος
1332 335 1353 377 ὃ
1391 337 1576 386 ἐκδιδοὺς
1611 341 1701 381 ε’πι-

160 416 199 448 V.
216 416 275 451 168
287 404 488 456 στάμενος
514 396 564 456 ἦν
587 400 862 455 Ἀνδρόνικος·
919 402 1062 449 αυ’τοΐς
1089 402 1136 442 δὲ
1162 407 1246 450 τοῖς
1281 400 1594 456 φιλοσκώμμοσι
1627 418 1702 444 πο-

287 471 416 515 λίταις
447 464 516 508 διὰ
545 467 719 520 γέλωτος
748 460 866 520 ἤγετο
896 465 947 508 τοὶ
968 463 1232 522 γραφόμενα,
1269 466 1537 522 οἷντιφέρουσι
1569 469 1703 509 ταῦτα

284 534 357 573 καί
381 530 676 584 ἀναβάλλουσι
704 529 807 585 πρὸς
834 528 989 585 αἰσχρά
1018 547 1112 572 τινα
1139 531 1318 585 δημόσια
1346 530 1539 586 ῥήματα,
1581 529 1611 572 ἃ
1645 530 1741 586 μῆ5

283 598 508 651 προφέρειν
539 593 688 651 χρεών.
753 597 826 638 ε’πί
865 597 910 637 δὲ
946 594 1106 644 τούτοις
1145 594 1217 645 τὰς
1239 594 1474 649 Ῥωμαϊκὰς
1510 595 1707 648 δυνάμεις

283 660 597 714 συνηθροικιός,
627 656 723 702 ὅσαι
748 675 793 702 τε
821 658 923 717 ἑῷαι
952 662 1024 702 καί
1061 656 1156 702 ὅσαι
1190 659 1406 716 ἑσπέριαι,
1439 662 1511 703 καί
1549 657 1707 710 ταύτας

284 727 329 774 ές
356 724 544 778 τάγματα
570 723 740 777 διελών,
763 724 808 767 τὸ
837 728 916 778 μὲν
941 727 999 781 τῷ
1022 729 1194 778 βασιλεῖ’
1214 728 1286 768 καί
1311 724 1388 782 υἱῷ
1408 725 1577 782 Ἰωάννῃ
1606 725 1708 767 α’πέ.

282 794 378 842 ταξε
396 792 494 844 περί
518 790 595 844 τήν
616 792 829 832 Φιλίππου
859 791 1106 845 διατρίβοντι
1135 792 1352 846 ἐπαρχίαν,
1379 789 1425 832 τὸ
1445 792 1492 832 δὲ
1518 792 1573 848 τῷ
1598 807 1705 846 χαρ-

285 857 489 912 τουλαρίῳ
517 857 787 909 παραδέδωκε
808 855 1004 913 Χούμνῳ,
1030 853 1132 897 ἄλλο
1158 858 1214 912 τῷ
1242 853 1518 914 Παλαιολόγῳ
1532 855 1703 911 Ἀνδρο-
1722 874 1768 901 ιο

246 922 381 978 (ἶνίκῳ
395 953 407 973 ,
436 922 575 973 ἕτερον
605 922 662 976 τῷ
686 922 855 977 ε’κτομία
879 920 1130 978 Νικηφόρῳ,
1159 919 1205 970 ὃς
1233 922 1393 975 τιμήεις
1419 916 1470 976 ἦν
1491 926 1586 976 παρ’
1608 921 1706 964 ’.Αν-

284 987 481 1042 δρονίκῳ,
526 987 582 1041 τῷ
630 987 703 1027 τοῦ
747 987 1124 1040 παρακοιμωμένου
1169 983 1446 1040 κυδρούμενος
1487 986 1704 1039 α’ξιώματι.

281 1049 389 1092 ἄλλα
415 1049 488 1092 καί
510 1049 698 1099 Ἀλέξιον
724 1051 962 1106 ἐκπέπομφε
988 1049 1059 1093 τὸν
1083 1051 1252 1104 Βρανᾶν
1281 1051 1377 1103 μεθ’
1404 1049 1545 1106 ἑτέρου
1580 1066 1705 1106 στρα-

283 1113 499 1167 τεύματος.
553 1114 659 1170 πλὴν
687 1114 708 1157 ὅ
733 1118 811 1168 μὲν
838 1114 927 1164 υἱὸς
954 1117 1205 1170 κυνηγεσίοις
1233 1114 1454 1158 ε’νευπάθει
1488 1113 1594 1157 κατὰ
1631 1113 1707 1169 τὴν

284 1177 644 1232 Φιλιπποόπολιν,
678 1177 758 1222 ὅσα
788 1178 862 1222 καί
904 1182 1048 1222 πυλῶν
1082 1180 1344 1235 Γαδειρίδων
1389 1178 1636 1233 κατάσχεσιν
1674 1174 1703 1235 ἧ
1720 1183 1767 1225 15

281 1246 517 1288 Διονυσίων
546 1246 752 1288 στυλίδων
777 1246 1022 1301 καθαίρεσιν
1057 1244 1128 1300 τήν
1164 1246 1236 1300 τῆς
1265 1245 1567 1298 Θεσσαλονίκης
1602 1260 1704 1300 προ-

280 1307 479 1362 νόμευσιν
506 1308 824 1365 φανταζόμενος·
866 1309 904 1352 οἱ
929 1311 976 1352 δὲ
998 1311 1136 1351 λοιποί
1159 1308 1338 1363 ταυτησί
1360 1311 1705 1363 πολιορκουμένης

281 1375 442 1428 ἐγγίσαι
468 1376 548 1427 μὲν
580 1375 653 1417 καί
679 1376 885 1430 ἐπαρῆξαι
912 1374 1105 1427 οὐδαμῶς
1130 1371 1414 1430 α’πεθάρρουν,
1442 1375 1700 1429 πορρωτάτω

283 1439 330 1481 δὲ
358 1438 627 1494 σκηνούμενοι
653 1441 706 1482 δι’
734 1438 923 1495 ὀπτήρων
957 1439 1030 1481 καὶ
1054 1437 1329 1493 ταχυδρόμων
1355 1435 1603 1480 κλεπτόντων
1629 1437 1706 1492 τήν

281 1506 343 1553 εἰς
362 1503 409 1546 τό
443 1504 718 1559 στρατόπεδον
743 1507 826 1547 τῶν
853 1507 1058 1558 πολεμίων
1092 1499 1235 1559 ἄφιξιν
1267 1502 1320 1546 τὰ
1355 1501 1459 1545 κατὰ
1497 1505 1702 1545 Θεσσαλο-
1714 1523 1767 1550 20

280 1569 396 1623 νίκην
419 1563 526 1623 ἦσαν
563 1569 858 1622 ἑνωτιζόμενοι,
911 1568 1035 1623 μόνος
1078 1570 1115 1610 δ’
1152 1565 1233 1610 α’πό
1262 1567 1420 1610 πάντων
1450 1563 1471 1608 ὅ
1509 1569 1702 1620 Χοῦμνος

237 1642 271 1676 D
286 1632 502 1688 Θεόδωρος
528 1633 682 1688 ὑπέστη
711 1636 930 1689 ἐγγύτερον
958 1636 1202 1689 προσελθεῖν
1227 1632 1281 1682 ὥς
1301 1633 1521 1685 ἐπαμυνῶν
1541 1633 1701 1674 Θεσσα-

279 1701 509 1741 λονικεῦσιν
549 1700 594 1741 ἐν
635 1701 691 1756 τῷ
736 1700 1027 1754 συμπλακῆναι
1070 1703 1156 1747 τοῖς
1193 1695 1425 1753 διειληφόσι
1470 1695 1544 1752 τήν
1586 1695 1702 1739 πόλιν

369 1808 404 1831 2.
431 1797 634 1845 συνετίθει]
681 1799 875 1832 συνέταττε
900 1799 938 1831 A.
1098 1797 1119 1831 ό
1146 1795 1330 1845 ἐκδιδοὺς]
1357 1796 1415 1831 ἐπ.
1438 1795 1461 1831 ὃ
1484 1797 1599 1830 ταῦτα
1621 1796 1699 1830 end.

368 1843 477 1891 ἅνδρ.
500 1845 541 1878 Α.
639 1855 687 1878 ιι.
713 1843 752 1882 ὃς
786 1843 830 1886 ἦν
869 1844 934 1878 ὑπ’
968 1843 1194 1890 ἄνδρονίκου
1221 1846 1259 1878 Α.
1360 1853 1407 1876 12.
1433 1842 1716 1890 κυδρούμενος].

370 1892 542 1982 ἱέῖῑθεΑἱς
565 1891 605 1923 A.
749 1892 799 1926 15.
834 1889 1035 1937 γαδειρίων
1069 1891 1107 1924 A.
1251 1891 1299 1925 18.
1332 1888 1414 1923 οὐδ’
1446 1887 1539 1928 ὅλως
1583 1889 1699 1935 ἐθάρ-

280 2023 399 2065 geret,
423 2024 464 2054 ut
486 2021 563 2065 ipsa
585 2022 693 2054 verba
717 2022 910 2055 Andronici
948 2033 1146 2067 apponam3
1173 2031 1264 2066 quae
1293 2031 1354 2053 cur
1379 2020 1578 2064 usurparit,
1599 2020 1697 2053 solus

277 2072 403 2100 auctor
427 2068 528 2100 novit
550 2068 783 2101 Andronicus.
808 2069 870 2102 sed
894 2069 989 2101 cives
1017 2068 1204 2101 facetiores
1228 2067 1336 2100 verba
1359 2067 1423 2099 illa
1448 2065 1634 2107 ridebant,
1661 2071 1698 2099 et

278 2112 326 2145 ad
348 2113 524 2157 quaedam
551 2114 708 2157 vulgaria
737 2120 773 2148 et
802 2115 978 2147 obscoena
1004 2113 1281 2158 detorquebant,
1310 2123 1402 2158 quae
1426 2112 1570 2144 silentio
1593 2122 1698 2156 prae-

278 2159 452 2192 tereunda
488 2164 581 2192 sunt.
617 2166 699 2204 post
730 2160 819 2193 haec
842 2161 1009 2194 Romanis
1041 2161 1152 2204 copiis
1176 2165 1247 2192 tam
1274 2157 1565 2192 Occidentalibus
1589 2169 1697 2202 quam

278 2205 523 2238 Orientalibus
563 2207 692 2239 coactis
719 2211 756 2239 et
778 2207 816 2240 in
854 2207 1011 2251 legiones
1038 2206 1240 2250 descriptis,
1263 2211 1399 2249 partem
1418 2215 1523 2236 unam
1544 2203 1697 2237 Iohanni

276 2251 354 2284 filio
379 2252 585 2296 imperatori
613 2252 818 2295 designato,
846 2258 921 2286 tum
946 2254 983 2285 in
1010 2253 1204 2296 Philippica
1227 2252 1409 2295 provincia
1436 2250 1599 2293 degenti,
1628 2250 1697 2282 ali-

278 2307 336 2330 am
360 2297 522 2330 Chumno
564 2297 787 2332 Chartulario
802 2324 811 2339 ‚
847 2300 952 2331 aliam
978 2299 1179 2331 Andronico
1205 2298 1435 2341 Palaeologo,
1459 2297 1566 2328 aliam
1590 2296 1697 2329 Nice-

275 2343 389 2388 phoro
413 2343 564 2388 spadoni
587 2343 705 2384 dedit,
731 2346 788 2377 cui
829 2345 1042 2378 accubitoris
1070 2344 1278 2388 dignitatem
1302 2343 1485 2376 tribuerat.
1531 2343 1696 2376 Alexium

277 2400 422 2434 quoque
448 2391 593 2422 Branam
622 2402 699 2423 cum
727 2391 798 2423 alio
824 2392 979 2424 exercitu
1004 2391 1190 2434 ablegavit.
1215 2395 1392 2422 caeterum
1406 2389 1500 2421 filius
1526 2390 1602 2422 eius
1626 2390 1697 2422 cir-

277 2446 319 2468 ca
353 2435 582 2480 Philippolim
611 2437 861 2469 venationibus
895 2437 1038 2469 deditus
1075 2437 1120 2469 de
1145 2436 1284 2469 excidio
1323 2435 1599 2468 Thessalonicae
1621 2446 1695 2468 non

275 2482 387 2526 magis
419 2482 598 2526 cogitabat
627 2494 731 2527 quam
764 2483 807 2515 de
835 2483 988 2517 Gadium
1020 2483 1132 2526 por-tls
1157 2487 1219 2515 aut
1245 2482 1370 2515 Bacchi
1395 2482 1568 2514 columnis
1595 2492 1695 2515 ever-

275 2527 405 2562 tendis.
440 2529 570 2561 caeteri
595 2539 697 2568 vero,
723 2528 805 2561 dum
831 2541 870 2562 ca
895 2528 1140 2569 obsideretur,
1163 2529 1309 2573 propius
1339 2527 1505 2561 accedere
1529 2533 1566 2561 et
1590 2538 1694 2572 opem

276 2575 369 2608 ferre
393 2574 493 2607 nullo
519 2573 624 2607 modo
650 2575 747 2615 ausi,
781 2576 903 2608 castris
937 2576 1040 2617 longe
1067 2575 1111 2606 ab
1137 2574 1225 2606 urbe
1253 2575 1379 2619 positis
1402 2586 1466 2618 per
1492 2574 1694 2618 speculato-

276 2631 332 2654 res
357 2625 393 2654 et
415 2619 600 2665 expeditos
637 2621 775 2664 equites
801 2627 914 2654 castra
939 2621 1094 2654 hostium
1115 2620 1236 2653 furtim
1265 2623 1438 2664 ingressos
1463 2619 1694 2653 Thessaloni-

277 2677 339 2700 cae
363 2671 492 2701 statum
524 2667 767 2712 explorabant.
806 2667 902 2701 solus
926 2668 1083 2700 omnium
1108 2665 1288 2700 Chumnus
1314 2667 1523 2700 Theodorus
1546 2666 1693 2711 propius

276 2713 444 2749 accedero
477 2724 550 2749 non
583 2712 782 2755 dubitavit,
823 2719 863 2748 ut
885 2713 1021 2749 clvibus
1057 2714 1096 2749 in
1121 2713 1236 2750 aciem>
1256 2719 1379 2748 contra
1402 2712 1522 2748 hostes
1547 2711 1691 2757 egressis
