1838 3210
450 193 518 231 DE
560 190 812 233 MANUELE
852 192 1114 234 coMNENo
1156 194 1252 234 Lm.
1278 176 1350 234 iv.
1516 172 1621 246 169

187 304 232 329 το
273 291 560 348 δαψιλεστέρῳ
589 291 844 346 χρησάμενοι
877 295 934 349 τῷ
955 296 1092 350 ποτῷ,
1123 296 1193 335 καί
1218 297 1331 351 κηρῷ
1359 290 1623 347 ἐκμάξασθαι

187 354 342 404 ταύτας
380 358 438 404 εἰς
465 358 510 397 τὸ
542 356 796 410 εὖτόπωτον,
837 357 895 405 ὥς
944 361 1002 416 τῷ
1030 357 1252 417 ἀρχετύπῳ
1281 356 1389 402 εἶναι
1414 358 1460 401 τὸ
1490 360 1620 411 ἐκμα-

185 426 295 473 γεῖον
335 421 440 463 κατὰ
474 427 554 464 πᾶν
581 425 758 477 ἐμφερὲς
779 421 850 464 καί
875 424 1115 476 εἰκασμένον
1141 424 1246 480 πρὸς
1286 423 1468 478 ἴνδαλμα
1513 420 1622 464 ἅπα-

187 484 428 540 ράλλακτον.
483 489 564 545 δρᾷ
604 486 649 530 τὸ
693 485 953 543 ἀνδράποδον
983 488 1032 531 τά
1083 492 1424 544 προσταχθέντα,
1467 488 1624 543 εἰσάγει

151 553 430 611 5Ἀνδρονι3εῳ
458 552 507 596 τα
538 555 620 596 τῶν
643 555 847 609 κλείθρων
875 552 982 609 ἴχνη.
1018 554 1039 597 ὅ
1075 557 1122 597 δὲ
1151 558 1209 614 τῷ
1232 558 1493 614 παιδαρίσκῳ
1522 554 1661 597 ὕπο-Β

183 616 348 672 τίθησιν
391 620 622 675 ἐμφανίσαι
665 622 799 662 ταῦτα
826 622 882 678 τῷ
912 619 991 678 υἱῷ
1018 622 1173 663 ἐκείνου
1203 623 1262 679 τῷ
1293 620 1523 676 Μανουήλ,
1551 622 1627 682 καί

186 684 316 725 εἰπεῖν
343 684 399 734 ὥς
429 686 499 726 δεῖ
519 684 595 740 τὴν
623 687 818 740 ταχίστην
846 689 1017 728 τοιαῦτα
1044 686 1385 740 χαλκεύσασθαι,
1412 683 1462 728 οὖ
1485 688 1624 729 ταῦτα

185 749 230 790 δὲ
257 747 407 803 μόνον,
449 747 556 792 ἀλλὰ
582 752 660 793 κᾶν
688 757 774 800 τοῖς
808 753 1044 807 α’μφορεῦσι
1076 754 1160 794 τῶν
1188 751 1331 805 οἴνων,
1365 752 1480 808 οἵπερ
1508 753 1626 810 αὐτῷ

183 812 230 855 τὸ
261 817 336 856 τοῦ
361 816 532 871 ἀρίστου
560 817 755 871 στέγουσι
783 816 920 871 πόμα,
951 817 1187 873 παραβύειν
1213 819 1258 860 ἐκ
1287 818 1402 860 λίνου
1430 820 1624 873 νενησμέ-

127 893 172 919 ιο
184 895 236 922 να
271 881 457 924 καλώδια
484 881 557 924 καί
581 883 789 936 ιίγαθῖδας
825 882 898 938 καί
924 882 1076 938 κρόκας
1103 886 1176 925 καί
1199 884 1432 939 μηρίνθους
1460 880 1621 932 λεπτάς.

183 944 241 994 ὥς
268 947 304 987 δ’
335 942 421 1000 εἶχε
452 949 583 1002 πέρας
610 946 661 989 ta*
691 950 979 1003 βουληθέντα,
1020 946 1345 991 ἅναπτύσσονται
1371 948 1422 990 τὰ
1450 951 1623 1003 κλεῖθρα

181 1009 353 1064 νυκτός,
382 1011 427 1053 τὸ
459 1011 741 1067 δεσμωτήριον
769 1015 1050 1068 α’πραγμόνως
1079 1011 1433 1056 ἀναπετάννυται·
1472 1012 1493 1054 ὅ
1526 1019 1624 1062 παῖς

180 1073 391 1132 ὑπουργεῖ
428 1077 476 1119 τὸ
517 1076 660 1133 ἔργον,
689 1083 788 1134 παρ’
812 1080 1076 1134 Ἀνδρονίκου
1124 1079 1264 1133 λαβών
1294 1078 1339 1122 τὸ
1371 1080 1590 1132 ἐνδόσιμον
1613 1096 1623 1105 ·

183 1141 205 1182 ὅ
229 1141 491 1197 Ἀνδρόνικος
517 1142 646 1194 ἔξεισι
676 1145 728 1186 τά
759 1144 851 1186 λίνα
884 1147 1026 1201 φέρων
1062 1147 1106 1186 έν
1134 1151 1228 1186 ταῖν
1254 1150 1412 1199 χεροῖν.
1468 1146 1623 1198 γίνεται

124 1204 260 1249 ιόοὗν
287 1208 403 1266 αὐτῷ
435 1209 482 1250 τό
523 1210 762 1266 κατάντημα
811 1213 884 1264 τῆς
904 1208 997 1252 τότε
1025 1209 1173 1259 νυκτὸς
1196 1208 1346 1266 χόρτος
1373 1209 1625 1266 ἀμφιλαφής

181 1275 284 1328 περί
305 1289 386 1316 που
415 1273 466 1317 τοὶ
497 1270 637 1330 ἄβατα
664 1277 771 1331 μέρη
798 1278 881 1318 τῶν
908 1276 1144 1332 ἀνακτόρων
1173 1275 1297 1332 φυείς
1321 1276 1394 1318 καί
1423 1277 1484 1325 εἰς
1511 1273 1626 1328 ὕψος

182 1339 449 1395 ἆναδραμιόν.
505 1342 579 1382 καί
603 1343 704 1396 περὶ
740 1345 941 1396 δευτέραν
985 1343 1032 1383 δὲ
1075 1340 1149 1383 καί
1171 1344 1315 1398 τρίτην
1342 1339 1505 1397 ἡμέραν
1532 1346 1663 1390 wege

181 1402 302 1454 πόαις
325 1407 582 1462 ἐνειλημένος
611 1405 710 1456 τούς
739 1407 912 1457 διοόκτας
938 1404 1177 1449 ἐλάνθανεν.
1232 1407 1290 1457 ὥς
1322 1409 1358 1449 δ’
1390 1405 1483 1456 ἅλις
1508 1403 1624 1461 εἶχον

183 1468 223 1512 οἱ
256 1472 461 1527 διψῶντες
498 1475 573 1527 τῆς
613 1473 721 1515 κατὰ
751 1471 803 1515 τὰ
845 1472 998 1527 ἀρχεῖα
1036 1470 1226 1529 ἐρεύνης,
1266 1472 1507 1528 διατίθησιν
1529 1473 1625 1515 Ἀν-

119 1534 367 1591 αοδρόνικος
407 1537 480 1587 τὰς
521 1538 718 1588 στάλικας
759 1540 818 1587 εἷς
857 1538 1080 1591 κλιμακας,
1123 1540 1197 1580 καί
1234 1537 1305 1580 διὰ
1337 1535 1622 1593 μεσοπυργίου

181 1604 410 1655 χαλασθείς
438 1603 609 1646 ἀκάτιον
635 1603 804 1646 εἴσεισιν
821 1605 866 1645 ἐκ
884 1602 1150 1659 συνθήματος
1167 1602 1265 1659 περὶ
1289 1602 1364 1652 τὰς
1382 1599 1519 1651 ὀἷκτὰς
1547 1618 1624 1643 σα-

182 1669 303 1709 λεῦον
332 1669 403 1710 καί
429 1667 526 1718 τούς
555 1672 809 1724 προβλῆτας,
842 1671 885 1712 οἳ
908 1668 955 1710 τὸ
988 1668 1175 1724 πάραλον
1203 1674 1340 1722 τεῖχος
1366 1670 1437 1723 τῆς
1465 1664 1624 1716 πόλεως

184 1734 436 1789 διειλήφασι,
466 1733 542 1783 τὰς
569 1738 653 1776 τῶν
680 1733 879 1787 κυμάτων
907 1733 1219 1789 ἄποθραύοντες
1242 1731 1438 1787 ἐμβολάς.
1495 1727 1548 1786 ἦν
1577 1733 1624 1773 δὲ

181 1800 404 1854 τοόπίκλην
421 1800 804 1854 Χρυσοχοόπουλος
842 1799 864 1841 ὅ
893 1803 946 1856 τῇ
985 1800 1130 1841 ἇλιάδι
1154 1796 1411 1854 Ἀνδρόνικον
1437 1796 1624 1846 εἰσδεξά-

119 1859 315 1915 25μενος.
382 1866 472 1906 ἀλλ’
512 1862 628 1906 οὔπω
675 1867 858 1920 ἀκριβῶς
891 1865 1122 1917 ἀνάγεσθαι
1167 1859 1369 1920 ἤρξαντο,
1407 1862 1481 1904 καί
1505 1862 1624 1904 συνέ-

180 1945 328 1982 χονται
357 1929 472 1986 παρὰ
499 1934 580 1974 τῶν
608 1930 713 1973 κατὰ
738 1930 809 1974 τὸν
829 1933 1115 1976 Βουκολέοντα
1138 1926 1440 1987 προφυλάκων,
1469 1928 1514 1970 οἳ
1538 1930 1624 1971 πᾶ·-

278 2059 327 2080 ιο.
354 2046 538 2095 καλώδια]
577 2047 810 2095 σφηκώματα
849 2050 889 2081 Α.
988 2059 1039 2080 ιι.
1063 2045 1316 2093 βουλευόμενα
1341 2045 1381 2078 Α.
1502 2045 1553 2078 15.
1577 2036 1620 2077 τό

275 2104 332 2125 om
355 2094 395 2127 A.
526 2105 582 2128 αι.
608 2095 779 2142 ἀκάτιον]
808 2094 1012 2128 σανδάλιον
1030 2096 1070 2128 Α.
1210 2095 1265 2139 24.
1290 2088 1561 2138 χρυσοόπωλος
1584 2090 1621 2123 Β.

274 2142 328 2174 25.
353 2142 417 2174 καὶ
442 2143 667 2187 συνέχονται
693 2162 737 2169 --
768 2142 925 2188 ἤρξαντο
953 2140 1024 2174 add
1046 2142 1085 2174 A.

183 2252 343 2286 servulus
366 2253 462 2286 iussa
487 2254 695 2299 exequitur,
721 2254 875 2287 clavium
901 2251 1103 2296 exemplum
1119 2250 1314 2283 Andronici
1339 2250 1437 2284 iussu
1460 2248 1623 2283 Manueli

179 2299 259 2332 filio
288 2290 365 2332 eius
393 2300 572 2342 ostendit,
595 2307 637 2333 ut
663 2311 770 2344 quam
797 2300 950 2344 primum
979 2299 1069 2332 tales
1086 2298 1323 2330 fabricaretur
1348 2303 1385 2330 et
1407 2298 1446 2329 in
1473 2296 1624 2342 ampho-

183 2356 236 2378 ras
253 2371 261 2385 ,
291 2346 422 2390 quibus
448 2353 554 2390 potus
575 2347 620 2379 ad
646 2347 837 2391 prandium
854 2347 1018 2386 ferretur,
1041 2345 1157 2378 lineos
1185 2344 1288 2376 funes
1303 2369 1312 2385 ,
1337 2344 1474 2387 glomos
1501 2349 1538 2376 et
1559 2343 1621 2376 fila

181 2391 306 2424 tenuia
344 2393 548 2426 coniiceret.
583 2404 625 2426 eo
657 2394 809 2426 consilio
860 2393 906 2425 ad
944 2393 1080 2425 exitum
1116 2389 1289 2436 perducto
1323 2391 1479 2423 claustra
1512 2394 1622 2422 noctu

182 2438 414 2482 aperiuntur,
445 2451 564 2472 carcer
592 2440 678 2472 citra
705 2440 866 2473 laborem
890 2445 1013 2484 patet,
1040 2438 1264 2471 Andronicus
1287 2437 1391 2482 pueri
1417 2436 1622 2470 ministerio

183 2484 322 2525 evadit,
351 2486 530 2519 funiculos
555 2486 720 2520 manibus
757 2492 908 2531 gestans.
935 2497 975 2518 ea
1003 2491 1110 2518 nocte
1133 2485 1171 2517 in
1199 2483 1310 2516 denso
1335 2489 1372 2517 et
1394 2484 1469 2516 alto
1493 2482 1622 2527 palatii

182 2531 363 2573 gramine,
390 2543 462 2577 quo
486 2544 591 2566 nemo
620 2533 720 2566 adire
744 2533 896 2573 solebat,
921 2533 959 2565 in
985 2531 1080 2564 diem
1105 2542 1220 2576 usque
1246 2531 1394 2564 tertium
1418 2529 1621 2563 delitescit:

182 2576 460 2620 inquisitoribus
500 2579 661 2625 deceptis
697 2585 734 2613 et
764 2581 836 2612 iam
875 2579 1100 2622 defatigatis»,
1139 2578 1288 2610 funibus
1314 2588 1379 2621 pro
1407 2576 1512 2609 scalis
1535 2586 1621 2607 usus

182 2632 246 2665 per
266 2625 408 2657 moenia
431 2636 468 2658 se
493 2625 671 2667 demittit,
696 2627 898 2659 naviculam
924 2625 1144 2665 conscendit,
1170 2635 1263 2669 quae
1288 2634 1331 2656 ex
1357 2622 1554 2667 composito
1581 2620 1621 2654 in

183 2668 306 2700 littore
331 2670 424 2703 inter
446 2673 648 2717 crepidines
673 2674 852 2706 maritimo
873 2673 971 2705 urbis
989 2683 1090 2704 muro
1110 2671 1155 2704 ad
1182 2669 1418 2715 frangendum
1443 2666 1620 2700 undarum

183 2715 356 2758 impetum
380 2717 587 2753 interiectas
611 2719 827 2753 fluctuabat:
851 2725 996 2760 nautae,
1023 2730 1043 2750 a
1069 2728 1141 2763 quo
1164 2717 1383 2756 vehebatur,
1408 2713 1619 2758 chrysopoli

185 2767 457 2804 cognomentum
483 2771 568 2799 erat.
596 2765 658 2798 sed
683 2778 762 2800 cum
792 2766 849 2801 vix
877 2777 919 2798 ex
961 2776 1001 2798 eo
1028 2765 1107 2797 loco
1140 2764 1329 2798 solvissent
1352 2761 1416 2795 ubi
1440 2759 1618 2796 Iohannes
