1838 3210
447 202 518 242 DE
553 198 806 243 MANUELE
846 199 1107 246 commo
1145 201 1246 243 Lm.
1274 201 1349 240 111.
1514 177 1619 235 153

184 300 330 354 ἔθνος,
363 299 386 342 ὃ
413 299 462 343 τὸ
491 298 598 356 ὑπὲρ
636 302 720 343 πᾶν
746 293 878 352 ὄνομα
921 300 968 343 τό
997 299 1073 343 σὸν
1095 298 1354 356 ἐπικέκληται
1381 295 1499 354 ἅγιον
1532 293 1623 341 ὅνο·

184 384 246 420 μα
263 399 275 421 ,
303 369 427 409 τοῦτο
455 369 502 408 δὲ
531 369 706 422 χρονίαν
731 363 964 420 ὗπηρεσιάν
990 365 1212 420 ὑπομενεῖ,
1243 368 1317 409 καί
1339 363 1439 415 τούς
1466 361 1620 407 ὀνειδι-

186 432 322 485 σμούς
363 430 530 475 ὖποίσει
571 430 646 474 καὶ
673 429 772 480 τούς
798 430 1101 484 κονδυλισμοῦς
1127 434 1212 474 τῶν
1241 432 1494 488 ἕπιτρίπτων
1518 428 1618 472 τού-

185 514 270 540 των
297 500 559 552 α’λλογενῶνς
589 498 812 539 εἷσελθὲτω
842 494 1019 539 ἐνώπιόν
1049 511 1125 539 σου
1155 498 1238 552 ὀψέ
1264 512 1379 550 ποτε,
1406 494 1620 554 φιλάγαθε

150 564 175 604 5
188 565 381 615 δέσποτα,
396 564 479 605 τῶν
493 565 539 605 ἐν
553 563 700 611 πέδαις
715 560 743 616 ἦ
760 561 929 616 συνοχή.
947 562 1139 616 βοησάτω
1158 560 1265 617 πρὸς
1284 564 1332 604 σὲ
1348 564 1423 604 καί
1448 563 1526 605 νῦν
1551 558 1622 603 τὸν

187 630 398 684 φίλοικτον
417 626 462 670 τό
482 626 727 682 ἐκχεόμενον
745 621 850 680 αἷμα
865 627 949 668 τῶν
963 627 1049 668 σῶν
1066 628 1247 681 οἰκετῶν,
1269 626 1327 678 ὥς
1343 625 1388 670 τὸ
1403 628 1481 669 τοῦ
1491 622 1623 681 ’Ἀβελ

184 692 406 748 πρότερον.
476 695 680 746 ἐπιλαβοῦ
714 689 844 734 ὅπλου
882 692 956 733 καί
983 694 1170 747 θυρεοῦ,
1203 692 1278 735 καὶ
1314 687 1526 747 οἷνάστηθι
1564 693 1624 741 εἷς

184 758 261 814 την
301 756 504 814 βοήθειαν
544 757 683 812 ἡμῶν,
712 759 786 799 καί
817 755 1081 812 κραταιώσας
1109 756 1157 800 ὃν
1184 757 1308 807 αὐτὸς
1334 758 1524 814 αῖρετίσῃ
1551 752 1625 799 ἅν-

185 825 266 879 δρα
293 825 366 867 καί
408 826 478 880 ἐφ’
508 821 556 866 ὃν
584 821 870 879 ετῖδοκήσειας.
932 819 1090 872 ἀπόδος
1114 828 1202 873 τοῖς
1226 827 1420 879 πονηροῖς
1445 824 1625 877 γείτοσιν

127 886 301 945 ιοῆμῶν
326 890 386 939 εἰς
436 889 484 932 τὸ
513 886 796 932 ἑπταπλάσιον
819 885 900 932 ὅσα
931 888 1261 946 ἐπονηρεύσαντο
1286 887 1389 932 κατά
1421 890 1495 943 τῆς
1524 891 1623 943 κλη-
1635 899 1670 934 P.
1685 912 1729 947 77

185 959 380 1011 ρονομιάς
406 971 516 999 σου·
591 957 663 998 καί
698 954 840 1004 πόλεις
875 956 950 997 καί
970 953 1117 1011 χώρας
1155 953 1428 1004 ἕπανασώσας
1452 955 1554 1009 ἧμῖν
1581 956 1626 996 ἐν

185 1021 360 1079 ἀνδρείᾳ
376 1055 388 1073 ,
428 1021 480 1071 ἃς
512 1022 733 1079 ὑφείλοντο
774 1019 814 1063 οἱ
843 1021 1101 1077 ἀλλόφυλοι,
1139 1017 1238 1077 ὅρια
1266 1018 1440 1076 στήσαις
1465 1026 1553 1068 τοῖς
1580 1020 1627 1061 ἐκ

183 1088 260 1128 τοῦ
288 1089 366 1128 σοῦ
401 1087 672 1140 καλουμένοις
714 1086 919 1140 ὅνόματος
959 1086 1200 1140 α’νίσχοντος
1226 1084 1347 1141 ἡλίου
1376 1087 1452 1127 καί
1477 1085 1628 1138 δυομέ-

185 1166 258 1193 νου
288 1153 455 1206 πριότας
477 1151 551 1195 καί
574 1153 753 1202 ὑπάτας
779 1151 925 1206 αὐγάς.

128 1220 175 1260 ι5
290 1217 421 1261 Ἀλλὰ
470 1219 599 1261 ταῦτα
635 1220 714 1271 μὲν
742 1216 843 1266 ἴσως
887 1218 963 1259 οὐκ
987 1218 1171 1273 α’καίρως
1208 1217 1309 1259 οὐδὲ
1334 1215 1468 1271 μάτην
1494 1218 1627 1268 ἐξετυ-

186 1281 414 1337 ξεύσαμεν,
456 1286 544 1342 θεῷ
571 1299 612 1325 τι-
648 1282 795 1338 μικρὸν
836 1282 1219 1338 προσλαλῆσαντες,
1260 1283 1333 1324 καί
1377 1279 1628 1330 κενώσαντες

184 1351 260 1403 τῆς
285 1347 418 1404 λύπης
450 1347 593 1404 βραχὺ
636 1350 682 1400 ἐξ
724 1346 987 1404 ὑπεράντλου
1026 1345 1156 1405 ταύτῃ
1195 1349 1364 1402 ψυχῆς·
1423 1346 1463 1388 οἱ
1491 1348 1527 1389 δ’
1555 1342 1631 1389 οὖν

182 1416 260 1456 τοῦ
279 1413 468 1457 Μασούτ
494 1416 619 1471 τριχῇ
635 1412 864 1468 δασάμενοι
888 1411 940 1455 τὰ
970 1411 1245 1470 κεφαλαιώδη
1271 1415 1344 1469 τῆς
1372 1412 1508 1468 ἀρχῆς
1539 1411 1629 1468 ὅρι’-

186 1495 349 1534 σματα,
379 1475 407 1535 ἢ
435 1479 481 1522 τὸ
510 1482 698 1536 νητρεκές
724 1481 856 1522 εἰπεῖν
882 1477 935 1522 τά
965 1480 1051 1522 τῶν
1069 1478 1291 1532 Ῥωμαίων
1321 1479 1629 1533 σχοινίσματα,

72 1586 74 1588 ,
124 1561 175 1587 20
187 1547 332 1596 παῖδες
361 1546 475 1601 παρά
506 1544 664 1602 πατρὸς
679 1547 724 1595 ἐς
740 1543 895 1595 αὕτοὺς
923 1542 1161 1598 καταβάντα
1190 1542 1511 1597 διαδεξάμενοι,
1541 1543 1630 1585 ὄλί-

185 1627 239 1665 γα
270 1613 348 1664 μὲν
375 1611 516 1668 εἰρήνῃ
547 1611 622 1653 καί
648 1616 732 1661 τοῖς
749 1612 823 1666 τῆς
851 1611 1091 1666 συγγενείας
1114 1613 1289 1663 θεσμοῖς
1317 1611 1542 1662 ἐπέθυσαν,
1575 1607 1629 1651 τὰ

188 1676 235 1718 δὲ
259 1680 434 1718 πλεῖστα
464 1678 524 1726 εἰς
550 1675 760 1733 διαφορὰς
787 1676 941 1724 οἰκείας
971 1675 1142 1718 οἷπεΐδον
1172 1676 1247 1717 καί
1275 1676 1511 1730 προσέσχον
1537 1680 1631 1722 ταῖς

189 1739 474 1784 διαστάσεσιν.
542 1742 692 1783 αὐτίκα
736 1740 817 1797 γάρ
860 1739 883 1781 ὅ
913 1741 992 1782 τοῦ
1025 1737 1196 1783 Ἰκονίου
1236 1737 1414 1782 σουλτάν
1456 1741 1515 1796 τῷ
1555 1741 1669 1794 τῆςΒ

190 1806 497 1855 Καππαδοκίας
535 1804 728 1864 τοπάρχῃ
769 1803 916 1848 σκαιόν
941 1822 981 1847 τι
1023 1805 1097 1847 καί
1126 1801 1272 1860 ἄγριον
1300 1804 1630 1861 ἐπωφθάλμισε,

124 1871 175 1912 25
189 1871 261 1913 καί
305 1867 422 1921 οὗτος
470 1868 529 1913 αὖ
573 1862 714 1929 ἐκείνῳ
754 1872 923 1926 βλέμμα
960 1869 1154 1927 ὄλὲθριον
1179 1869 1346 1926 ἔρριψε.
1405 1872 1478 1913 καί
1502 1865 1553 1925 ἦν
1578 1870 1630 1914 τά

284 1978 339 2022 ²4·
366 1976 647 2024 ἐπωφθάλμησε
671 1978 711 2011 Α.

190 2073 320 2105 simum
348 2083 479 2105 nomen
504 2078 607 2105 tuum
647 2074 812 2113 invocat,
839 2072 994 2117 perdent
1019 2077 1056 2106 et
1080 2072 1264 2114 occident,
1290 2072 1498 2105 diuturnam
1522 2074 1635 2106 servi-

189 2124 303 2152 tutem
329 2124 366 2152 et
408 2119 604 2163 opprobria
630 2124 666 2152 et
693 2119 816 2163 alapas
850 2119 1076 2164 perditorum
1112 2119 1346 2152 barbarorum
1370 2119 1635 2153 sustinentem?

188 2167 335 2199 Intuere
369 2165 533 2207 taudem,
571 2166 852 2199 clementissime
890 2165 1058 2207 domine,
1082 2166 1306 2211 captivorum
1329 2176 1528 2199 aerumnas.
1551 2177 1653 2199 san--

189 2213 267 2256 guis
292 2212 508 2245 famulorum
534 2217 679 2246 tuorum
703 2223 801 2245 nunc
823 2223 983 2257 quoque,
1010 2218 1053 2246 ut
1080 2213 1167 2246 olim
1193 2212 1338 2254 Abelis,
1363 2218 1400 2245 te
1428 2209 1632 2246 misericor-

190 2258 272 2291 dem
309 2258 495 2291 dominum
518 2259 699 2292 inclamet.
733 2260 852 2303 arripe
883 2270 980 2292 arma
1012 2264 1049 2293 et
1082 2265 1241 2300 scutum,
1285 2269 1414 2303 exurge
1454 2258 1502 2292 ad
1526 2270 1631 2305 opem

189 2305 295 2338 nobis
332 2305 538 2349 serendam;
578 2306 864 2350 confirmatoque
887 2306 965 2339 viro
1004 2305 1068 2350 qui
1091 2306 1160 2339 tibi
1183 2306 1361 2352 placuerit
1383 2305 1632 2352 probatusque

189 2352 320 2393 suerit,
343 2352 517 2396 improbis
543 2353 672 2386 vicinis
701 2353 833 2385 nostris
849 2352 1016 2397 septupla
1041 2351 1184 2386 reddito
1210 2364 1303 2398 quae
1327 2353 1366 2385 in
1391 2351 1633 2386 hereditatem

189 2403 290 2431 tuam
315 2399 592 2440 commiserunt,
616 2404 654 2432 et
688 2398 883 2443 provinciis
911 2404 1020 2444 atque
1043 2398 1196 2432 urbibus
1221 2399 1366 2433 fortiter
1393 2400 1632 2444 recuperatis,

191 2456 280 2489 quas
302 2445 449 2478 barbari
489 2446 758 2490 surripuerunt,
786 2445 963 2478 orientem
990 2451 1028 2479 et
1051 2446 1276 2479 occidentem
1302 2446 1415 2480 solem
1439 2456 1564 2480 eorum
1588 2447 1634 2478 li-

190 2491 296 2525 mites
321 2491 472 2525 statuito
497 2493 561 2536 qui
589 2503 609 2525 a
635 2498 672 2525 te
703 2498 978 2536 cognomentum
1005 2498 1233 2539 acceperunt.

283 2538 380 2571 Haec
404 2538 556 2572 fortasse
571 2549 646 2572 non
660 2538 724 2571 abs
745 2550 784 2571 re
806 2549 927 2583 neque
945 2545 1082 2572 temere
1111 2539 1320 2580 effudimus,
1346 2543 1426 2572 cuin
1453 2539 1522 2572 deo
1545 2551 1635 2584 pau-

194 2584 305 2628 lisper
338 2585 530 2624 collocuti,
566 2590 603 2619 et
625 2596 788 2618 moerore
811 2596 1021 2630 oppressum
1046 2586 1204 2619 animum
1229 2586 1398 2620 nonnihil
1427 2586 1634 2619 levavimus.

191 2630 327 2663 Masuti
359 2637 479 2664 autem
513 2631 622 2664 liberi
644 2633 859 2677 praecipuos
897 2633 996 2677 regni
1021 2634 1165 2677 paterni
1185 2644 1226 2667 ac
1249 2634 1371 2679 potius
1396 2634 1637 2665 Romanorum

195 2677 284 2709 fines
310 2677 484 2710 trifariam
522 2679 649 2723 partiti
672 2690 798 2724 pacem
824 2684 860 2712 et
896 2680 1120 2724 cognationis
1144 2680 1223 2713 iura
1249 2691 1375 2724 parum
1400 2683 1635 2718 curaverunt,

196 2722 243 2754 ad
266 2723 364 2756 bella
389 2724 562 2757 intestina
585 2726 765 2770 propensi.
793 2737 877 2759 nam
901 2726 1015 2758 Iconii
1040 2726 1212 2760 Sultanus
1238 2726 1489 2771 Cappadociae
1515 2730 1636 2769 topar-

197 2768 306 2809 chae,
332 2774 370 2804 et
392 2769 459 2804 {xic
483 2771 539 2804 illi
556 2771 733 2813 vicissim,
770 2772 902 2807 infesto
928 2773 1046 2807 animo
1090 2779 1143 2807 est
1168 2772 1380 2814 insidiatus,
1411 2771 1525 2806 donec
1552 2771 1636 2804 odia
