1878 3230
466 170 537 210 nr,
577 166 898 211 ANnRomco
939 166 1198 211 commo
1237 168 1334 209 mn.
1375 170 1411 208 1.
1541 147 1657 222 409
1712 144 1716 149 “

229 271 480 325 μετρηθείς,
508 268 579 310 καὶ
606 269 666 317 εἰς
697 266 744 310 ὃν
770 261 902 322 ὤρυξε
932 267 1112 321 βόθυνον
1146 269 1203 325 τῷ
1241 270 1416 323 πλησίον
1442 266 1698 320 πολλάκις,8

230 334 306 378 ἐπὶ
331 337 476 377 τοῦτον
502 334 579 389 (ὥς
607 335 712 376 αἰνῶ
741 349 817 386 σε,
855 334 967 388 δίκη)
994 337 1222 388 χαριέντως
1254 333 1552 387 ἐμπεπτωκιός,
1592 332 1664 375 καὶ

229 401 302 456 ἐφ’
331 397 483 443 ἑαυτὸν
511 402 630 441 λίθον
659 399 831 448 κυλίσας
857 397 905 439 ὃν
937 399 1144 452 ἅνώχλισε
1172 397 1406 448 πλειστάκις
1435 397 1537 441 κατὰ
1577 400 1662 442 τῶν

228 464 414 520 ἔγγιστα.
458 467 516 522 τῷ
542 480 607 507 τοι
637 465 710 506 καί
727 462 985 512 κατειπόντος
1012 464 1148 505 αὕτοῦ
1165 463 1270 520 πρὸς
1293 464 1554 519 Ἀνδρόνικον
1581 465 1662 506 τῶν

193 529 518 586 5γνησιωτὰτων
549 526 692 582 τινός,
720 529 778 577 ὥς
810 527 882 571 ἴσα
903 535 989 579 τοῖς
1013 526 1089 569 οὐκ
1115 531 1453 585 εὐηργετημένοις
1484 531 1582 585 μηδ’
1611 524 1662 570 εὖ

229 599 439 639 παθοῦσιν
481 596 551 638 ὑπ’
593 596 854 650 Ἀνδρονίκου
894 592 1220 649 ὕποτονθορύζει
1263 598 1353 637 κατ’
1392 595 1660 651 Ἀνδρονίκου

229 661 303 704 καί
333 661 547 716 Τρίψυχος
573 659 598 701 δ
615 659 760 709 τόσαις
786 659 992 708 εὕποιίαις
1015 658 1385 715 περιαντλούμενος
1404 660 1477 703 καί
1497 660 1549 702 τὰ
1575 662 1659 703 τῶν

229 723 475 779 ἀξιωμάτων
504 724 713 781 ὑπέρογκα
744 723 949 777 κτώμενος
986 721 1064 767 κᾶν
1096 729 1188 774 ταῖς
1223 728 1450 778 βασιλείοις
1491 721 1659 768 danim

229 793 463 840 ἐπιστολαῖς
493 786 754 846 ἧγαπημένος
770 788 859 840 υἱὸς
884 792 956 832 καί
981 788 1123 841 κνιπὸς
1151 786 1372 846 ἅνθρωπος
1399 790 1472 834 καί
1496 794 1542 835 ἐν
1568 797 1662 841 ταῖς

173 872 219 899 ιο
232 859 306 900 νῦν
332 854 510 912 ἡμέραις
533 853 804 911 δυσεύρετος,
831 854 853 898 ὃ
876 856 1123 910 πολύολβος,
1151 854 1174 898 ὃ
1202 854 1472 913 εὐπάρυφος,
1501 856 1661 912 ἐπαθὴ-

229 936 326 965 νατο
353 921 428 977 τὴν
470 919 618 976 ψυχὴν
650 916 938 975 Ἀνδρόνικος,
977 923 1051 963 καί
1084 922 1280 964 α’πιστιάν
1313 921 1542 976 καταγνοῦς
1581 923 1663 965 τῶν

230 985 342 1030 ὅλων
371 986 442 1029 ἐπὶ
467 987 661 1036 συννοίας
688 985 890 1041 εἱστήκει,
917 986 1023 1042 πρὸς
1051 985 1175 1042 ὄργὴν
1204 986 1287 1029 ὑπὸ
1313 990 1397 1031 τῶν
1431 989 1699 1042 λεχθέντωνῦ

230 1050 605 1109 α’ναρριπιζόμενος
635 1053 708 1094 καί
733 1053 792 1103 εἷς
815 1054 961 1106 θυμοῦ
987 1054 1248 1108 ἑπιφρίσσων
1278 1051 1516 1098 κλυδώνιον.
1571 1052 1663 1096 ἐπεὶ

221 1121 278 1162 ’δὲ
308 1118 331 1160 ὅ
360 1120 674 1174 προσαγγέλλων
703 1115 816 1172 ἑώρα
849 1116 895 1160 τό
927 1117 1273 1172 ἀναθαλπόμενον
1299 1121 1376 1161 τοῦ
1411 1120 1555 1172 θυμοῦ
1590 1119 1666 1161 καὶ

172 1181 377 1239 ι5ὲτέρας
404 1185 565 1233 ἑπιδεὲς
594 1185 852 1238 δριμυτέρων
879 1180 1076 1238 ῥημάτων
1104 1185 1336 1239 ἐπιφορᾶς,
1369 1181 1424 1234 ὥς
1460 1181 1515 1226 ἂν
1552 1180 1664 1226 οὕτω

229 1251 386 1304 λάβρον
422 1247 584 1303 γεγονὸς
621 1247 932 1304 μεταρσιωθειή
973 1249 1187 1304 αἰθέριον,
1223 1246 1252 1305 ἢ
1289 1251 1392 1303 γοῦν
1424 1247 1469 1292 τό
1508 1250 1664 1303 α’χανὲς

228 1316 359 1359 ἐκεῖνο
388 1317 459 1369 τῆς
486 1314 752 1370 ὀργιλότητος
777 1316 952 1369 πέλαγος
977 1316 1259 1371 καταιγιδοόδη
1289 1317 1413 1357 θέλον
1449 1314 1580 1369 πνοὴν
1619 1317 1664 1366 ἐς

228 1379 278 1422 τό
303 1383 525 1436 διαστῆναι
552 1379 625 1422 καί
650 1380 919 1436 κατακρύψαι
947 1380 1005 1430 ὥς
1032 1382 1170 1436 ἕτερον
1196 1379 1416 1436 τριστάτην
1432 1380 1664 1436 Αἰγύπτιον

229 1446 305 1488 τόν
337 1441 486 1488 ἄθλιον
526 1448 766 1502 Τρίψυχον,
804 1448 911 1502 φησί
953 1445 1058 1501 πρὸς
1079 1443 1348 1500 Ἀνδρόνικον
1385 1447 1441 1496 ὥς
1481 1450 1555 1489 καί
1591 1445 1663 1489 τόν

165 1511 322 1555 aonidae
351 1514 426 1554 καί
450 1511 647 1567 διάδοχον
670 1515 744 1567 τῆς
772 1516 850 1567 σῆς
875 1514 1093 1566 βασιλείας
1120 1511 1192 1555 καί
1216 1512 1465 1568 κληρονόμον
1491 1512 1661 1566 ἔννομον

227 1581 299 1633 τῆς
326 1578 474 1633 ἀρχῆς,
493 1577 565 1621 τὸν
589 1576 810 1621 κάλλιστον
828 1580 902 1621 καὶ
925 1575 1244 1621 ἆσπασιιότατον
1270 1577 1428 1621 ἅπασιν
1451 1577 1658 1633 Ἰωάννην,

228 1643 442 1698 διασύρων
483 1645 537 1685 ου’
577 1642 759 1686 παύεται
805 1646 1022 1698 Τρίψυχος
1038 1675 1051 1697 ,
1095 1643 1332 1698 α’πόπληκτα
1378 1642 1660 1700 φθεγγόμενος

325 1755 351 1778 ι.
374 1743 556 1790 βόθυνον]
580 1743 726 1789 βόθρον
754 1745 792 1778 Α.
888 1757 919 1779 2.
944 1742 1207 1790 ἔμπεπτωκώς]
1229 1743 1404 1791 ἐμπεσών
1426 1745 1466 1777 A.
1540 1743 1570 1788 4.
1595 1743 1658 1789 ἔγ-

319 1789 450 1837 γιστα]
479 1789 665 1835 σύνεγγυς
687 1793 727 1824 A.
842 1804 875 1836 9.
904 1794 966 1823 καὶ
994 1791 1091 1835 prius
1116 1802 1174 1823 om
1200 1793 1238 1824 A.
1362 1802 1411 1823 11.
1435 1792 1510 1825 τῶν
1536 1801 1594 1823 om
1617 1791 1656 1823 A.

323 1837 375 1881 14.
395 1832 434 1870 τό
452 1835 786 1886 α’ναθαλπόμενον]
809 1837 848 1870 τό
869 1837 1186 1883 οἶνοιδαινόμενον
1198 1839 1266 1871 τοῦ
1279 1839 1408 1884 θυμοῦ
1424 1836 1659 1884 δριμυτέρων

319 1883 466 1922 ἐπιδεὲς
491 1884 524 1931 ῥ.
549 1885 588 1917 A.
688 1887 738 1919 16.
758 1883 776 1926 ἢ
799 1883 839 1918 τὸ
866 1879 1045 1930 αἱμωπὸν
1069 1884 1109 1917 Α.
1207 1895 1256 1928 ι7.
1272 1885 1310 1922 ἐς
1331 1882 1387 1931 τό]
1412 1883 1475 1918 ἐπὶ
1499 1886 1550 1929 τῷ
1575 1883 1658 1916 δια-

317 1933 498 1976 νοιγῆναι
521 1931 574 1967 εἰς
596 1929 727 1976 χάσμα
743 1933 783 1964 Α.
881 1934 931 1967 18.
950 1931 1010 1984 ἱιῦς
1033 1939 1149 1974 τριστ.
1174 1928 1287 1964 ἄλλον
1308 1931 1348 1963 Α.
1481 1942 1532 1976 ¹9·
1555 1932 1656 1975 τρίψ.

315 1978 622 2024 προσεπαγαγών
643 1986 738 2023 φησι
762 1979 799 2012 A.
921 1988 988 2013 τον
1013 1974 1112 2025 υἱὸν]
1140 1976 1207 2014 τὸν
1229 1976 1301 2014 σὸν
1323 1970 1411 2014 υἱὸν
1438 1972 1468 2011 ὦ
1491 1977 1656 2013 δέσποτα

315 2025 472 2070 βασιλεῦ
495 2026 558 2058 καὶ
581 2025 636 2058 xl.
661 2024 701 2058 A.

227 2128 261 2159 ei
291 2136 471 2159 remensus
497 2131 552 2159 est
574 2125 823 2167 Andronicus;
851 2131 886 2160 et
909 2137 1014 2171 quam
1038 2126 1175 2159 foveam
1205 2125 1286 2158 aliis
1311 2135 1417 2169 saepe
1440 2124 1593 2165 foderat,
1616 2125 1673 2158 in'

226 2184 306 2206 eam
329 2174 452 2218 (quam
486 2183 570 2206 vero
606 2172 758 2218 iudicio)
782 2173 858 2218 ipse
886 2173 1013 2206 merito
1050 2172 1197 2214 incidit3
1226 2177 1263 2204 et
1288 2172 1326 2204 in
1352 2182 1390 2204 se
1415 2170 1574 2204 devolvit
1597 2182 1654 2204 sa-

226 2231 330 2260 xum,
354 2219 451 2264 quod
475 2220 681 2266 saepissime
713 2220 793 2252 aliis
822 2220 1030 2254 intentarat.
1052 2220 1178 2264 itaque
1215 2218 1355 2252 delatus
1381 2230 1401 2251 a
1429 2217 1586 2263 quodam
1609 2229 1653 2251 ex

225 2267 545 2307 coniunctissimis,
571 2266 807 2311 Tripsychum
829 2272 885 2299 tot
910 2266 1096 2300 beneficiis
1122 2266 1362 2306 cumulatum,
1388 2270 1445 2299 tot
1467 2265 1654 2309 dignitati-

225 2313 294 2346 bus
324 2318 516 2354 ornatum,
551 2313 614 2358 qui
649 2314 688 2346 in
719 2313 958 2359 imperatoriis
994 2313 1125 2346 litteris
1149 2312 1301 2345 dilectus
1328 2312 1423 2345 filius
1451 2312 1655 2357 appelletur

226 2364 266 2392 et
287 2360 492 2404 exploratae
524 2359 607 2392 fidei
632 2359 762 2402 homo,
801 2360 919 2405 qualis
953 2359 1062 2393 hodie
1087 2360 1146 2394 vix
1171 2359 1394 2400 inveniatur,
1418 2359 1652 2404 pecuniosum

226 2405 329 2438 illum
354 2412 390 2440 et
417 2412 653 2454 purpuratum
676 2418 790 2454 aeque
813 2406 857 2439 de
883 2406 1086 2440 Andronico
1112 2406 1215 2451 queri
1241 2417 1282 2438 ac
1305 2417 1365 2438 eos
1389 2406 1453 2451 qui
1483 2404 1578 2438 nihil
1606 2404 1652 2436 ab

227 2462 270 2484 eo
293 2452 461 2488 beneficii
485 2453 728 2498 accepissent,
766 2453 950 2498 perdoluit
975 2453 1198 2486 Andronicus
1213 2478 1222 2492 ,
1248 2457 1285 2486 et
1309 2452 1381 2485 fide
1405 2453 1482 2485 eius
1507 2452 1546 2484 in
1571 2450 1652 2483 uni-

224 2498 366 2532 versum
391 2499 558 2534 damnata
584 2501 695 2533 tristis
722 2501 857 2541 astitit,
882 2500 999 2544 iisque
1027 2500 1146 2533 verbis
1175 2499 1220 2532 ad
1236 2498 1456 2532 iracundiam
1481 2503 1535 2531 est
1561 2497 1652 2529 exti—

225 2544 391 2580 mulatus.
426 2552 467 2579 ut
503 2557 586 2580 vero
625 2547 765 2580 delator
787 2546 1039 2579 animadvertit
1063 2549 1349 2579 effervescentem
1377 2546 1487 2578 bilem
1515 2543 1653 2576 acriora

223 2590 335 2623 verba
358 2590 534 2635 flagitare,
562 2598 604 2626 ut
627 2595 737 2638 magis
762 2594 869 2626 etiam
895 2593 1082 2634 ebulliret,
1114 2599 1151 2626 et
1178 2593 1444 2636 sanguinarium
1464 2589 1555 2622 illud
1580 2589 1651 2621 ira-

225 2636 379 2669 cundiae
404 2638 548 2682 pelagus
583 2640 751 2673 miserum
783 2639 1019 2685 Tripsychum
1044 2645 1084 2672 ut
1110 2640 1322 2684 Aegyptium
1346 2639 1504 2682 equitem
1528 2635 1653 2668 absor-

226 2683 351 2724 beret,
387 2684 572 2718 subiunxit
597 2687 731 2726 „etiam
769 2687 881 2720 filium
906 2693 1028 2727 tuum,
1057 2686 1202 2719 domine
1227 2687 1442 2729 imperator,
1469 2687 1505 2715 et
1530 2682 1650 2725 legiti-

226 2741 323 2767 mum
357 2729 499 2777 imperii
533 2743 787 2774 successorem,
819 2733 1097 2779 pulcherrimum
1137 2738 1172 2766 et
1197 2732 1459 2779 optatissimum
1483 2727 1648 2763 omnibus
