<?xml version="1.0" encoding="UTF-8"?>
<!DOCTYPE html PUBLIC "-//W3C//DTD XHTML 1.0 Transitional//EN"
    "http://www.w3.org/TR/xhtml1/DTD/xhtml1-transitional.dtd">
<html xmlns="http://www.w3.org/1999/xhtml" xml:lang="en" lang="en">
 <head>
  <title>
</title>
<meta http-equiv="Content-Type" content="text/html;charset=utf-8" />
  <meta name='ocr-system' content='tesseract 3.04.00' />
  <meta name='ocr-capabilities' content='ocr_page ocr_carea ocr_par ocr_line ocrx_word'/>
</head>
<body>
  <div class='ocr_page' id='page_1' title='image "./corpusscriptorum41niebuoft/corpusscriptorum41niebuoft_0724.png"; bbox 0 0 1878 3230; ppageno 0'>
   <div class='ocr_carea' id='block_1_1' title="bbox 288 237 1293 309">
    <p class='ocr_par' dir='ltr' id='par_1_1' title="bbox 288 237 1293 309">
     <span class='ocr_line' id='line_1_1' title="bbox 288 237 1293 309; baseline 0.003 -18"><span class='ocrx_word' id='word_1_1' title='bbox 288 237 404 309; x_wconf 73' lang='grc'><strong>694</strong></span> <span class='ocrx_word' id='word_1_2' title='bbox 713 250 943 291; x_wconf 63' lang='lat' dir='ltr'><strong>metue</strong></span> <span class='ocrx_word' id='word_1_3' title='bbox 983 251 1293 294; x_wconf 73' lang='lat' dir='ltr'><strong>cnomA&#39;rAE</strong></span> 
     </span>
    </p>
   </div>
   <div class='ocr_carea' id='block_1_2' title="bbox 233 348 1789 1777">
    <p class='ocr_par' dir='ltr' id='par_1_2' title="bbox 277 348 1786 1058">
     <span class='ocr_line' id='line_1_2' title="bbox 286 348 1722 413; baseline 0.005 -21"><span class='ocrx_word' id='word_1_4' title='bbox 286 361 394 410; x_wconf 75' lang='grc' dir='ltr'><strong>θοου</strong></span> <span class='ocrx_word' id='word_1_5' title='bbox 415 351 715 408; x_wconf 77' lang='grc' dir='ltr'>ἠθροίσθησαν,</span> <span class='ocrx_word' id='word_1_6' title='bbox 736 349 808 391; x_wconf 79' lang='grc' dir='ltr'>καί</span> <span class='ocrx_word' id='word_1_7' title='bbox 822 348 891 391; x_wconf 84' lang='grc' dir='ltr'>τὸν</span> <span class='ocrx_word' id='word_1_8' title='bbox 908 352 982 391; x_wconf 83' lang='grc' dir='ltr'><strong>τοῦ</strong></span> <span class='ocrx_word' id='word_1_9' title='bbox 1002 353 1105 392; x_wconf 82' lang='grc' dir='ltr'>θεοῦ</span> <span class='ocrx_word' id='word_1_10' title='bbox 1119 349 1225 393; x_wconf 75' lang='grc' dir='ltr'>νεών</span> <span class='ocrx_word' id='word_1_11' title='bbox 1244 351 1440 402; x_wconf 78' lang='grc' dir='ltr'>εἰσιόντες</span> <span class='ocrx_word' id='word_1_12' title='bbox 1451 354 1524 396; x_wconf 81' lang='grc' dir='ltr'><strong><em>καί</em></strong></span> <span class='ocrx_word' id='word_1_13' title='bbox 1533 357 1590 397; x_wconf 72' lang='grc' dir='ltr'><strong>τιὸ</strong></span> <span class='ocrx_word' id='word_1_14' title='bbox 1609 373 1722 413; x_wconf 79' lang='grc' dir='ltr'>πρω-</span> 
     </span>
     <span class='ocr_line' id='line_1_3' title="bbox 285 410 1718 479; baseline 0.001 -17"><span class='ocrx_word' id='word_1_15' title='bbox 285 438 340 479; x_wconf 78' lang='grc' dir='ltr'><strong>τω</strong></span> <span class='ocrx_word' id='word_1_16' title='bbox 367 418 618 473; x_wconf 79' lang='grc' dir='ltr'>ἑποφθέντες</span> <span class='ocrx_word' id='word_1_17' title='bbox 647 416 840 470; x_wconf 81' lang='grc' dir='ltr'>α’ρχιερεΐ</span> <span class='ocrx_word' id='word_1_18' title='bbox 864 410 935 471; x_wconf 78' lang='grc' dir='ltr'>(ἦν</span> <span class='ocrx_word' id='word_1_19' title='bbox 963 417 1008 456; x_wconf 77' lang='grc' dir='ltr'><strong>δὲ</strong></span> <span class='ocrx_word' id='word_1_20' title='bbox 1035 410 1154 464; x_wconf 83' lang='grc' dir='ltr'>ουτος</span> <span class='ocrx_word' id='word_1_21' title='bbox 1185 416 1206 458; x_wconf 82' lang='lat' dir='ltr'><strong>o‘</strong></span> <span class='ocrx_word' id='word_1_22' title='bbox 1228 416 1486 472; x_wconf 85' lang='grc' dir='ltr'>Καματηρὸς</span> <span class='ocrx_word' id='word_1_23' title='bbox 1507 419 1718 479; x_wconf 78' lang='grc' dir='ltr'>Ἰωάννης)</span> 
     </span>
     <span class='ocr_line' id='line_1_4' title="bbox 285 481 1721 538; baseline -0.001 -12"><span class='ocrx_word' id='word_1_24' title='bbox 285 481 550 538; x_wconf 73' lang='grc' dir='ltr'><strong>περιστάντες</strong></span> <span class='ocrx_word' id='word_1_25' title='bbox 577 481 733 534; x_wconf 80' lang='grc' dir='ltr'><em>μικροῦ</em></span> <span class='ocrx_word' id='word_1_26' title='bbox 770 495 839 521; x_wconf 90' lang='grc' dir='ltr'>και</span> <span class='ocrx_word' id='word_1_27' title='bbox 875 481 1056 522; x_wconf 77' lang='grc' dir='ltr'>διασπᾶν</span> <span class='ocrx_word' id='word_1_28' title='bbox 1085 481 1284 535; x_wconf 80' lang='grc' dir='ltr'><strong>ἠπείλουν</strong></span> <span class='ocrx_word' id='word_1_29' title='bbox 1312 498 1384 524; x_wconf 88' lang='grc' dir='ltr'>και</span> <span class='ocrx_word' id='word_1_30' title='bbox 1422 483 1638 538; x_wconf 78' lang='grc' dir='ltr'>κύμβαχον</span> <span class='ocrx_word' id='word_1_31' title='bbox 1675 489 1721 528; x_wconf 78' lang='grc' dir='ltr'><strong>ἐκ</strong></span> 
     </span>
     <span class='ocr_line' id='line_1_5' title="bbox 282 541 1721 606; baseline 0 -15"><span class='ocrx_word' id='word_1_32' title='bbox 282 552 356 603; x_wconf 79' lang='grc' dir='ltr'><strong>τῆς</strong></span> <span class='ocrx_word' id='word_1_33' title='bbox 383 544 524 596; x_wconf 72' lang='grc' dir='ltr'>ἑστίας</span> <span class='ocrx_word' id='word_1_34' title='bbox 552 546 666 587; x_wconf 76' lang='grc' dir='ltr'>κάτω</span> <span class='ocrx_word' id='word_1_35' title='bbox 693 547 859 598; x_wconf 81' lang='grc' dir='ltr'><strong>βαλεῖν,</strong></span> <span class='ocrx_word' id='word_1_36' title='bbox 890 545 928 587; x_wconf 84' lang='grc' dir='ltr'><strong>εἰ</strong></span> <span class='ocrx_word' id='word_1_37' title='bbox 962 543 1021 600; x_wconf 78' lang='grc' dir='ltr'><strong>μῆ</strong></span> <span class='ocrx_word' id='word_1_38' title='bbox 1061 541 1140 588; x_wconf 72' lang='grc' dir='ltr'>ὅσα</span> <span class='ocrx_word' id='word_1_39' title='bbox 1181 563 1252 589; x_wconf 84' lang='grc' dir='ltr'>και</span> <span class='ocrx_word' id='word_1_40' title='bbox 1290 545 1457 603; x_wconf 76' lang='grc' dir='ltr'>σύριγγι</span> <span class='ocrx_word' id='word_1_41' title='bbox 1491 554 1579 598; x_wconf 85' lang='grc' dir='ltr'>τοῖς</span> <span class='ocrx_word' id='word_1_42' title='bbox 1616 550 1721 606; x_wconf 78' lang='grc' dir='ltr'>πρὸς</span> 
     </span>
     <span class='ocr_line' id='line_1_6' title="bbox 281 607 1758 670; baseline 0.002 -15"><span class='ocrx_word' id='word_1_43' title='bbox 281 615 462 670; x_wconf 80' lang='grc' dir='ltr'><strong><em>βασιλέα</em></strong></span> <span class='ocrx_word' id='word_1_44' title='bbox 484 608 747 666; x_wconf 80' lang='grc' dir='ltr'>χρησάμενος</span> <span class='ocrx_word' id='word_1_45' title='bbox 775 608 1019 664; x_wconf 79' lang='grc' dir='ltr'>γράμμασιν</span> <span class='ocrx_word' id='word_1_46' title='bbox 1039 607 1097 661; x_wconf 77' lang='grc' dir='ltr'><strong>ὦς</strong></span> <span class='ocrx_word' id='word_1_47' title='bbox 1124 611 1335 666; x_wconf 87' lang='grc' dir='ltr'>πρόβατον</span> <span class='ocrx_word' id='word_1_48' title='bbox 1363 612 1579 663; x_wconf 72' lang='grc' dir='ltr'>ἀπολωλὸς</span> <span class='ocrx_word' id='word_1_49' title='bbox 1605 609 1723 670; x_wconf 75' lang='grc' dir='ltr'><strong>ἢκαί</strong></span> <span class='ocrx_word' id='word_1_50' title='bbox 1731 617 1758 659; x_wconf 85' lang='lat'><strong>5</strong></span> 
     </span>
     <span class='ocr_line' id='line_1_7' title="bbox 282 675 1721 733; baseline 0.001 -13"><span class='ocrx_word' id='word_1_51' title='bbox 282 678 488 731; x_wconf 83' lang='grc' dir='ltr'>α’πόνομον</span> <span class='ocrx_word' id='word_1_52' title='bbox 519 675 592 718; x_wconf 86' lang='grc' dir='ltr'>τὸν</span> <span class='ocrx_word' id='word_1_53' title='bbox 621 675 890 728; x_wconf 81' lang='grc' dir='ltr'>Καλομόδιον</span> <span class='ocrx_word' id='word_1_54' title='bbox 922 675 1065 725; x_wconf 72' lang='grc' dir='ltr'>αὐτοῖς</span> <span class='ocrx_word' id='word_1_55' title='bbox 1091 677 1460 720; x_wconf 78' lang='grc' dir='ltr'>ἕπανακαλέσεται.</span> <span class='ocrx_word' id='word_1_56' title='bbox 1517 678 1539 721; x_wconf 82' lang='grc' dir='ltr'><strong><em>ὅ</em></strong></span> <span class='ocrx_word' id='word_1_57' title='bbox 1567 680 1615 722; x_wconf 82' lang='grc' dir='ltr'><strong>δὲ</strong></span> <span class='ocrx_word' id='word_1_58' title='bbox 1640 677 1721 733; x_wconf 81' lang='grc' dir='ltr'><strong>μό-</strong></span> 
     </span>
     <span class='ocr_line' id='line_1_8' title="bbox 280 739 1723 799; baseline 0.001 -15"><span class='ocrx_word' id='word_1_59' title='bbox 280 747 345 792; x_wconf 89' lang='grc' dir='ltr'><strong>λις</strong></span> <span class='ocrx_word' id='word_1_60' title='bbox 370 742 638 789; x_wconf 71' lang='grc' dir='ltr'>καταστειλας</span> <span class='ocrx_word' id='word_1_61' title='bbox 665 743 741 782; x_wconf 83' lang='grc' dir='ltr'><strong>τοῦ</strong></span> <span class='ocrx_word' id='word_1_62' title='bbox 768 739 848 782; x_wconf 80' lang='grc' dir='ltr'><strong>λεώ</strong></span> <span class='ocrx_word' id='word_1_63' title='bbox 880 739 952 782; x_wconf 82' lang='grc' dir='ltr'>τὸν</span> <span class='ocrx_word' id='word_1_64' title='bbox 980 739 1165 796; x_wconf 78' lang='grc' dir='ltr'>θόρυβον</span> <span class='ocrx_word' id='word_1_65' title='bbox 1191 743 1242 798; x_wconf 83' lang='grc' dir='ltr'><strong>τῇ</strong></span> <span class='ocrx_word' id='word_1_66' title='bbox 1268 744 1349 784; x_wconf 77' lang='grc' dir='ltr'>τῶν</span> <span class='ocrx_word' id='word_1_67' title='bbox 1387 743 1562 796; x_wconf 80' lang='grc' dir='ltr'>χειλέων</span> <span class='ocrx_word' id='word_1_68' title='bbox 1602 760 1723 799; x_wconf 82' lang='grc' dir='ltr'>περι-</span> 
     </span>
     <span class='ocr_line' id='line_1_9' title="bbox 277 804 1723 865; baseline 0.001 -16"><span class='ocrx_word' id='word_1_69' title='bbox 277 805 468 864; x_wconf 83' lang='grc' dir='ltr'>ψοφήσει</span> <span class='ocrx_word' id='word_1_70' title='bbox 492 809 566 848; x_wconf 84' lang='grc' dir='ltr'><em>καί</em></span> <span class='ocrx_word' id='word_1_71' title='bbox 591 807 649 863; x_wconf 78' lang='grc' dir='ltr'><strong>τῷ</strong></span> <span class='ocrx_word' id='word_1_72' title='bbox 678 808 879 862; x_wconf 76' lang='grc' dir='ltr'><strong>λαμπραῖς</strong></span> <span class='ocrx_word' id='word_1_73' title='bbox 905 804 977 848; x_wconf 74' lang='grc' dir='ltr'><strong>ἐπὶ</strong></span> <span class='ocrx_word' id='word_1_74' title='bbox 1000 808 1132 865; x_wconf 77' lang='grc' dir='ltr'>τούτῳ</span> <span class='ocrx_word' id='word_1_75' title='bbox 1161 808 1448 850; x_wconf 75' lang='grc' dir='ltr'>παθαίνεσθαι</span> <span class='ocrx_word' id='word_1_76' title='bbox 1469 809 1723 864; x_wconf 72' lang='grc' dir='ltr'>ἐπανήγαγεν</span> 
     </span>
     <span class='ocr_line' id='line_1_10' title="bbox 281 870 1722 930; baseline 0.001 -15"><span class='ocrx_word' id='word_1_77' title='bbox 281 875 424 922; x_wconf 74' lang='grc' dir='ltr'>αὐτοῖς</span> <span class='ocrx_word' id='word_1_78' title='bbox 456 889 514 921; x_wconf 86' lang='grc' dir='ltr'><strong>ως</strong></span> <span class='ocrx_word' id='word_1_79' title='bbox 542 871 677 926; x_wconf 87' lang='grc' dir='ltr'>α’μνὸν</span> <span class='ocrx_word' id='word_1_80' title='bbox 705 870 778 914; x_wconf 86' lang='grc' dir='ltr'>τὸν</span> <span class='ocrx_word' id='word_1_81' title='bbox 805 870 1080 926; x_wconf 84' lang='grc' dir='ltr'>ζητούμενον,</span> <span class='ocrx_word' id='word_1_82' title='bbox 1106 889 1166 927; x_wconf 84' lang='grc' dir='ltr'><strong>μη</strong></span> <span class='ocrx_word' id='word_1_83' title='bbox 1198 872 1272 914; x_wconf 81' lang='grc' dir='ltr'>τὸν</span> <span class='ocrx_word' id='word_1_84' title='bbox 1296 872 1461 927; x_wconf 78' lang='grc' dir='ltr'>χρυσόν</span> <span class='ocrx_word' id='word_1_85' title='bbox 1497 872 1554 923; x_wconf 80' lang='grc' dir='ltr'><strong>ὥς</strong></span> <span class='ocrx_word' id='word_1_86' title='bbox 1592 873 1722 930; x_wconf 76' lang='grc' dir='ltr'>δορὰν</span> 
     </span>
     <span class='ocr_line' id='line_1_11' title="bbox 281 934 1786 995; baseline 0.003 -15"><span class='ocrx_word' id='word_1_87' title='bbox 281 940 544 994; x_wconf 84' lang='grc' dir='ltr'>οἷποσυρέντα</span> <span class='ocrx_word' id='word_1_88' title='bbox 572 936 688 993; x_wconf 81' lang='grc' dir='ltr'>παρὰ</span> <span class='ocrx_word' id='word_1_89' title='bbox 716 938 800 979; x_wconf 73' lang='grc' dir='ltr'>τῶν</span> <span class='ocrx_word' id='word_1_90' title='bbox 828 934 1067 990; x_wconf 84' lang='grc' dir='ltr'>συσχόντων</span> <span class='ocrx_word' id='word_1_91' title='bbox 1093 936 1223 979; x_wconf 76' lang='grc' dir='ltr'>αὐτὸν</span> <span class='ocrx_word' id='word_1_92' title='bbox 1261 940 1467 993; x_wconf 80' lang='grc' dir='ltr'>λυκιδων,</span> <span class='ocrx_word' id='word_1_93' title='bbox 1495 941 1604 995; x_wconf 82' lang='grc' dir='ltr'><strong>μηδὲ</strong></span> <span class='ocrx_word' id='word_1_94' title='bbox 1647 946 1720 983; x_wconf 82' lang='grc' dir='ltr'><strong>λυ·</strong></span> <span class='ocrx_word' id='word_1_95' title='bbox 1738 956 1786 984; x_wconf 81' lang='grc' dir='ltr'><strong>ιο</strong></span> 
     </span>
     <span class='ocr_line' id='line_1_12' title="bbox 282 1000 839 1058; baseline -0.002 -13"><span class='ocrx_word' id='word_1_96' title='bbox 282 1005 494 1056; x_wconf 84' lang='grc' dir='ltr'>μανθέντα</span> <span class='ocrx_word' id='word_1_97' title='bbox 523 1000 600 1057; x_wconf 81' lang='grc' dir='ltr'>τὴν</span> <span class='ocrx_word' id='word_1_98' title='bbox 626 1018 689 1058; x_wconf 83' lang='grc' dir='ltr'><strong>τρι</strong></span> <span class='ocrx_word' id='word_1_99' title='bbox 689 1004 839 1056; x_wconf 80' lang='grc' dir='ltr'>χωσιν</span> 
     </span>
    </p>

    <p class='ocr_par' dir='ltr' id='par_1_3' title="bbox 233 1065 1789 1777">
     <span class='ocr_line' id='line_1_13' title="bbox 233 1065 1722 1124; baseline 0.001 -14"><span class='ocrx_word' id='word_1_100' title='bbox 233 1076 266 1110; x_wconf 92' lang='lat' dir='ltr'>D</span> <span class='ocrx_word' id='word_1_101' title='bbox 379 1067 490 1112; x_wconf 71' lang='grc' dir='ltr'>Καὶ</span> <span class='ocrx_word' id='word_1_102' title='bbox 507 1066 554 1109; x_wconf 86' lang='grc' dir='ltr'><strong>τὸ</strong></span> <span class='ocrx_word' id='word_1_103' title='bbox 573 1069 651 1120; x_wconf 85' lang='grc' dir='ltr'>μὲν</span> <span class='ocrx_word' id='word_1_104' title='bbox 672 1065 801 1117; x_wconf 80' lang='grc' dir='ltr'>οὕτως</span> <span class='ocrx_word' id='word_1_105' title='bbox 830 1068 1039 1121; x_wconf 71' lang='grc' dir='ltr'>ἀναιμωτί</span> <span class='ocrx_word' id='word_1_106' title='bbox 1063 1067 1362 1123; x_wconf 72' lang='grc' dir='ltr'><strong>προελήλυθεν,</strong></span> <span class='ocrx_word' id='word_1_107' title='bbox 1392 1069 1436 1119; x_wconf 81' lang='grc' dir='ltr'><strong>ἐξ</strong></span> <span class='ocrx_word' id='word_1_108' title='bbox 1466 1069 1601 1112; x_wconf 85' lang='grc' dir='ltr'>αι’τίου</span> <span class='ocrx_word' id='word_1_109' title='bbox 1621 1084 1722 1124; x_wconf 88' lang='grc' dir='ltr'>τρα-</span> 
     </span>
     <span class='ocr_line' id='line_1_14' title="bbox 279 1131 1723 1188; baseline 0.001 -14"><span class='ocrx_word' id='word_1_110' title='bbox 279 1138 402 1188; x_wconf 78' lang='grc' dir='ltr'><strong>γικοῦ</strong></span> <span class='ocrx_word' id='word_1_111' title='bbox 429 1148 474 1176; x_wconf 83' lang='grc' dir='ltr'><strong>τε</strong></span> <span class='ocrx_word' id='word_1_112' title='bbox 505 1133 579 1174; x_wconf 84' lang='grc' dir='ltr'><strong><em>καί</em></strong></span> <span class='ocrx_word' id='word_1_113' title='bbox 603 1134 858 1188; x_wconf 81' lang='grc' dir='ltr'>σκυθρωποῦ</span> <span class='ocrx_word' id='word_1_114' title='bbox 888 1135 930 1182; x_wconf 80' lang='grc' dir='ltr'><strong>ἐς</strong></span> <span class='ocrx_word' id='word_1_115' title='bbox 951 1132 1135 1186; x_wconf 81' lang='grc' dir='ltr'>κωμικὸν</span> <span class='ocrx_word' id='word_1_116' title='bbox 1159 1136 1375 1188; x_wconf 80' lang='grc' dir='ltr'>κατέληξεν</span> <span class='ocrx_word' id='word_1_117' title='bbox 1399 1131 1531 1183; x_wconf 80' lang='grc' dir='ltr'>οἷκοοὶς</span> <span class='ocrx_word' id='word_1_118' title='bbox 1551 1134 1723 1188; x_wconf 80' lang='grc' dir='ltr'>διαχέον</span> 
     </span>
     <span class='ocr_line' id='line_1_15' title="bbox 280 1195 1725 1278; baseline 0 -37"><span class='ocrx_word' id='word_1_119' title='bbox 280 1195 460 1278; x_wconf 82' lang='grc' dir='ltr'>αθυρμα</span> <span class='ocrx_word' id='word_1_120' title='bbox 508 1214 578 1240; x_wconf 88' lang='grc' dir='ltr'>και</span> <span class='ocrx_word' id='word_1_121' title='bbox 629 1200 884 1254; x_wconf 81' lang='grc' dir='ltr'>σχηματίζον</span> <span class='ocrx_word' id='word_1_122' title='bbox 934 1197 1006 1241; x_wconf 80' lang='grc' dir='ltr'>τὸν</span> <span class='ocrx_word' id='word_1_123' title='bbox 1049 1201 1381 1254; x_wconf 80' lang='grc' dir='ltr'>κλαυσιγέλωτα·</span> <span class='ocrx_word' id='word_1_124' title='bbox 1449 1214 1498 1240; x_wconf 88' lang='lat' dir='ltr'><strong>ov</strong></span> <span class='ocrx_word' id='word_1_125' title='bbox 1552 1203 1725 1248; x_wconf 85' lang='grc' dir='ltr'>πολλαῖς</span> 
     </span>
     <span class='ocr_line' id='line_1_16' title="bbox 282 1262 1786 1319; baseline 0 -12"><span class='ocrx_word' id='word_1_126' title='bbox 282 1266 322 1307; x_wconf 78' lang='grc' dir='ltr'><strong>δ’</strong></span> <span class='ocrx_word' id='word_1_127' title='bbox 363 1264 542 1319; x_wconf 78' lang='grc' dir='ltr'>ἡμέραις</span> <span class='ocrx_word' id='word_1_128' title='bbox 586 1279 762 1318; x_wconf 87' lang='grc' dir='ltr'>υστερον</span> <span class='ocrx_word' id='word_1_129' title='bbox 804 1264 945 1318; x_wconf 76' lang='grc' dir='ltr'>ἕτερον</span> <span class='ocrx_word' id='word_1_130' title='bbox 987 1262 1195 1319; x_wconf 78' lang='grc' dir='ltr'>α’νερράγη</span> <span class='ocrx_word' id='word_1_131' title='bbox 1238 1263 1386 1318; x_wconf 81' lang='grc' dir='ltr'>κακόν,</span> <span class='ocrx_word' id='word_1_132' title='bbox 1428 1280 1450 1305; x_wconf 95' lang='grc' dir='ltr'>ο</span> <span class='ocrx_word' id='word_1_133' title='bbox 1481 1280 1522 1307; x_wconf 82' lang='grc' dir='ltr'><strong>τι</strong></span> <span class='ocrx_word' id='word_1_134' title='bbox 1554 1265 1628 1305; x_wconf 83' lang='grc' dir='ltr'><strong><em>καί</em></strong></span> <span class='ocrx_word' id='word_1_135' title='bbox 1662 1265 1723 1313; x_wconf 92' lang='grc' dir='ltr'><strong>εις</strong></span> <span class='ocrx_word' id='word_1_136' title='bbox 1739 1269 1786 1311; x_wconf 85' lang='grc' dir='ltr'><strong>ι5</strong></span> 
     </span>
     <span class='ocr_line' id='line_1_17' title="bbox 280 1326 1720 1384; baseline -0.001 -13"><span class='ocrx_word' id='word_1_137' title='bbox 280 1328 471 1382; x_wconf 78' lang='grc' dir='ltr'>αἱμάτων</span> <span class='ocrx_word' id='word_1_138' title='bbox 501 1329 741 1384; x_wconf 81' lang='grc' dir='ltr'>προύκοψεν</span> <span class='ocrx_word' id='word_1_139' title='bbox 767 1326 950 1382; x_wconf 76' lang='grc' dir='ltr'>ἔκχυσιν.</span> <span class='ocrx_word' id='word_1_140' title='bbox 1001 1327 1204 1383; x_wconf 88' lang='grc' dir='ltr'>Ἰωαννης</span> <span class='ocrx_word' id='word_1_141' title='bbox 1240 1327 1321 1384; x_wconf 75' lang='grc' dir='ltr'><strong>γάρ</strong></span> <span class='ocrx_word' id='word_1_142' title='bbox 1359 1345 1448 1382; x_wconf 85' lang='grc' dir='ltr'>τις,</span> <span class='ocrx_word' id='word_1_143' title='bbox 1477 1327 1636 1383; x_wconf 80' lang='grc' dir='ltr'>Λαγοός</span> <span class='ocrx_word' id='word_1_144' title='bbox 1672 1327 1720 1372; x_wconf 85' lang='grc' dir='ltr'><strong>τὸ</strong></span> 
     </span>
     <span class='ocr_line' id='line_1_18' title="bbox 279 1391 1723 1450; baseline 0 -14"><span class='ocrx_word' id='word_1_145' title='bbox 279 1396 526 1447; x_wconf 78' lang='grc' dir='ltr'>ἐπώνυμον,</span> <span class='ocrx_word' id='word_1_146' title='bbox 545 1391 599 1436; x_wconf 54' lang='grc' dir='ltr'><strong>’ἐκ</strong></span> <span class='ocrx_word' id='word_1_147' title='bbox 625 1396 832 1447; x_wconf 79' lang='grc' dir='ltr'>βασιλέως</span> <span class='ocrx_word' id='word_1_148' title='bbox 864 1391 1048 1450; x_wconf 77' lang='grc' dir='ltr'>εἰληφώς</span> <span class='ocrx_word' id='word_1_149' title='bbox 1076 1396 1362 1449; x_wconf 77' lang='grc' dir='ltr'>προΐστασθαι</span> <span class='ocrx_word' id='word_1_150' title='bbox 1390 1397 1464 1450; x_wconf 82' lang='grc' dir='ltr'><strong>τῆς</strong></span> <span class='ocrx_word' id='word_1_151' title='bbox 1491 1397 1570 1436; x_wconf 79' lang='grc' dir='ltr'><strong>τοῦ</strong></span> <span class='ocrx_word' id='word_1_152' title='bbox 1597 1411 1723 1450; x_wconf 86' lang='grc' dir='ltr'>πραι-</span> 
     </span>
     <span class='ocr_line' id='line_1_19' title="bbox 278 1454 1724 1517; baseline 0 -17"><span class='ocrx_word' id='word_1_153' title='bbox 278 1462 434 1514; x_wconf 85' lang='grc' dir='ltr'>τωρίου</span> <span class='ocrx_word' id='word_1_154' title='bbox 462 1461 683 1515; x_wconf 81' lang='grc' dir='ltr'>φρουρᾶς,</span> <span class='ocrx_word' id='word_1_155' title='bbox 722 1454 871 1514; x_wconf 74' lang='grc' dir='ltr'>ἤθελεν</span> <span class='ocrx_word' id='word_1_156' title='bbox 899 1455 1033 1517; x_wconf 71' lang='grc' dir='ltr'>ἑαυτῷ</span> <span class='ocrx_word' id='word_1_157' title='bbox 1055 1475 1101 1501; x_wconf 90' lang='grc' dir='ltr'><strong>τε</strong></span> <span class='ocrx_word' id='word_1_158' title='bbox 1146 1458 1219 1501; x_wconf 83' lang='grc' dir='ltr'><em>καί</em></span> <span class='ocrx_word' id='word_1_159' title='bbox 1244 1465 1331 1508; x_wconf 78' lang='grc' dir='ltr'>τοῖς</span> <span class='ocrx_word' id='word_1_160' title='bbox 1378 1459 1724 1514; x_wconf 84' lang='grc' dir='ltr'>προσισταμένοις</span> 
     </span>
     <span class='ocr_line' id='line_1_20' title="bbox 279 1521 1722 1580; baseline -0.001 -12"><span class='ocrx_word' id='word_1_161' title='bbox 279 1525 448 1568; x_wconf 79' lang='grc' dir='ltr'>ἐνθένδε</span> <span class='ocrx_word' id='word_1_162' title='bbox 476 1525 663 1576; x_wconf 77' lang='grc' dir='ltr'>πορίζειν</span> <span class='ocrx_word' id='word_1_163' title='bbox 694 1521 910 1579; x_wconf 83' lang='grc' dir='ltr'>χρήματα·</span> <span class='ocrx_word' id='word_1_164' title='bbox 971 1525 1058 1580; x_wconf 79' lang='grc' dir='ltr'><strong>φεῦ</strong></span> <span class='ocrx_word' id='word_1_165' title='bbox 1084 1526 1160 1579; x_wconf 82' lang='grc' dir='ltr'><strong>τῆς</strong></span> <span class='ocrx_word' id='word_1_166' title='bbox 1188 1522 1468 1580; x_wconf 78' lang='grc' dir='ltr'>ῥυπαρότητος</span> <span class='ocrx_word' id='word_1_167' title='bbox 1507 1527 1582 1579; x_wconf 82' lang='grc' dir='ltr'><strong>τῆς</strong></span> <span class='ocrx_word' id='word_1_168' title='bbox 1618 1523 1722 1579; x_wconf 75' lang='grc' dir='ltr'>γνώ-</span> 
     </span>
     <span class='ocr_line' id='line_1_21' title="bbox 279 1587 1789 1645; baseline 0.003 -15"><span class='ocrx_word' id='word_1_169' title='bbox 279 1594 391 1644; x_wconf 68' lang='grc' dir='ltr'><strong>μης]</strong></span> <span class='ocrx_word' id='word_1_170' title='bbox 446 1589 495 1630; x_wconf 82' lang='grc' dir='ltr'><strong>οὕ</strong></span> <span class='ocrx_word' id='word_1_171' title='bbox 527 1588 605 1644; x_wconf 78' lang='grc' dir='ltr'><strong>γάρ</strong></span> <span class='ocrx_word' id='word_1_172' title='bbox 636 1606 676 1631; x_wconf 87' lang='grc' dir='ltr'><strong>τι</strong></span> <span class='ocrx_word' id='word_1_173' title='bbox 704 1591 827 1631; x_wconf 86' lang='grc' dir='ltr'>πλέον</span> <span class='ocrx_word' id='word_1_174' title='bbox 861 1587 883 1630; x_wconf 83' lang='grc' dir='ltr'>ὅ</span> <span class='ocrx_word' id='word_1_175' title='bbox 911 1590 984 1645; x_wconf 75' lang='grc' dir='ltr'><strong>τῆς</strong></span> <span class='ocrx_word' id='word_1_176' title='bbox 1012 1587 1199 1644; x_wconf 81' lang='grc' dir='ltr'>ἱστορίας</span> <span class='ocrx_word' id='word_1_177' title='bbox 1234 1587 1356 1643; x_wconf 86' lang='grc' dir='ltr'>νόμος</span> <span class='ocrx_word' id='word_1_178' title='bbox 1394 1590 1523 1632; x_wconf 86' lang='grc' dir='ltr'>εἰπεῖν</span> <span class='ocrx_word' id='word_1_179' title='bbox 1560 1591 1723 1645; x_wconf 78' lang='grc' dir='ltr'>ἐπιτρέ-</span> <span class='ocrx_word' id='word_1_180' title='bbox 1736 1609 1789 1636; x_wconf 87' lang='lat'><strong>20</strong></span> 
     </span>
     <span class='ocr_line' id='line_1_22' title="bbox 280 1650 1723 1711; baseline 0.001 -15"><span class='ocrx_word' id='word_1_181' title='bbox 280 1671 350 1696; x_wconf 85' lang='grc' dir='ltr'><strong>πει</strong></span> <span class='ocrx_word' id='word_1_182' title='bbox 374 1669 463 1708; x_wconf 87' lang='grc' dir='ltr'>μοι.</span> <span class='ocrx_word' id='word_1_183' title='bbox 518 1650 618 1696; x_wconf 78' lang='grc' dir='ltr'>ὅθεν</span> <span class='ocrx_word' id='word_1_184' title='bbox 643 1652 719 1703; x_wconf 77' lang='grc' dir='ltr'>τοὶς</span> <span class='ocrx_word' id='word_1_185' title='bbox 746 1653 937 1709; x_wconf 70' lang='grc' dir='ltr'>ψυχικάς</span> <span class='ocrx_word' id='word_1_186' title='bbox 964 1656 1049 1696; x_wconf 76' lang='grc' dir='ltr'>τῶν</span> <span class='ocrx_word' id='word_1_187' title='bbox 1073 1657 1285 1711; x_wconf 83' lang='grc' dir='ltr'>φιλοθέων</span> <span class='ocrx_word' id='word_1_188' title='bbox 1317 1653 1598 1708; x_wconf 76' lang='grc' dir='ltr'>οἰκειούμενος</span> <span class='ocrx_word' id='word_1_189' title='bbox 1628 1657 1723 1698; x_wconf 56' lang='grc' dir='ltr'>δια,-</span> 
     </span>
     <span class='ocr_line' id='line_1_23' title="bbox 282 1717 1724 1777; baseline 0 -14"><span class='ocrx_word' id='word_1_190' title='bbox 282 1719 434 1773; x_wconf 76' lang='grc' dir='ltr'>ὸύσεις,</span> <span class='ocrx_word' id='word_1_191' title='bbox 461 1717 609 1769; x_wconf 83' lang='grc' dir='ltr'>νυκτὸς</span> <span class='ocrx_word' id='word_1_192' title='bbox 633 1720 741 1765; x_wconf 80' lang='grc' dir='ltr'>α’νίει</span> <span class='ocrx_word' id='word_1_193' title='bbox 771 1721 964 1777; x_wconf 81' lang='grc' dir='ltr'>φρουρᾶς</span> <span class='ocrx_word' id='word_1_194' title='bbox 992 1722 1066 1763; x_wconf 85' lang='grc' dir='ltr'><em>καί</em></span> <span class='ocrx_word' id='word_1_195' title='bbox 1090 1722 1255 1775; x_wconf 75' lang='grc' dir='ltr'>δεσμῶν</span> <span class='ocrx_word' id='word_1_196' title='bbox 1281 1719 1378 1771; x_wconf 72' lang='grc' dir='ltr'><strong>τοὺς</strong></span> <span class='ocrx_word' id='word_1_197' title='bbox 1405 1721 1477 1764; x_wconf 72' lang='grc' dir='ltr'><strong>ἐπὶ</strong></span> <span class='ocrx_word' id='word_1_198' title='bbox 1500 1721 1724 1764; x_wconf 82' lang='grc' dir='ltr'>κλεπτοσύ-</span> 
     </span>
    </p>
   </div>
   <div class='ocr_carea' id='block_1_3' title="bbox 370 1846 1724 2034">
    <p class='ocr_par' dir='ltr' id='par_1_4' title="bbox 370 1846 1724 2034">
     <span class='ocr_line' id='line_1_24' title="bbox 376 1846 1722 1904; baseline 0.001 -23"><span class='ocrx_word' id='word_1_199' title='bbox 376 1858 409 1881; x_wconf 98' lang='grc'>2.</span> <span class='ocrx_word' id='word_1_200' title='bbox 439 1847 682 1893; x_wconf 74' lang='grc' dir='ltr'>ἀποφθένῐες</span> <span class='ocrx_word' id='word_1_201' title='bbox 703 1848 745 1884; x_wconf 83' lang='grc' dir='ltr'>Α.</span> <span class='ocrx_word' id='word_1_202' title='bbox 839 1859 870 1893; x_wconf 87' lang='lat'><strong>7.</strong></span> <span class='ocrx_word' id='word_1_203' title='bbox 885 1846 1161 1902; x_wconf 80' lang='grc' dir='ltr'>καταστείλας]</span> <span class='ocrx_word' id='word_1_204' title='bbox 1192 1846 1479 1890; x_wconf 78' lang='grc' dir='ltr'>καταστήσαςΑ.</span> <span class='ocrx_word' id='word_1_205' title='bbox 1554 1850 1615 1904; x_wconf 78' lang='grc' dir='ltr'><strong>τῇ</strong></span> <span class='ocrx_word' id='word_1_206' title='bbox 1632 1846 1722 1896; x_wconf 72' lang='grc' dir='ltr'>τῶν]</span> 
     </span>
     <span class='ocr_line' id='line_1_25' title="bbox 375 1886 1724 1950; baseline -0.001 -22"><span class='ocrx_word' id='word_1_207' title='bbox 375 1886 423 1929; x_wconf 75' lang='grc' dir='ltr'><strong>τὰ</strong></span> <span class='ocrx_word' id='word_1_208' title='bbox 446 1895 552 1950; x_wconf 80' lang='grc' dir='ltr'>χείλη</span> <span class='ocrx_word' id='word_1_209' title='bbox 580 1893 732 1928; x_wconf 78' lang='grc' dir='ltr'>κτυπῶν</span> <span class='ocrx_word' id='word_1_210' title='bbox 759 1895 825 1927; x_wconf 71' lang='grc' dir='ltr'>καὶ</span> <span class='ocrx_word' id='word_1_211' title='bbox 854 1887 922 1931; x_wconf 72' lang='grc' dir='ltr'><strong>τὰς</strong></span> <span class='ocrx_word' id='word_1_212' title='bbox 943 1899 1074 1940; x_wconf 81' lang='grc' dir='ltr'>χεῖρας</span> <span class='ocrx_word' id='word_1_213' title='bbox 1098 1893 1250 1938; x_wconf 84' lang='grc' dir='ltr'>κρούων</span> <span class='ocrx_word' id='word_1_214' title='bbox 1274 1895 1311 1927; x_wconf 88' lang='grc' dir='ltr'>Β.</span> <span class='ocrx_word' id='word_1_215' title='bbox 1435 1905 1492 1931; x_wconf 74' lang='grc'>21.</span> <span class='ocrx_word' id='word_1_216' title='bbox 1518 1891 1586 1931; x_wconf 74' lang='grc' dir='ltr'><strong>τὰς</strong></span> <span class='ocrx_word' id='word_1_217' title='bbox 1607 1900 1724 1938; x_wconf 83' lang='grc' dir='ltr'>ψυχι-</span> 
     </span>
     <span class='ocr_line' id='line_1_26' title="bbox 374 1933 1723 2019; baseline -0.002 -44"><span class='ocrx_word' id='word_1_218' title='bbox 374 1933 460 1987; x_wconf 69' lang='grc' dir='ltr'><strong>κὰς]</strong></span> <span class='ocrx_word' id='word_1_219' title='bbox 485 1952 536 2019; x_wconf 48' lang='grc' dir='ltr'><strong>τις.</strong></span> <span class='ocrx_word' id='word_1_220' title='bbox 559 1939 662 1986; x_wconf 81' lang='grc' dir='ltr'>παρά</span> <span class='ocrx_word' id='word_1_221' title='bbox 682 1952 796 1976; x_wconf 80' lang='grc' dir='ltr'>τινων</span> <span class='ocrx_word' id='word_1_222' title='bbox 821 1941 1081 1987; x_wconf 79' lang='grc' dir='ltr'>φιλοχρίστων</span> <span class='ocrx_word' id='word_1_223' title='bbox 1104 1943 1159 1980; x_wconf 80' lang='grc' dir='ltr'><strong>εἰς</strong></span> <span class='ocrx_word' id='word_1_224' title='bbox 1180 1933 1355 1987; x_wconf 81' lang='grc' dir='ltr'>φυλακας</span> <span class='ocrx_word' id='word_1_225' title='bbox 1378 1940 1610 1988; x_wconf 81' lang='grc' dir='ltr'>πεμπόμενα</span> <span class='ocrx_word' id='word_1_226' title='bbox 1630 1939 1723 1987; x_wconf 65' lang='grc' dir='ltr'>χρί-</span> 
     </span>
     <span class='ocr_line' id='line_1_27' title="bbox 370 1998 476 2034; baseline -0.019 -13"><span class='ocrx_word' id='word_1_227' title='bbox 370 1998 476 2034; x_wconf 77' lang='grc' dir='ltr'>ματα</span> 
     </span>
    </p>
   </div>
   <div class='ocr_carea' id='block_1_4' title="bbox 288 2096 1868 2836">
    <p class='ocr_par' dir='ltr' id='par_1_5' title="bbox 288 2096 1728 2419">
     <span class='ocr_line' id='line_1_28' title="bbox 289 2096 1726 2142; baseline -0.001 -11"><span class='ocrx_word' id='word_1_228' title='bbox 289 2107 396 2131; x_wconf 81' lang='lat' dir='ltr'><strong>causa</strong></span> <span class='ocrx_word' id='word_1_229' title='bbox 423 2097 499 2130; x_wconf 83' lang='lat' dir='ltr'><strong>eius</strong></span> <span class='ocrx_word' id='word_1_230' title='bbox 523 2096 665 2142; x_wconf 84' lang='lat' dir='ltr'><strong>cognita</strong></span> <span class='ocrx_word' id='word_1_231' title='bbox 687 2097 851 2142; x_wconf 84' lang='lat' dir='ltr'><strong>vesperi,</strong></span> <span class='ocrx_word' id='word_1_232' title='bbox 875 2108 979 2131; x_wconf 85' lang='lat' dir='ltr'><strong>mane</strong></span> <span class='ocrx_word' id='word_1_233' title='bbox 1001 2097 1169 2131; x_wconf 83' lang='lat' dir='ltr'><strong>tributim</strong></span> <span class='ocrx_word' id='word_1_234' title='bbox 1194 2102 1462 2138; x_wconf 81' lang='lat' dir='ltr'><strong>convenerunt,</strong></span> <span class='ocrx_word' id='word_1_235' title='bbox 1490 2101 1526 2131; x_wconf 82' lang='lat' dir='ltr'><strong>et</strong></span> <span class='ocrx_word' id='word_1_236' title='bbox 1548 2096 1608 2130; x_wconf 88' lang='lat' dir='ltr'><strong>dei</strong></span> <span class='ocrx_word' id='word_1_237' title='bbox 1632 2100 1726 2130; x_wconf 87' lang='lat' dir='ltr'><strong>tem-</strong></span> 
     </span>
     <span class='ocr_line' id='line_1_29' title="bbox 288 2143 1726 2189; baseline -0.001 -12"><span class='ocrx_word' id='word_1_238' title='bbox 288 2145 389 2189; x_wconf 82' lang='lat' dir='ltr'><strong>plum</strong></span> <span class='ocrx_word' id='word_1_239' title='bbox 414 2144 564 2188; x_wconf 85' lang='lat' dir='ltr'><strong>ingressi</strong></span> <span class='ocrx_word' id='word_1_240' title='bbox 578 2143 818 2188; x_wconf 77' lang='lat' dir='ltr'>patriarcham</span> <span class='ocrx_word' id='word_1_241' title='bbox 829 2144 1053 2179; x_wconf 84' lang='lat' dir='ltr'><strong>Camaterum</strong></span> <span class='ocrx_word' id='word_1_242' title='bbox 1075 2143 1274 2176; x_wconf 79' lang='lat' dir='ltr'>Iohannem</span> <span class='ocrx_word' id='word_1_243' title='bbox 1297 2145 1620 2184; x_wconf 83' lang='lat' dir='ltr'><strong>circumsteterunt,</strong></span> <span class='ocrx_word' id='word_1_244' title='bbox 1644 2149 1726 2176; x_wconf 82' lang='lat' dir='ltr'><strong>tan-</strong></span> 
     </span>
     <span class='ocr_line' id='line_1_30' title="bbox 290 2189 1725 2235; baseline -0.001 -12"><span class='ocrx_word' id='word_1_245' title='bbox 290 2196 367 2224; x_wconf 84' lang='lat' dir='ltr'><strong>tum</strong></span> <span class='ocrx_word' id='word_1_246' title='bbox 393 2201 467 2223; x_wconf 91' lang='lat' dir='ltr'><strong>non</strong></span> <span class='ocrx_word' id='word_1_247' title='bbox 491 2189 732 2234; x_wconf 86' lang='lat' dir='ltr'><strong>discerpturos</strong></span> <span class='ocrx_word' id='word_1_248' title='bbox 757 2201 839 2222; x_wconf 91' lang='lat' dir='ltr'><strong>eum</strong></span> <span class='ocrx_word' id='word_1_249' title='bbox 861 2196 924 2223; x_wconf 86' lang='lat' dir='ltr'><strong>aut</strong></span> <span class='ocrx_word' id='word_1_250' title='bbox 942 2190 987 2223; x_wconf 91' lang='lat' dir='ltr'><strong>de</strong></span> <span class='ocrx_word' id='word_1_251' title='bbox 1007 2191 1163 2223; x_wconf 80' lang='lat' dir='ltr'><strong>fenestra</strong></span> <span class='ocrx_word' id='word_1_252' title='bbox 1185 2190 1485 2235; x_wconf 76' lang='lat' dir='ltr'><strong>praecipitaturos</strong></span> <span class='ocrx_word' id='word_1_253' title='bbox 1507 2189 1725 2230; x_wconf 80' lang='lat' dir='ltr'><strong>comminati,</strong></span> 
     </span>
     <span class='ocr_line' id='line_1_31' title="bbox 288 2235 1728 2280; baseline -0.001 -9"><span class='ocrx_word' id='word_1_254' title='bbox 288 2236 362 2271; x_wconf 85' lang='lat' dir='ltr'><strong>nisi</strong></span> <span class='ocrx_word' id='word_1_255' title='bbox 386 2236 518 2270; x_wconf 84' lang='lat' dir='ltr'><strong>litteris</strong></span> <span class='ocrx_word' id='word_1_256' title='bbox 541 2235 588 2270; x_wconf 82' lang='lat' dir='ltr'><strong>ad</strong></span> <span class='ocrx_word' id='word_1_257' title='bbox 611 2236 864 2280; x_wconf 83' lang='lat' dir='ltr'><strong>imperatorem</strong></span> <span class='ocrx_word' id='word_1_258' title='bbox 887 2236 982 2270; x_wconf 83' lang='lat' dir='ltr'><strong>datis</strong></span> <span class='ocrx_word' id='word_1_259' title='bbox 1006 2236 1255 2271; x_wconf 84' lang='lat' dir='ltr'><strong>Calomodium</strong></span> <span class='ocrx_word' id='word_1_260' title='bbox 1279 2241 1321 2270; x_wconf 90' lang='lat' dir='ltr'><strong>ut</strong></span> <span class='ocrx_word' id='word_1_261' title='bbox 1342 2246 1443 2268; x_wconf 90' lang='lat' dir='ltr'><strong>ovem</strong></span> <span class='ocrx_word' id='word_1_262' title='bbox 1460 2235 1638 2279; x_wconf 80' lang='lat' dir='ltr'><strong>perditam</strong></span> <span class='ocrx_word' id='word_1_263' title='bbox 1663 2241 1728 2269; x_wconf 84' lang='lat' dir='ltr'><strong>aut</strong></span> 
     </span>
     <span class='ocr_line' id='line_1_32' title="bbox 290 2282 1727 2327; baseline 0 -12"><span class='ocrx_word' id='word_1_264' title='bbox 290 2283 519 2315; x_wconf 80' lang='lat' dir='ltr'><strong>aberrantem</strong></span> <span class='ocrx_word' id='word_1_265' title='bbox 543 2293 563 2314; x_wconf 83' lang='lat' dir='ltr'><strong>a</strong></span> <span class='ocrx_word' id='word_1_266' title='bbox 588 2293 691 2326; x_wconf 82' lang='lat' dir='ltr'><strong>grege</strong></span> <span class='ocrx_word' id='word_1_267' title='bbox 719 2287 913 2316; x_wconf 84' lang='lat' dir='ltr'><strong>revocaret</strong></span> <span class='ocrx_word' id='word_1_268' title='bbox 937 2283 967 2316; x_wconf 85' lang='lat' dir='ltr'><strong>is</strong></span> <span class='ocrx_word' id='word_1_269' title='bbox 992 2283 1119 2327; x_wconf 91' lang='lat' dir='ltr'><strong>populi</strong></span> <span class='ocrx_word' id='word_1_270' title='bbox 1145 2282 1304 2315; x_wconf 85' lang='lat' dir='ltr'><strong>tumultu</strong></span> <span class='ocrx_word' id='word_1_271' title='bbox 1327 2292 1431 2325; x_wconf 84' lang='lat' dir='ltr'><strong>aegre</strong></span> <span class='ocrx_word' id='word_1_272' title='bbox 1454 2282 1573 2325; x_wconf 83' lang='lat' dir='ltr'><strong>sopito</strong></span> <span class='ocrx_word' id='word_1_273' title='bbox 1601 2282 1727 2315; x_wconf 86' lang='lat' dir='ltr'><strong>facun-</strong></span> 
     </span>
     <span class='ocr_line' id='line_1_33' title="bbox 293 2327 1728 2373; baseline 0 -11"><span class='ocrx_word' id='word_1_274' title='bbox 293 2328 354 2362; x_wconf 83' lang='lat' dir='ltr'><strong>dia</strong></span> <span class='ocrx_word' id='word_1_275' title='bbox 380 2339 443 2361; x_wconf 80' lang='lat' dir='ltr'><strong>sua</strong></span> <span class='ocrx_word' id='word_1_276' title='bbox 469 2333 506 2362; x_wconf 85' lang='lat' dir='ltr'><strong>et</strong></span> <span class='ocrx_word' id='word_1_277' title='bbox 529 2328 839 2361; x_wconf 85' lang='lat' dir='ltr'><strong>commiseratione</strong></span> <span class='ocrx_word' id='word_1_278' title='bbox 864 2340 946 2361; x_wconf 88' lang='lat' dir='ltr'><strong>eum</strong></span> <span class='ocrx_word' id='word_1_279' title='bbox 975 2339 1083 2373; x_wconf 87' lang='lat' dir='ltr'><strong>quem</strong></span> <span class='ocrx_word' id='word_1_280' title='bbox 1106 2327 1330 2373; x_wconf 83' lang='lat' dir='ltr'><strong>quaerebant</strong></span> <span class='ocrx_word' id='word_1_281' title='bbox 1351 2333 1393 2360; x_wconf 80' lang='lat' dir='ltr'><strong>ut</strong></span> <span class='ocrx_word' id='word_1_282' title='bbox 1416 2338 1545 2371; x_wconf 86' lang='lat' dir='ltr'><strong>agnum</strong></span> <span class='ocrx_word' id='word_1_283' title='bbox 1571 2327 1728 2369; x_wconf 76' lang='lat' dir='ltr'><strong>reduxit,</strong></span> 
     </span>
     <span class='ocr_line' id='line_1_34' title="bbox 291 2372 1485 2427; baseline -0.003 -18"><span class='ocrx_word' id='word_1_284' title='bbox 291 2385 366 2409; x_wconf 85' lang='lat' dir='ltr'><strong>non</strong></span> <span class='ocrx_word' id='word_1_285' title='bbox 390 2385 477 2406; x_wconf 81' lang='lat' dir='ltr'><strong>auro</strong></span> <span class='ocrx_word' id='word_1_286' title='bbox 501 2385 565 2419; x_wconf 90' lang='lat' dir='ltr'><strong>pro</strong></span> <span class='ocrx_word' id='word_1_287' title='bbox 591 2374 690 2419; x_wconf 88' lang='lat' dir='ltr'><strong>pelle</strong></span> <span class='ocrx_word' id='word_1_288' title='bbox 716 2373 865 2419; x_wconf 83' lang='lat' dir='ltr'><strong>abrepto</strong></span> <span class='ocrx_word' id='word_1_289' title='bbox 892 2387 912 2407; x_wconf 86' lang='lat' dir='ltr'><strong>a</strong></span> <span class='ocrx_word' id='word_1_290' title='bbox 937 2375 1051 2418; x_wconf 89' lang='lat' dir='ltr'><strong>lupis,</strong></span> <span class='ocrx_word' id='word_1_291' title='bbox 1078 2385 1197 2419; x_wconf 85' lang='lat' dir='ltr'><strong>neque</strong></span> <span class='ocrx_word' id='word_1_292' title='bbox 1222 2375 1305 2407; x_wconf 89' lang='lat' dir='ltr'><strong>lana</strong></span> <span class='ocrx_word' id='word_1_293' title='bbox 1330 2372 1485 2427; x_wconf 46' lang='lat' dir='ltr'><strong>direpta..</strong></span> 
     </span>
    </p>

    <p class='ocr_par' dir='ltr' id='par_1_6' title="bbox 294 2419 1868 2836">
     <span class='ocr_line' id='line_1_35' title="bbox 374 2419 1729 2475; baseline 0.001 -23.007"><span class='ocrx_word' id='word_1_294' title='bbox 374 2420 504 2475; x_wconf 84' lang='lat' dir='ltr'><strong>Atque</strong></span> <span class='ocrx_word' id='word_1_295' title='bbox 527 2420 587 2452; x_wconf 86' lang='lat' dir='ltr'><strong>hic</strong></span> <span class='ocrx_word' id='word_1_296' title='bbox 610 2426 728 2453; x_wconf 82' lang='lat' dir='ltr'><strong>motus</strong></span> <span class='ocrx_word' id='word_1_297' title='bbox 744 2421 833 2453; x_wconf 83' lang='lat' dir='ltr'><strong>citra</strong></span> <span class='ocrx_word' id='word_1_298' title='bbox 856 2421 1064 2464; x_wconf 86' lang='lat' dir='ltr'><strong>sanguinem</strong></span> <span class='ocrx_word' id='word_1_299' title='bbox 1088 2420 1214 2460; x_wconf 87' lang='lat' dir='ltr'><strong>desiit,</strong></span> <span class='ocrx_word' id='word_1_300' title='bbox 1242 2425 1279 2453; x_wconf 89' lang='lat' dir='ltr'><strong>et</strong></span> <span class='ocrx_word' id='word_1_301' title='bbox 1300 2430 1344 2452; x_wconf 84' lang='lat' dir='ltr'><strong>ex</strong></span> <span class='ocrx_word' id='word_1_302' title='bbox 1365 2419 1545 2464; x_wconf 89' lang='lat' dir='ltr'><strong>principio</strong></span> <span class='ocrx_word' id='word_1_303' title='bbox 1569 2419 1664 2453; x_wconf 86' lang='lat' dir='ltr'><strong>tristi</strong></span> <span class='ocrx_word' id='word_1_304' title='bbox 1690 2424 1729 2453; x_wconf 83' lang='lat' dir='ltr'><strong>et</strong></span> 
     </span>
     <span class='ocr_line' id='line_1_36' title="bbox 294 2465 1868 2511; baseline -0.001 -11"><span class='ocrx_word' id='word_1_305' title='bbox 294 2466 428 2511; x_wconf 79' lang='lat' dir='ltr'><strong>tragico</strong></span> <span class='ocrx_word' id='word_1_306' title='bbox 452 2467 490 2498; x_wconf 86' lang='lat' dir='ltr'><strong>in</strong></span> <span class='ocrx_word' id='word_1_307' title='bbox 514 2466 688 2500; x_wconf 90' lang='lat' dir='ltr'><strong>comicum</strong></span> <span class='ocrx_word' id='word_1_308' title='bbox 711 2466 836 2500; x_wconf 86' lang='lat' dir='ltr'><strong>ludum</strong></span> <span class='ocrx_word' id='word_1_309' title='bbox 861 2467 1100 2511; x_wconf 85' lang='lat' dir='ltr'><strong>festivamque</strong></span> <span class='ocrx_word' id='word_1_310' title='bbox 1124 2466 1283 2499; x_wconf 81' lang='lat' dir='ltr'><strong>fabulam</strong></span> <span class='ocrx_word' id='word_1_311' title='bbox 1301 2471 1355 2498; x_wconf 83' lang='lat' dir='ltr'><strong>est</strong></span> <span class='ocrx_word' id='word_1_312' title='bbox 1378 2471 1548 2507; x_wconf 85' lang='lat' dir='ltr'><strong>mutatus,</strong></span> <span class='ocrx_word' id='word_1_313' title='bbox 1573 2466 1660 2500; x_wconf 78' lang='lat' dir='ltr'><strong>fletu</strong></span> <span class='ocrx_word' id='word_1_314' title='bbox 1688 2465 1729 2499; x_wconf 89' lang='lat' dir='ltr'><strong>in</strong></span> <span class='ocrx_word' id='word_1_315' title='bbox 1866 2466 1868 2476; x_wconf 93' lang='lat'>&#39;</span> 
     </span>
     <span class='ocr_line' id='line_1_37' title="bbox 297 2477 1868 2583; baseline -0.001 -37"><span class='ocrx_word' id='word_1_316' title='bbox 297 2513 408 2546; x_wconf 86' lang='lat' dir='ltr'><strong>risum</strong></span> <span class='ocrx_word' id='word_1_317' title='bbox 435 2523 614 2547; x_wconf 88' lang='lat' dir='ltr'><strong>converso.</strong></span> <span class='ocrx_word' id='word_1_318' title='bbox 639 2523 714 2545; x_wconf 89' lang='lat' dir='ltr'><strong>non</strong></span> <span class='ocrx_word' id='word_1_319' title='bbox 739 2513 862 2546; x_wconf 85' lang='lat' dir='ltr'><strong>multis</strong></span> <span class='ocrx_word' id='word_1_320' title='bbox 889 2512 1016 2545; x_wconf 86' lang='lat' dir='ltr'><strong>diebus</strong></span> <span class='ocrx_word' id='word_1_321' title='bbox 1040 2517 1142 2556; x_wconf 81' lang='lat' dir='ltr'><strong>post,</strong></span> <span class='ocrx_word' id='word_1_322' title='bbox 1170 2512 1271 2545; x_wconf 84' lang='lat' dir='ltr'><strong>aliud</strong></span> <span class='ocrx_word' id='word_1_323' title='bbox 1302 2512 1436 2544; x_wconf 84' lang='lat' dir='ltr'><strong>malum</strong></span> <span class='ocrx_word' id='word_1_324' title='bbox 1463 2513 1604 2557; x_wconf 83' lang='lat' dir='ltr'><strong>erupit,</strong></span> <span class='ocrx_word' id='word_1_325' title='bbox 1629 2511 1730 2557; x_wconf 85' lang='lat' dir='ltr'><strong>quod.</strong></span> <span class='ocrx_word' id='word_1_326' title='bbox 1863 2477 1868 2583; x_wconf 56' lang='lat'>1</span> 
     </span>
     <span class='ocr_line' id='line_1_38' title="bbox 299 2558 1729 2603; baseline -0.002 -10"><span class='ocrx_word' id='word_1_327' title='bbox 299 2559 347 2594; x_wconf 75' lang='lat' dir='ltr'><strong>ad</strong></span> <span class='ocrx_word' id='word_1_328' title='bbox 372 2559 555 2603; x_wconf 80' lang='lat' dir='ltr'><strong>sanguinis</strong></span> <span class='ocrx_word' id='word_1_329' title='bbox 581 2559 788 2591; x_wconf 78' lang='lat' dir='ltr'><strong>effusionem</strong></span> <span class='ocrx_word' id='word_1_330' title='bbox 823 2563 877 2591; x_wconf 88' lang='lat' dir='ltr'><strong>est</strong></span> <span class='ocrx_word' id='word_1_331' title='bbox 901 2569 1135 2602; x_wconf 81' lang='lat' dir='ltr'><strong>progressum.</strong></span> <span class='ocrx_word' id='word_1_332' title='bbox 1166 2569 1250 2592; x_wconf 80' lang='lat' dir='ltr'><strong>nam</strong></span> <span class='ocrx_word' id='word_1_333' title='bbox 1274 2558 1462 2599; x_wconf 84' lang='lat' dir='ltr'><strong>Iohannes,</strong></span> <span class='ocrx_word' id='word_1_334' title='bbox 1490 2559 1553 2603; x_wconf 89' lang='lat' dir='ltr'><strong>qui</strong></span> <span class='ocrx_word' id='word_1_335' title='bbox 1581 2558 1729 2603; x_wconf 81' lang='lat' dir='ltr'><strong>quidem</strong></span> 
     </span>
     <span class='ocr_line' id='line_1_39' title="bbox 299 2603 1729 2650; baseline -0.001 -11"><span class='ocrx_word' id='word_1_336' title='bbox 299 2610 534 2649; x_wconf 86' lang='lat' dir='ltr'><strong>cognomento</strong></span> <span class='ocrx_word' id='word_1_337' title='bbox 557 2605 669 2649; x_wconf 83' lang='lat' dir='ltr'><strong>Lagus</strong></span> <span class='ocrx_word' id='word_1_338' title='bbox 684 2630 693 2646; x_wconf 92' lang='lat'>,</span> <span class='ocrx_word' id='word_1_339' title='bbox 717 2605 890 2649; x_wconf 86' lang='lat' dir='ltr'><strong>praetorii</strong></span> <span class='ocrx_word' id='word_1_340' title='bbox 915 2603 1099 2637; x_wconf 81' lang='lat' dir='ltr'><strong>custodiae</strong></span> <span class='ocrx_word' id='word_1_341' title='bbox 1119 2603 1163 2636; x_wconf 89' lang='lat' dir='ltr'><strong>ab</strong></span> <span class='ocrx_word' id='word_1_342' title='bbox 1187 2605 1402 2649; x_wconf 86' lang='lat' dir='ltr'><strong>imperatore</strong></span> <span class='ocrx_word' id='word_1_343' title='bbox 1426 2605 1646 2650; x_wconf 83' lang='lat' dir='ltr'><strong>praefectus,</strong></span> <span class='ocrx_word' id='word_1_344' title='bbox 1671 2605 1729 2637; x_wconf 86' lang='lat' dir='ltr'><strong>in-</strong></span> 
     </span>
     <span class='ocr_line' id='line_1_40' title="bbox 301 2650 1729 2695; baseline -0.001 -10"><span class='ocrx_word' id='word_1_345' title='bbox 301 2652 347 2685; x_wconf 90' lang='lat' dir='ltr'><strong>de</strong></span> <span class='ocrx_word' id='word_1_346' title='bbox 364 2658 406 2690; x_wconf 81' lang='lat' dir='ltr'><strong>et</strong></span> <span class='ocrx_word' id='word_1_347' title='bbox 432 2651 503 2685; x_wconf 83' lang='lat' dir='ltr'><strong>sibi</strong></span> <span class='ocrx_word' id='word_1_348' title='bbox 539 2656 576 2684; x_wconf 85' lang='lat' dir='ltr'><strong>et</strong></span> <span class='ocrx_word' id='word_1_349' title='bbox 602 2652 676 2684; x_wconf 83' lang='lat' dir='ltr'><strong>suis</strong></span> <span class='ocrx_word' id='word_1_350' title='bbox 706 2651 896 2695; x_wconf 85' lang='lat' dir='ltr'><strong>pecuniam</strong></span> <span class='ocrx_word' id='word_1_351' title='bbox 929 2661 1133 2694; x_wconf 82' lang='lat' dir='ltr'><strong>comparare</strong></span> <span class='ocrx_word' id='word_1_352' title='bbox 1160 2651 1332 2686; x_wconf 84' lang='lat' dir='ltr'><strong>instituit.</strong></span> <span class='ocrx_word' id='word_1_353' title='bbox 1362 2662 1382 2684; x_wconf 93' lang='lat' dir='ltr'><strong>o</strong></span> <span class='ocrx_word' id='word_1_354' title='bbox 1417 2650 1602 2685; x_wconf 86' lang='lat' dir='ltr'><strong>sordidum</strong></span> <span class='ocrx_word' id='word_1_355' title='bbox 1626 2651 1729 2694; x_wconf 82' lang='lat' dir='ltr'><strong>inge-</strong></span> 
     </span>
     <span class='ocr_line' id='line_1_41' title="bbox 299 2697 1728 2742; baseline -0.001 -11"><span class='ocrx_word' id='word_1_356' title='bbox 299 2697 422 2731; x_wconf 86' lang='lat' dir='ltr'><strong>nium!</strong></span> <span class='ocrx_word' id='word_1_357' title='bbox 447 2709 515 2731; x_wconf 89' lang='lat' dir='ltr'><strong>nec</strong></span> <span class='ocrx_word' id='word_1_358' title='bbox 538 2697 633 2730; x_wconf 86' lang='lat' dir='ltr'><strong>enim</strong></span> <span class='ocrx_word' id='word_1_359' title='bbox 657 2697 830 2731; x_wconf 84' lang='lat' dir='ltr'><strong>historiae</strong></span> <span class='ocrx_word' id='word_1_360' title='bbox 854 2697 911 2729; x_wconf 87' lang='lat' dir='ltr'><strong>lex</strong></span> <span class='ocrx_word' id='word_1_361' title='bbox 936 2708 992 2730; x_wconf 87' lang='lat' dir='ltr'><strong>me</strong></span> <span class='ocrx_word' id='word_1_362' title='bbox 1013 2697 1116 2741; x_wconf 85' lang='lat' dir='ltr'><strong>plura</strong></span> <span class='ocrx_word' id='word_1_363' title='bbox 1141 2697 1261 2730; x_wconf 87' lang='lat' dir='ltr'><strong>dicere</strong></span> <span class='ocrx_word' id='word_1_364' title='bbox 1287 2698 1383 2731; x_wconf 88' lang='lat' dir='ltr'><strong>sinit.</strong></span> <span class='ocrx_word' id='word_1_365' title='bbox 1415 2703 1453 2730; x_wconf 87' lang='lat' dir='ltr'><strong>et</strong></span> <span class='ocrx_word' id='word_1_366' title='bbox 1476 2697 1590 2742; x_wconf 85' lang='lat' dir='ltr'><strong>stipe,</strong></span> <span class='ocrx_word' id='word_1_367' title='bbox 1619 2707 1728 2741; x_wconf 77' lang='lat' dir='ltr'><strong>quam</strong></span> 
     </span>
     <span class='ocr_line' id='line_1_42' title="bbox 301 2742 1727 2788; baseline -0.001 -11"><span class='ocrx_word' id='word_1_368' title='bbox 301 2744 465 2778; x_wconf 83' lang='lat' dir='ltr'><strong>homines</strong></span> <span class='ocrx_word' id='word_1_369' title='bbox 489 2744 660 2788; x_wconf 67' lang='lat' dir='ltr'><strong>piiultro</strong></span> <span class='ocrx_word' id='word_1_370' title='bbox 686 2743 931 2783; x_wconf 84' lang='lat' dir='ltr'><strong>conferebant,</strong></span> <span class='ocrx_word' id='word_1_371' title='bbox 947 2744 985 2777; x_wconf 88' lang='lat' dir='ltr'><strong>in</strong></span> <span class='ocrx_word' id='word_1_372' title='bbox 1009 2754 1108 2776; x_wconf 80' lang='lat' dir='ltr'><strong>suam</strong></span> <span class='ocrx_word' id='word_1_373' title='bbox 1134 2754 1206 2777; x_wconf 88' lang='lat' dir='ltr'><strong>rem</strong></span> <span class='ocrx_word' id='word_1_374' title='bbox 1233 2755 1412 2784; x_wconf 87' lang='lat' dir='ltr'><strong>conversa,</strong></span> <span class='ocrx_word' id='word_1_375' title='bbox 1433 2749 1543 2777; x_wconf 86' lang='lat' dir='ltr'><strong>noctu</strong></span> <span class='ocrx_word' id='word_1_376' title='bbox 1567 2742 1727 2776; x_wconf 81' lang='lat' dir='ltr'><strong>celebres</strong></span> 
     </span>
     <span class='ocr_line' id='line_1_43' title="bbox 303 2789 1727 2836; baseline -0.001 -11"><span class='ocrx_word' id='word_1_377' title='bbox 303 2790 398 2825; x_wconf 80' lang='lat' dir='ltr'><strong>sures</strong></span> <span class='ocrx_word' id='word_1_378' title='bbox 423 2790 576 2827; x_wconf 82' lang='lat' dir='ltr'><strong>vinculis</strong></span> <span class='ocrx_word' id='word_1_379' title='bbox 604 2789 776 2825; x_wconf 85' lang='lat' dir='ltr'><strong>liberatos</strong></span> <span class='ocrx_word' id='word_1_380' title='bbox 812 2801 951 2826; x_wconf 82' lang='lat' dir='ltr'><strong>carcere</strong></span> <span class='ocrx_word' id='word_1_381' title='bbox 989 2789 1186 2835; x_wconf 81' lang='lat' dir='ltr'><strong>educebat3</strong></span> <span class='ocrx_word' id='word_1_382' title='bbox 1220 2791 1283 2836; x_wconf 80' lang='lat' dir='ltr'><strong>qui</strong></span> <span class='ocrx_word' id='word_1_383' title='bbox 1312 2789 1465 2825; x_wconf 82' lang='lat' dir='ltr'><strong>aedibus</strong></span> <span class='ocrx_word' id='word_1_384' title='bbox 1484 2789 1575 2826; x_wconf 73' lang='lat' dir='ltr'><strong>clam</strong></span> <span class='ocrx_word' id='word_1_385' title='bbox 1603 2789 1727 2836; x_wconf 80' lang='lat' dir='ltr'><strong>perlu-</strong></span> 
     </span>
    </p>
   </div>
   <div class='ocr_carea' id='block_1_5' title="bbox 1814 2631 1863 3230">
    <p class='ocr_par' dir='ltr' id='par_1_7' title="bbox 1814 2631 1863 3230">
     <span class='ocr_line' id='line_1_44' title="bbox 1814 2631 1863 3230; baseline 0 0"><span class='ocrx_word' id='word_1_386' title='bbox 1814 2631 1863 3230; x_wconf 95' lang='lat' dir='ltr'><strong> </strong></span> 
     </span>
    </p>
   </div>
  </div>
 </body>
</html>
