1878 3230
464 180 691 223 Amxms‘
724 180 992 223 MANUms
1041 180 1281 223 commi
1323 181 1369 224 r.
1526 161 1638 229 343

206 278 336 335 νήσου
364 281 567 335 α’ρτεμὲας
594 281 804 334 ἐκπέμψαι
819 312 831 332 ,
862 275 1021 336 ἄλφιτα
1051 280 1195 329 αὕτοΐς
1215 276 1542 333 ἐπισιτισάμενος
1569 278 1643 322 καὶ

206 343 318 388 οἶνον
343 344 655 401 ὖδρευσάμενος
696 348 770 387 καί
793 341 923 387 τᾶλλα
953 344 1006 387 τὰ
1035 343 1141 400 πρὸς
1165 345 1234 388 τὸν
1260 347 1392 387 πλοῦν
1421 343 1639 400 ἐπιτήδεια

202 409 455 466 χορηγήσας,
483 411 559 452 ουίι
586 409 696 464 ἔχων
724 412 765 451 δ’
799 407 913 459 ὅπως
939 416 1117 464 περανεῖ
1138 410 1191 452 τά
1222 408 1328 453 κατά
1355 409 1510 452 σκοπὸν
1541 413 1638 467 (κα-

204 481 406 532 ταφανεῖς
440 474 519 530 γὰρ
561 470 643 530 ἤδη
695 480 780 525 τοῖς
808 472 966 517 ἅπασιν
1009 473 1288 532 ἐγεγόνεισαν)
1328 477 1438 531 δῆλα
1471 474 1639 532 τίθησιν

167 539 456 598 ξ’)Ἀνδρονίκῳ
484 538 536 583 τά
584 539 688 582 κατά
717 538 889 589 τούτους
917 538 1015 589 τούς
1039 541 1224 590 τάλανας
1252 540 1514 596 Κομνηνούς.
1567 541 1642 584 καὶ

204 599 324 655 οὗτος
347 605 566 661 μισοφαὴς
598 601 658 646 ὢν
694 606 767 646 καί
790 610 881 654 ταῖς
921 607 1006 647 τῶν
1033 604 1200 660 α’νδριόν
1227 605 1372 662 κόραις
1405 605 1640 662 άκορὲστως

204 667 536 725 α’ντικαθήμενος
560 672 636 711 τοῦ
661 669 802 726 φωτός
831 668 1004 718 τούτους
1030 669 1265 724 α’ποστερεῖ.

315 734 415 778 Τότε
447 736 488 775 δ’
524 730 601 776 οὖν
629 736 900 791 Ἀνδρόνικος
938 735 1062 776 θείαν
1087 734 1314 790 ἑπισκοπὴν
1341 735 1412 778 τὸν
1442 740 1517 779 τοῦ
1544 741 1638 780 Βα-

200 789 326 855 τάτζη
351 797 535 843 θάνατον
561 798 832 855 ἡγησάμενος,
861 801 934 842 καί
963 799 1207 854 προστιθεὶς
1224 806 1316 851 ταῖς
1347 807 1510 852 λοιπαῖς
1538 800 1639 844 ἑαυ-

143 882 190 909 10
201 867 278 907 τοῦ
306 865 636 921 δολοφροσύναις
651 864 726 907 καὶ
744 869 885 921 ἕτερον
903 867 981 907 τοῦ
1011 863 1166 920 τρόπον
1194 866 1499 921 προκάλυμμα,
1545 883 1639 909 στε-

201 933 361 987 φθῆναι
389 931 682 986 αὐτοκράτορα
707 933 932 986 εἰσηγεῖται
958 930 1032 973 τὸν
1047 934 1224 986 βασιλέα
1245 933 1453 984 Ἀλέξιον.
1484 935 1558 975 καί
1583 931 1634 988 δη

199 997 273 1039 ἐπὶ
314 997 397 1038 τῶν
441 991 568 1049 ὤμων
596 993 704 1052 ἄρας
743 995 873 1039 αὐτὸν
892 996 967 1039 καὶ
1005 997 1114 1050 μετὰ
1156 995 1351 1052 δακρύων
1377 1001 1548 1052 θερμῶν
1576 1000 1637 1048 εἷς

197 1061 274 1105 τόν
299 1064 371 1117 τῆς
395 1062 577 1119 μεγάλης
606 1064 824 1118 ἐκκλησίας
843 1063 1100 1115 ἀνακομίσας
1125 1061 1402 1117 ἀντίσταθμον
1432 1066 1503 1106 ἐπὶ
1527 1062 1638 1117 μάρ-

196 1142 294 1169 τυσι
318 1125 496 1181 μυριάσι
522 1131 694 1176 πολλαῖς
722 1127 909 1182 πλήθους
936 1128 1120 1169 darvaco&
1146 1127 1220 1170 καὶ
1242 1129 1426 1182 ἀλλοίου,
1454 1131 1528 1170 καί
1555 1128 1638 1171 πά-

140 1196 186 1237 15
200 1197 265 1234 λιν
302 1189 457 1245 ὁμοίως
499 1193 661 1234 ἐκεῖθεν
686 1190 959 1246 κατενεγκών,
992 1190 1108 1242 ἔδοξε
1135 1191 1505 1248 φιλοστοργότερος
1529 1191 1638 1236 εἶναι

197 1256 354 1312 πατρὸς
381 1255 455 1299 καὶ
474 1259 571 1313 χείρ
598 1255 714 1308 δεξιά
742 1259 962 1312 ἐπιστῆναι
980 1259 1039 1316 τῷ
1067 1259 1203 1316 νεαρῷ
1223 1260 1297 1314 τῆς
1319 1260 1535 1313 βασιλείας
1563 1257 1637 1315 ὅρ-

195 1338 310 1378 πηκι.
368 1320 392 1363 ὅ
430 1323 479 1365 δὲ
515 1321 563 1364 τὸ
598 1323 677 1365 τοῦ
703 1322 848 1376 Δαβίδ
882 1319 1075 1379 ἄντικρυς
1104 1321 1251 1374 διδους
1279 1326 1427 1379 πέρατι
1452 1320 1478 1366 δ’
1505 1340 1636 1381 φησιν

193 1386 385 1443 ,,ἐπάρας
411 1389 636 1444 κατέρραξὲ
661 1404 716 1442 με
729 1391 772 1442 ,”
798 1390 994 1432 διενοεῖτο
1021 1391 1156 1431 ταῦτα
1182 1390 1256 1432 καί
1280 1391 1479 1433 ἐπετέλει.
1538 1393 1630 1448 (17)
1643 1400 1682 1434 P.
1700 1410 1757 1446 ¹7¹

195 1455 255 1511 τῷ
282 1468 345 1496 τοι
371 1453 446 1495 καί
469 1453 626 1503 πάντας
653 1453 839 1496 ἐκποδών
865 1456 1021 1497 θέσθαι
1046 1458 1338 1511 προθυμηθείς
1367 1458 1549 1513 διεξῆγεν
1578 1456 1634 1507 ὥς
1646 1462 1688 1496 V.
1707 1462 1770 1508 ¹4⁰

133 1538 186 1565 20
197 1519 334 1578 ᾑρεῖτο
374 1517 427 1561 τά
467 1518 570 1562 κατά
611 1518 687 1575 τὴν
721 1522 941 1574 βασιλείαν
968 1519 1220 1577 πράγματα,
1246 1524 1328 1564 τῶν
1356 1519 1464 1564 ὅλων
1491 1521 1636 1577 κύριος

196 1582 418 1632 καθεστώς.
447 1586 521 1626 καί
544 1587 686 1639 πρῶτα
711 1587 790 1638 μὲν
813 1584 889 1641 τήν
914 1588 991 1628 τοῦ
1010 1588 1218 1639 βασιλέως
1241 1588 1405 1641 μητέρα
1433 1588 1508 1629 τοῦ
1533 1586 1636 1629 υἱοῦ

197 1650 271 1691 καί
294 1651 498 1701 βασιλέως
525 1649 758 1704 ἀποστῆσαι
782 1648 1045 1703 βουλόμενος,
1078 1653 1153 1692 οὐκ
1178 1649 1320 1706 ἔληγεν
1349 1652 1480 1705 αὐτῆς
1505 1667 1634 1693 κατα-

197 1709 406 1765 βοώμενος
433 1713 508 1754 καί
533 1714 606 1755 τὸν
649 1714 957 1756 άπονοστοῦντα
986 1715 1291 1768 πλαττόμενος,
1323 1717 1496 1771 φάσκων
1523 1716 1634 1757 (ἔντι-

197 1779 488 1820 numisma-wc
508 1777 547 1821 οῖ
574 1778 748 1834 ταυτηνὶ
770 1781 1061 1836 προδηλότατα
1088 1780 1162 1822 καί
1186 1779 1292 1836 πρὸς
1318 1782 1458 1822 πᾶσαν
1483 1783 1635 1836 πρᾶξιν

288 1885 322 1918 6.
342 1882 563 1930 μισοφανῆς
583 1885 623 1917 A.
722 1895 773 1917 ιο.
799 1885 976 1932 κάλυμμα
1007 1885 1047 1918 A.
1147 1895 1197 1918 ιιι.
1220 1877 1289 1919 τόν
1316 1881 1420 1931 ὦμον
1443 1885 1481 1917 Α.
1579 1887 1629 1920 13.

289 1930 553 1979 α’νιίσταθμον]
584 1930 738 1976 ἄμβωνα
763 1933 804 1965 Α.
925 1932 975 1976 14.
996 1931 1151 1969 πολλαῖς
1183 1942 1240 1964 om
1263 1932 1303 1965 A.
1424 1934 1474 1968 ¹8-
1500 1934 1630 1978 κατέρ-

290 1976 405 2024 ραξάς
428 1978 469 2010 A.
584 1976 755 2012 ἀπετέλει
779 1979 819 2012 Δ,

198 2077 316 2111 insula
344 2078 526 2113 dimittere
551 2080 588 2112 in
617 2079 737 2113 animo
763 2078 936 2119 haberet,
962 2090 1028 2112 nec
1055 2084 1176 2113 tamen
1210 2090 1312 2112 suum
1350 2080 1481 2124 exequi
1514 2081 1632 2113 consi-

197 2125 287 2158 lium
312 2125 386 2158 illis
409 2126 480 2158 iam
509 2127 638 2170 agnitis
663 2131 796 2171 posset,
823 2137 896 2159 rem
911 2127 1115 2159 Andronico
1136 2125 1283 2159 indicat.
1307 2127 1370 2171 qui
1393 2132 1434 2159 ut
1456 2127 1546 2160 lucis
1561 2127 1633 2160 ini-

197 2172 309 2205 micus
336 2177 372 2205 et
395 2173 508 2205 oculis
534 2173 808 2213 infestissimus,
832 2173 980 2205 miseros
1006 2173 1088 2205 illos
1118 2173 1319 2206 Comnenos
1349 2179 1525 2207 excaecat.

287 2219 338 2251 Ac
358 2219 511 2252 Batatzis
535 2219 673 2252 obitum
695 2219 856 2253 divinum
869 2219 1084 2252 beneficium
1107 2220 1376 2264 interpretatus,
1399 2221 1551 2254 caeteris
1567 2219 1634 2253 do-

195 2263 241 2297 lis
267 2265 375 2298 etiam
393 2265 489 2298 hunc
514 2265 648 2299 adiecit
671 2267 809 2310 ingenii
836 2267 892 2300 sui
920 2266 1172 2299 dissimulandi
1197 2277 1314 2298 causa.
1344 2273 1469 2299 auctor
1492 2273 1546 2300 est
1572 2278 1633 2299 co·-

197 2311 350 2344 ronandi
374 2312 511 2352 Alexii,
539 2323 693 2357 eumque
718 2314 756 2345 in
782 2312 947 2345 humeros
974 2313 1109 2346 elatum
1135 2313 1323 2345 lacrimans
1349 2313 1386 2345 in
1405 2324 1552 2357 magnae
1574 2324 1632 2346 ec-

198 2357 329 2390 clesiae
351 2358 540 2391 ambonem
564 2360 735 2404 pertulit3
760 2364 868 2403 atque
895 2359 981 2392 inde
1007 2359 1154 2401 retulit,
1177 2365 1219 2392 ut
1246 2365 1385 2403 patrem
1410 2360 1548 2405 pietate
1572 2371 1633 2392 su-

196 2414 321 2447 perare
348 2404 531 2438 videretur
561 2411 598 2439 et
624 2405 864 2439 adolescentis
891 2406 1116 2450 imperatoris
1156 2406 1379 2450 praesidium
1416 2406 1633 2446 haberetur,

199 2460 279 2482 cum
301 2451 378 2495 ipse
406 2451 506 2484 aliud
530 2453 568 2485 in
594 2454 712 2485 auimo
736 2452 908 2492 haberet,
937 2463 978 2485 ac
1002 2452 1213 2485 Davidicum
1238 2452 1332 2485 illud
1356 2454 1526 2497 agitaret,
1559 2453 1634 2485 ela-

198 2500 276 2528 tum
299 2506 357 2529 me
383 2498 504 2531 allisit.
551 2500 628 2546 (17)
666 2499 788 2544 Quare
811 2499 978 2532 omnibus
1011 2499 1117 2532 aulae
1140 2499 1348 2545 proceribus
1373 2501 1514 2539 amotis,
1539 2509 1636 2531 sum-

199 2552 329 2586 maque
353 2554 470 2577 rerum
494 2545 531 2577 in
554 2557 592 2580 se
619 2546 815 2587 translata,
850 2546 1041 2590 imperium
1076 2557 1142 2578 suo
1180 2545 1356 2579 arbitratu
1394 2546 1563 2590 gerebat3
1595 2554 1637 2577 ac

198 2588 376 2632 principio
402 2596 550 2624 matrem
574 2592 824 2636 imperatoris,
850 2598 891 2626 ut
913 2597 1036 2636 aperte
1067 2592 1139 2625 sibi
1179 2598 1216 2625 et
1245 2593 1470 2637 imperatoris
1507 2602 1548 2622 ac
1584 2590 1636 2623 rei

198 2633 366 2678 publicae
391 2637 584 2670 commodis
603 2638 863 2679 adversantem,
888 2639 1069 2671 criminari
1098 2651 1171 2672 non
1200 2639 1351 2678 destitit,
1376 2649 1486 2682 seque
1503 2637 1637 2669 disces-

199 2691 323 2716 surum
348 2681 478 2714 iterum
502 2684 706 2726 si1uu1avit3
736 2691 772 2719 et
795 2686 930 2730 populo
955 2685 1002 2718 ad
1026 2696 1104 2718 eam
1122 2686 1294 2718 conviciis
1311 2683 1534 2717 lacerandam
1550 2693 1637 2716 con-

201 2727 332 2768 citato,
353 2727 426 2761 suis
455 2729 592 2764 artibus
616 2732 735 2766 effecit
758 2736 800 2765 ut
825 2732 863 2764 in
888 2742 987 2765 sacro
1013 2731 1150 2777 palatio
1177 2732 1396 2771 conveniret,
1425 2735 1462 2764 et
1484 2729 1637 2775 patriar—
