1878 3230
292 155 364 194 m:
401 153 596 196 Ammo
635 154 828 196 lsAAOu
868 154 1068 196 ANGEL1
1108 155 1191 194 Fa.
1233 155 1339 205 ma,
1371 159 1402 196 1.
1482 139 1591 212 607

160 280 227 307 σιν
253 265 447 320 ε’κρίνετο,
475 269 562 312 τοῖς
583 264 622 304 δ’
648 263 841 317 α’γνοοῦσι
868 264 1229 318 σχηματίζεσθαι·
1261 265 1305 315 ἐξ
1324 259 1383 306 ὧν
1411 265 1447 306 δ’
1473 262 1595 307 ὕστε-

160 345 235 386 ρον
261 329 552 384 διεπεπράχει,
597 325 666 370 ὅτε
705 328 752 371 τὰ
782 331 888 371 κατὰ
913 328 989 384 τήν
1015 329 1204 371 σύνοικον
1227 327 1442 383 γεγόνασιν
1469 329 1595 372 ἔκπυ-

158 411 262 447 στα,
292 396 441 450 σαφῶς
485 394 698 443 ὑπέδειξεν
741 391 798 444 ὥς
824 395 947 436 οὐδὲν
975 397 1058 435 ταῖν
1084 396 1356 447 τολμωμένων
1384 393 1634 450 ἦπίστατο.Β

159 457 340 514 δηλώσει
386 461 432 502 δὲ
473 461 604 501 ταῦτα
645 458 692 500 τὸ
735 462 868 513 λέγειν
895 458 998 500 κατὰ
1037 459 1109 501 τὸν
1137 462 1286 501 οἰκεῖον
1313 460 1473 514 καιρόν.
1525 463 1597 514 τῆς

121 526 293 569 5τοίνυν
316 526 532 578 βασιλίδος
559 525 658 572 τοὺς
685 521 810 579 ὅρους
836 522 1170 579 ὑπερβαινούσης
1196 527 1269 567 καί
1294 523 1347 566 τα
1376 532 1467 574 ταῖς
1499 526 1597 580 πρίν

156 589 427 644 Αὐγούσταις
447 588 666 643 Ῥωμαίων
692 589 821 642 ἔθιμα
843 588 1093 644 ἀδοξούσης,
1124 593 1183 639 εἰς
1212 592 1288 631 δύο
1315 593 1496 644 α’τεχνῶς
1523 593 1596 647 α’ρ-

152 655 237 710 χὰς
268 656 294 710 ἧ
319 657 512 709 βασιλεία
528 653 710 710 διῄρητο·
740 656 794 695 ου’
820 653 899 710 γὰρ
929 654 950 696 ὅ
980 657 1143 710 κρατῶν
1167 653 1293 708 μόνον
1321 655 1456 699 ὁπόσα
1483 655 1597 713 ᾕρει-

154 736 199 762 το
228 717 500 772 διεκελεύετο,
540 717 645 761 ἀλλὰ
685 718 1012 773 ταυτοδυνάμως
1045 719 1174 776 τούτῳ
1221 721 1386 775 κάκείνη
1412 721 1464 763 τὰ
1492 720 1598 777 πρὸς

153 788 308 840 βουλῆς
334 784 614 840 διεπράττετο,
641 787 686 828 ἐν
709 789 872 835 πολλοῖς
893 788 939 827 δὲ
959 785 1032 827 καί
1056 786 1202 828 ἀνέλυε
1224 785 1328 841 πρὸς
1344 785 1389 828 τὸ
1406 790 1597 842 θυμῆρες

96 868 143 895 10
158 851 267 908 αὐτῇ
299 853 613 905 μεταμείβουσα
653 848 759 905 ἅπερ
804 852 996 893 ἐδέδοκτο
1026 854 1207 904 βασιλεῖ.
1263 852 1370 893 ἀλλὰ
1395 851 1469 894 καί
1494 867 1594 907 πρε-

152 916 297 970 σβείας
321 918 518 971 μεγίστης
547 917 682 958 ἐθνῶν
700 915 933 971 μελλούσης
950 920 1124 970 βασιλεῖ
1143 914 1463 971 ἐποπτάνεσθαι,
1490 913 1595 972 θρό-

152 997 218 1024 νοι
244 982 452 1039 συμφυῶς
478 985 714 1031 πολυτελεῖς
741 983 1025 1037 παρετίθεντο,
1042 981 1115 1023 καί
1129 983 1441 1037 συνεδρεύουσα
1469 997 1594 1037 προε-

152 1046 309 1103 κάθητο
337 1049 539 1102 λαμπρῶς
571 1049 908 1102 διεσκευασμένη,
936 1048 1072 1096 λίθοις
1086 1063 1130 1088 τε
1149 1049 1220 1089 καί
1238 1047 1471 1102 μαργάροις
1499 1049 1593 1089 δια-

153 1113 307 1168 φανέσι
331 1112 378 1154 τὸ
408 1110 642 1165 τυμπάνιον
668 1114 904 1154 α’ναδέουσα
940 1112 1014 1154 καὶ
1040 1111 1114 1154 τὸν
1139 1112 1347 1167 τράχηλον
1376 1112 1627 1167 ὄρμίσκοιςρ

91 1181 394 1231 ι5πολυτίμοις
418 1177 783 1230 διαλαμβάνουσα.
841 1180 970 1220 ἐνίοτε
998 1179 1045 1220 δὲ
1074 1180 1166 1219 κατ’
1194 1173 1324 1226 ἄλλας
1350 1180 1591 1231 βασιλείους

153 1242 375 1296 οἰκοδομάς
417 1241 702 1296 διιστάμενοι,
732 1245 806 1285 καί
836 1239 916 1284 ἆνὰ
941 1244 1067 1297 μέρος
1095 1243 1330 1298 ἀμφότεροι
1358 1241 1592 1299 προφαινό-

150 1325 289 1362 μενοι,
319 1310 379 1358 εἰς
405 1306 554 1350 ἑαυτὸν
582 1310 774 1363 ἑμέριζον
802 1306 848 1350 τὸ
867 1306 1076 1363 ὑπήκοον·
1131 1305 1159 1362 ἢ
1186 1309 1260 1349 καί
1285 1307 1458 1362 πρώτως
1483 1309 1591 1351 dno-

149 1380 294 1427 νεῖμαν
341 1377 512 1427 βασιλεῖ
544 1370 850 1428 προσκύνησιν,
885 1375 1046 1415 ἐκεῖθεν
1074 1375 1253 1428 α’παῖρον
1279 1373 1385 1427 πρὸς
1411 1372 1488 1428 τὴν
1513 1378 1592 1428 βα-

149 1439 292 1482 σιλίδα
319 1437 612 1494 μετεπορεύετο
656 1441 730 1480 καί
748 1441 992 1493 βαθυτέραν
1024 1438 1132 1496 αὐτῇ
1158 1445 1335 1493 παρεῖχε
1365 1441 1441 1480 τοῦ
1466 1438 1592 1494 γόνα-

86 1523 219 1556 2οτος
246 1506 501 1560 σύγκαμψιν.
567 1504 617 1545 οὖ
646 1507 821 1558 βραχεῖς
862 1505 909 1545 δὲ
928 1503 1003 1546 καί
1034 1507 1115 1546 τῶν
1151 1507 1245 1545 καθ’
1291 1500 1398 1557 αἷμα
1423 1508 1598 1558 βασιλεῖ

151 1571 418 1626 ἐγγιζόντων,
448 1571 520 1611 καί
550 1564 610 1617 οἷς
649 1570 702 1610 τὰ
735 1568 985 1624 ὑπερήφανα
1010 1572 1091 1611 τῶν
1119 1568 1330 1624 ὄφφικίων
1357 1565 1590 1622 ἀνέκειντο,

150 1636 248 1684 τούς
277 1632 418 1687 ὤμους
443 1635 500 1683 αἱς
536 1635 737 1688 θρανίδας
765 1632 1069 1687 ὑποβάλλοντες
1090 1635 1160 1676 ἐπὶ
1185 1636 1266 1676 τῶν
1290 1636 1494 1689 λαμπρῶν
1518 1636 1592 1677 καί

150 1699 374 1757 μετεώρων
391 1698 541 1742 θώκων
559 1698 636 1754 την
662 1702 861 1753 βασιλίδα
888 1699 1107 1755 ἀνέφερον.

249 1848 298 1880 13.
323 1845 502 1924 λαμ-προῖξ
527 1843 662 1891 dicax-1
691 1843 972 1890 ἐξομπλισμένη
1002 1843 1039 1877 Β.
1114 1854 1169 1877 22.
1199 1844 1248 1882 ὦς
1277 1844 1476 1894 seauton]
1503 1846 1589 1883 α’νῐὶ

247 1901 364 1927 σουπε
391 1894 452 1925 ιὀυ
506 1914 514 1922 .

150 2007 239 2045 mia,
269 2015 340 2049 qua
362 2003 528 2036 maritum
563 2001 836 2035 dehonestabat.
862 2002 925 2046 qui
958 2014 1036 2035 cum
1061 2003 1166 2036 initio
1194 2004 1232 2036 id
1258 2003 1413 2037 dedecus
1438 2005 1528 2039 scire
1553 2013 1589 2041 et

149 2051 377 2086 dissimulare
408 2049 453 2082 ab
491 2049 657 2082 omnibus
693 2053 904 2093 putaretur,
930 2053 1051 2082 tamen
1076 2061 1117 2082 ea
1144 2051 1302 2083 facinora
1328 2062 1366 2084 se
1394 2051 1587 2095 ignorasse,

147 2105 273 2144 postea
299 2109 379 2130 cum
401 2095 586 2141 publicata
612 2100 742 2136 essent,
768 2094 980 2136 declaravit,
1007 2101 1047 2128 ut
1071 2108 1135 2129 suo
1162 2103 1322 2141 tempore
1350 2099 1587 2134 narrabimus.

148 2157 229 2179 cum
255 2145 363 2189 igitur
401 2143 611 2187 imperatrix
644 2142 777 2175 limites
813 2142 1014 2175 transiliret
1038 2148 1075 2176 et
1098 2144 1323 2188 superiorum
1349 2143 1588 2189 Augustarum

150 2193 319 2226 instituta
346 2194 608 2230 contemneret,
643 2188 834 2233 imperium
859 2188 967 2232 plane
993 2189 1032 2221 in
1057 2189 1147 2222 duos
1171 2191 1395 2235 principatus
1419 2197 1474 2225 est
1497 2193 1591 2226 divi-

151 2250 239 2272 sum.
263 2249 382 2283 neque
417 2237 513 2270 enim
547 2236 742 2280 imperator
767 2234 943 2268 duntaxat
967 2236 1142 2281 quicquid
1174 2242 1251 2270 erat
1273 2237 1419 2271 libitum
1440 2240 1592 2273 manda-

149 2284 230 2319 bat:
254 2285 319 2318 sed
343 2284 406 2317 illa
440 2285 549 2316 etiam
588 2282 667 2328 pari
701 2281 936 2322 auctoritate,
982 2293 1076 2327 quae
1116 2284 1192 2316 visa
1229 2289 1349 2325 erant,
1374 2286 1590 2330 peragebat,

149 2332 222 2365 imo
247 2330 443 2376 aliquando
481 2341 545 2374 pro
586 2340 651 2362 sua
681 2327 836 2361 libidine
872 2328 972 2362 illius
1006 2329 1112 2362 iussis
1149 2330 1409 2365 intercedebat.
1447 2338 1484 2366 et
1510 2345 1591 2366 cum

150 2379 324 2411 maximae
363 2377 561 2421 legationes
594 2374 799 2409 audiendae
839 2380 961 2416 erant,
996 2375 1067 2409 duo
1091 2377 1250 2421 pretiosa
1277 2377 1368 2410 solia
1395 2379 1591 2424 coniunge-

149 2423 306 2466 b-mtur,
334 2429 371 2458 et
408 2424 475 2456 illa
505 2423 633 2456 marito
658 2433 739 2455 cum
770 2432 898 2465 magno
933 2422 1128 2467 splendore
1155 2435 1196 2456 ac
1219 2423 1356 2468 pileolo
1384 2426 1527 2469 gemmis
1554 2432 1590 2460 et

149 2471 346 2515 perspicuis
381 2469 581 2514 margaritis
621 2474 747 2502 ornato
772 2467 978 2510 assidebat,
1004 2475 1047 2502 et
1070 2474 1218 2514 torques
1242 2471 1520 2514 pretiosissimos
1543 2472 1589 2504 de

149 2517 244 2550 collo
267 2517 517 2566 suspendebat.
547 2515 744 2561 aliquando
769 2515 879 2548 etiam
900 2515 939 2549 iu
962 2515 1044 2548 aliis
1066 2516 1212 2560 palatiis
1235 2517 1390 2550 seiuncti
1413 2529 1477 2562 per
1492 2518 1588 2551 vices

151 2562 413 2603 adorabantur,
438 2563 592 2596 subditis
617 2563 662 2595 ab
696 2563 913 2607 imperatore
951 2561 999 2595 ad
1023 2563 1123 2595 illam
1148 2563 1374 2596 salutandam
1399 2569 1589 2597 transeun-

150 2609 250 2643 tibus
291 2615 330 2643 et
361 2620 477 2652 genua
509 2609 718 2643 submissius
744 2607 986 2643 flectentibus.
1021 2610 1187 2642 nonnulli
1227 2610 1336 2642 etiam
1360 2610 1588 2654 imperatoris

150 2655 428 2699 consanguinei,
452 2656 514 2700 qui
552 2667 704 2689 summos
730 2655 958 2699 magistratus
987 2656 1180 2700 gerebant,
1206 2656 1442 2700 imperatricis
1465 2657 1587 2702 splen-

150 2702 254 2738 didas
280 2707 318 2737 et
340 2701 430 2736 altas
447 2701 594 2737 lecticas
615 2702 775 2736 humeris
798 2707 972 2747 tanquam
995 2702 1176 2749 mancipia
1195 2701 1379 2738 subibant.
