1838 3210
267 141 283 173 1
300 121 366 175 28
390 119 392 122 ⁴
696 135 919 177 NlcETAE
960 134 1267 175 CHONIATAE

212 232 361 283 ῡεῖναι
392 236 585 291 διενοήθη
614 235 867 275 σπείσασθαι
895 234 949 288 τῷ
988 231 1094 286 ῥηγί.
1154 232 1227 272 οῦκ
1257 232 1395 285 αἠὃαῖς
1424 229 1561 272 τοίνυν
1591 229 1678 272 ἀλλ’

256 303 442 355 α’σμένως
484 297 702 351 δεξάμενος
737 294 812 351 τήν
841 298 960 338 τοῦτο
998 297 1328 351 έπεσκήπτουσαν
1357 297 1578 351 πρεσβείαν
1604 298 1681 337 τοῦ

255 370 328 420 τῆς
351 365 637 420 πρεσβυτέρας
661 359 824 416 Ῥώμης
866 363 1097 417 προέδρου,
1127 363 1199 402 καί
1224 360 1280 410 ὥς
1298 356 1494 415 ’Ἀγγελον
1528 358 1679 414 εὐξύμ-

253 434 375 483 βολον
393 427 694 478 σίσπασάμενος,
721 425 878 467 στέλλει
902 425 1003 468 κατὰ
1023 425 1093 468 τὸν
1118 426 1302 480 Ἀγκῶνα
1320 424 1390 466 τὸν
1417 423 1680 480 πρωτοστρά-

252 511 354 548 τορα
386 493 569 541 Ἀλέξων
588 523 598 542 ,
641 488 685 539 ὃς
727 483 776 545 ἦν
803 490 1085 546 πρεσβύτερος
1123 493 1206 532 τῶν
1248 489 1371 532 υἱέων
1400 492 1474 531 τοῦ
1498 489 1718 543 μεγάλουό

253 559 508 610 δομεστίκου,
540 555 643 610 πρὸς
663 553 883 611 ἀμφότερα
908 557 1084 611 μερίσας
1101 555 1147 597 τὸ
1168 557 1329 608 σκέμμα
1350 570 1394 596 τε
1412 554 1484 596 καί
1506 553 1550 596 u}
1580 553 1683 608 βοῦ-

252 627 408 674 λευμα,
439 619 597 675 δηλαδὴ
629 619 818 676 καὶπρὸς
847 618 1090 673 ἓτοιμασίαν
1120 617 1254 661 ὅπλων
1281 619 1354 662 καί
1379 622 1540 671 ξενικοῦ
1556 636 1683 676 στρα-

252 685 451 739 τεύματος
484 685 686 740 συλλογὴν
714 685 794 727 οἷπὸ
824 688 907 728 ταῖν
927 683 1129 740 ἑσπερίων
1148 688 1314 740 μερῶν,
1344 686 1383 727 εἰ
1408 683 1557 727 τούτου
1585 683 1683 738 ‹52⁷5-

251 766 360 803 σειε,
388 751 461 792 καί
490 749 594 806 πρὸς
623 749 699 805 τήν
727 752 802 792 τοῦ
828 749 953 806 ῥηγὸς
991 749 1151 806 φιλίαν,
1179 751 1217 792 εἶ
1239 752 1544 806 προχωροῦσαν
1573 746 1683 808 δρῴη

251 815 323 871 τὴν
364 814 582 870 ξύμβασιν.
648 814 766 858 ἔνθεν
806 830 868 858 τοι
899 813 973 857 καὶ
1015 815 1038 856 ὅ
1074 817 1249 866 Ἀλέξιος
1288 818 1420 858 ἐκεῖσε
1445 812 1682 869 γενόμενος,
1703 836 1747 860 ιο

253 880 504 935 δραστήριος
546 876 766 935 ἄνθρωπος
809 877 868 922 α’)’ν
905 880 978 922 καί
1003 883 1142 923 πᾶσαν
1180 879 1409 935 ἐξησκηκώς
1438 879 1685 935 αὐτουργίαν

252 945 477 1000 πολεμικήν
494 978 505 996 ,
538 947 607 988 νοΐ
627 962 669 987 τε
698 946 773 1000 τὴν
810 948 993 1000 γλῶτταν
1023 944 1132 1000 ἔχων
1160 945 1417 998 οἷνθάμιλλον
1443 947 1516 987 καί
1538 951 1687 1000 χεῖρας

255 1009 551 1064 ἆντεριζούσας
580 1017 671 1059 ταῖς
699 1012 888 1066 οἷρχικαῖς
920 1009 1209 1063 μεθοδεύσεσι,
1240 1012 1311 1052 καί
1337 1009 1383 1051 τό
1407 1007 1515 1059 εἶδος
1543 1011 1686 1064 αὐχῶν

255 1074 429 1129 σεμνόν,
457 1080 737 1130 στρατολογεῖν
765 1075 898 1125 εὕθῦς
936 1075 1180 1129 ἐπεβάλετο,
1210 1080 1454 1117 κατασεῖσαι
1484 1074 1557 1131 τὴν
1581 1076 1687 1129 γνώω

255 1158 337 1197 μην
364 1144 415 1199 τῇ
456 1142 560 1197 α’κοῇ
594 1140 842 1194 βουλόμενος
885 1143 960 1183 τοῦ
1008 1139 1150 1197 ῥηγός,
1191 1139 1262 1181 καί
1291 1138 1448 1195 συχνὴν
1478 1142 1749 1194 ξυνέλεγενι5

154 1222 243 1256 ηεξ)
260 1207 382 1249 ἵππον
407 1203 465 1254 ὥς
495 1207 536 1254 ές
565 1207 830 1261 Καλαβρίαν
846 1208 1008 1260 μέλλων
1035 1209 1328 1261 παρεμβαλεῖν.
1387 1207 1431 1246 ἕν
1459 1207 1505 1247 δὲ
1533 1208 1589 1263 τῷ
1613 1207 1687 1258 μέ·

152 1285 240 1320 v.51
260 1289 321 1328 ρει
351 1272 424 1313 καί
448 1274 526 1312 τοῦ
551 1273 633 1313 τῶν
657 1272 844 1313 σπονδῶν
863 1272 1099 1323 ἐπεμελεῖτο
1133 1269 1408 1324 καθήκοντος,
1436 1269 1509 1313 καί
1531 1269 1587 1320 ὥς
1614 1271 1686 1313 ἆλ-

257 1337 395 1391 λήλοις
423 1335 594 1390 λήξουσι
623 1337 893 1388 πολεμοῦντες
923 1331 946 1375 δ’
979 1351 1023 1377 τε
1049 1334 1250 1389 βασιλεῦς
1277 1334 1348 1376 καί
1375 1334 1397 1376 ὃ
1429 1334 1524 1392 ῥήξ,
1552 1334 1686 1392 γράμ-

258 1403 371 1455 ματά
402 1417 445 1442 τε
474 1402 645 1453 πέμπων
673 1401 715 1449 ἐς
743 1397 889 1441 Μάϊον
917 1402 989 1441 καί
1015 1398 1261 1453 δεχόμενος,
1294 1397 1337 1448 ὃς
1365 1400 1589 1455 ἐναυάρχει
1616 1402 1686 1442 τό-

256 1484 301 1510 τε
329 1469 403 1510 τοῦ
429 1463 574 1507 στόλου
603 1467 685 1506 ταῖν
707 1466 895 1509 Σικελῶν.
952 1467 1176 1520 πρεσβείαν
1205 1459 1278 1506 οὖν
1308 1466 1352 1506 ἐκ
1379 1467 1687 1514 Σικελιάς,έπι-
1701 1461 1751 1512 αἶ)

259 1530 521 1583 σπασάμενος
549 1530 785 1582 οἷναπέμπει
825 1528 979 1583 ταύτην
1008 1532 1066 1586 τῷ
1089 1533 1277 1582 βασιλεῖ’,
1305 1531 1377 1571 καί
1404 1531 1533 1572 δεῖται
1559 1545 1710 1586 προσ-μ

257 1602 374 1650 σχεῖν
403 1592 464 1643 οἷς
491 1595 622 1648 λέγειν
650 1593 689 1635 οἱ
716 1596 910 1649 πρέσβεις
947 1592 1118 1647 ἔχουσιν
1147 1595 1374 1649 (αἰτοῦνται
1404 1595 1476 1647 δέ,
1505 1593 1561 1645 ὥς
1586 1612 1689 1638 πυν-

257 1662 456 1712 θάνεται,
492 1655 576 1713 ὀὔχ
616 1656 824 1715 ὑπερόρια
863 1656 955 1700 οὔδ’
982 1659 1207 1715 ὑπέρογκα)
1237 1662 1310 1701 καί
1336 1660 1450 1716 αὐτῷ
1476 1662 1689 1717 παραστήε

348 1762 380 1794 3.
405 1757 657 1808 εὐξύμβουλον
684 1759 722 1791 A.
817 1760 851 1792 8.
874 1757 1015 1804 μερῶν]
1042 1758 1175 1802 χώρων
1202 1759 1239 1791 Α.
1346 1763 1395 1795 13.
1423 1760 1625 1806 μεθοδίαις
1647 1762 1686 1794 Α.

356 1807 406 1850 ι4.
431 1804 661 1839 σειινότατον
687 1806 727 1837 A.
893 1804 1178 1851 στρατολογεῖν]
1206 1804 1382 1850 ῥογεύειν
1404 1806 1520 1845 εὐθὺς
1555 1807 1687 1854 ἤρξατο

350 1835 512 1898 στρατὸν
538 1848 692 1891 πεζικὸν
715 1849 862 1890 ξενικόν
880 1852 916 1884 B.
1018 1862 1075 1897 19.1
1089 1850 1139 1897 ἐς]
1170 1844 1267 1897 πρὸς
1291 1853 1368 1898 μαῖ’
1390 1854 1424 1886 Β.

259 1959 299 1980 ea
324 1947 367 1980 de
403 1957 508 1979 causa
543 1945 667 1978 missos
693 1945 791 1978 haud
829 1945 962 1978 invitus
1001 1957 1041 1978 ac
1079 1946 1201 1990 potius
1237 1947 1366 1992 cupide
1392 1949 1567 1993 suscepit3
1591 1953 1628 1982 et
1651 1954 1691 1982 ut

256 1993 401 2027 nuntios
431 1992 626 2025 rectissime
651 1992 878 2024 consulentes
904 1991 1100 2036 amplexus,
1126 1998 1420 2037 protostratorem
1443 1995 1621 2036 Alexium,
1645 1994 1690 2040 (is

260 2046 336 2073 erat
358 2039 475 2082 magni
514 2038 703 2070 domestici
741 2037 836 2069 filius
861 2043 947 2070 natu
975 2038 1163 2084 maximus)
1198 2039 1379 2072 Anconam
1403 2040 1503 2076 misit
1524 2040 1690 2073 bifariam

258 2097 360 2118 suum
385 2084 575 2117 consilium
602 2084 776 2128 partitus,
800 2082 971 2116 videlicet
993 2083 1039 2116 ad
1064 2095 1162 2116 arma
1188 2089 1224 2117 et
1248 2086 1400 2118 militem
1429 2086 1690 2120 conductitium

255 2133 294 2165 in
321 2131 516 2165 Occidente
542 2129 760 2174 parandum,
785 2129 814 2161 si
832 2140 886 2162 res
899 2135 1082 2173 posceret,
1109 2135 1145 2163 et
1164 2130 1209 2162 ad
1227 2132 1420 2164 amicitiam
1436 2133 1545 2176 regis,
1572 2134 1601 2170 si
1626 2145 1691 2178 pa-

257 2178 409 2211 cificatio
434 2176 683 2216 successisset,
707 2175 979 2208 conciliandam.
1016 2176 1161 2208 Alexius
1187 2187 1229 2208 eo
1255 2178 1453 2222 profectus,
1479 2179 1585 2212 homo
1611 2190 1692 2213 acer

257 2230 294 2258 et
320 2225 358 2257 in
383 2234 420 2257 re
444 2222 577 2256 bellica
603 2221 918 2255 exercitatissimus
937 2247 946 2262 ‚
972 2226 1007 2254 et
1032 2222 1154 2266 lingua
1178 2224 1307 2256 mentis
1333 2225 1564 2258 aemulatrice
1587 2237 1693 2270 prae-

257 2270 377 2309 ditus,
404 2274 440 2302 et
477 2268 650 2312 dignitate
686 2267 820 2299 formae
855 2267 1164 2314 conspicuus‚*in
1207 2271 1427 2314 exequendis
1465 2272 1690 2316 imperatoris

257 2315 415 2350 consiliis
439 2314 536 2347 haud
575 2314 711 2358 segniS,
752 2313 872 2346 statim
909 2313 1065 2346 seribere
1101 2314 1234 2347 milites
1262 2316 1437 2358 instituit,
1467 2323 1508 2350 ut
1532 2329 1574 2351 ea
1597 2318 1691 2351 fama

257 2363 347 2407 regis
377 2362 532 2394 animum
560 2360 783 2405 percelleret.
809 2370 849 2393 ac
873 2371 1038 2404 magnum
1066 2361 1267 2405 equitatum
1295 2364 1412 2407 coegit
1435 2365 1537 2408 quasi
1562 2365 1600 2396 in
1625 2364 1692 2398 Ca-

256 2409 407 2442 labriam
447 2407 718 2452 impressionem
751 2405 921 2439 facturus.
955 2406 1099 2438 interim
1135 2412 1255 2441 tamen
1296 2419 1337 2441 ea
1361 2419 1508 2454 quoque
1534 2411 1691 2451 curavit,

258 2466 350 2501 quae
376 2454 420 2487 ad
447 2454 537 2487 belli
573 2452 868 2497 compositionem
895 2457 931 2485 et
964 2463 1087 2496 pacem
1111 2452 1207 2486 inter
1233 2454 1484 2499 imperatorem
1512 2461 1547 2488 et
1575 2466 1693 2500 regem

257 2500 543 2535 constituendam
581 2498 831 2544 pertinebant,
872 2498 966 2531 ultro
991 2499 1153 2543 citroque
1194 2500 1240 2532 ad
1267 2502 1401 2534 Maium
1428 2502 1550 2535 classis
1575 2504 1693 2547 regiae

257 2548 474 2594 praefectum
507 2545 693 2578 mittendis
719 2544 1008 2589 recipiendisque
1037 2544 1163 2578 literis.
1199 2546 1335 2590 legatos
1360 2548 1468 2591 igitur
1498 2559 1541 2580 ex
1570 2548 1692 2581 Sicilia

258 2594 304 2627 ad
331 2604 366 2627 se
394 2594 519 2626 missos
537 2591 581 2625 ad
600 2592 850 2636 imperatorem
869 2591 920 2623 ire
945 2590 1064 2631 iubet,
1098 2591 1262 2636 petitque
1282 2599 1322 2626 ut
1345 2604 1467 2626 eorum
1494 2595 1693 2628 orationem

259 2641 382 2674 audiat
405 2641 480 2686 (eos
507 2639 625 2680 enim,
654 2643 827 2683 quantum
860 2637 1104 2678 intellexerit,
1130 2637 1223 2670 nihil
1247 2639 1410 2684 iniquum
1440 2646 1501 2673 aut
1527 2640 1693 2674 immodi-

259 2699 337 2721 cum
358 2686 573 2733 postulare),
600 2690 635 2718 et
661 2685 691 2718 si
717 2683 919 2729 pacificatio
946 2684 1176 2723 successerit,
1199 2685 1237 2717 id
1266 2685 1357 2727 sibi,
1384 2687 1590 2732 priusquam
1615 2687 1693 2722 vul-
