1838 3210
463 179 533 219 DE
571 179 827 221 MANUELE
871 179 1131 224 comneno
1170 183 1267 223 Lm.
1320 185 1355 224 1.
1555 164 1629 239 95

190 281 271 322 τῶν
301 281 435 322 ἵππων
467 279 610 328 αὐτοῖς
634 275 951 332 ἕπαμυνόντων,
990 276 1066 323 κᾶν
1094 275 1198 337 ἦσαν
1225 280 1438 333 ω’κύποδες
1467 284 1540 325 καὶ
1565 283 1631 325 ἐπ’

191 341 333 402 ἄκρων
362 343 592 399 ἀνθερίκων
617 344 771 399 μικροῦ
795 344 980 401 θέοντες)
1009 342 1039 401 ἢ
1065 343 1191 399 ὁμόσε
1220 351 1379 404 χωρεῖν
1404 353 1492 398 τοῖς
1504 347 1630 392 Ἀλα·

188 416 338 464 μανοῖς
362 409 466 453 κατὰ
494 409 636 464 μάχην
664 409 906 463 ἀγχέμαχον
921 441 933 462 ,
963 412 1288 467 ἕκρεανομοῦντο
1315 414 1528 468 ποικίλως,
1556 413 1633 455 καί

189 479 257 520 ἐπ’
283 473 396 534 ἄλλῳ
428 471 550 524 ἄλλος
571 475 741 517 ἔπιπτον
768 474 826 524 ὦς
845 475 1068 530 ἀστάχυες,
1090 476 1162 521 εἴτ’
1196 474 1271 520 οὖν
1296 478 1355 528 ὥς
1371 478 1498 537 ῥᾶγες
1525 474 1633 533 αἷμα

152 542 234 586 5τό
281 541 456 594 ζωτικὸν
496 540 770 594 ἀπεθλίβοντο
810 546 895 590 τοῖς
937 541 1218 598 λογχηφόροις
1263 544 1625 600 ληνοβατούμενοι.

189 607 228 650 οἱ
255 611 332 662 μὲν
360 606 441 662 γὰρ
469 606 621 661 δόρασι
651 604 929 661 διηλαύνοντο,
961 607 999 648 οἱ
1029 609 1074 649 δὲ
1099 614 1186 659 τοῖς
1213 613 1295 651 τῶν
1322 613 1454 666 ’ξιφῶν
1483 611 1633 666 ε’πιμὴ-

187 689 303 716 κεσιν
343 669 590 727 ἀπεχώρουν
628 672 729 728 διχῇ
772 669 1059 727 διαιρούμενοι
1072 705 1084 725 ,
1128 673 1202 715 καί
1225 672 1405 727 μάλιστα
1428 675 1474 719 τὸ
1504 675 1633 730 ψιλόν

186 739 328 781 αὐτῶν
372 740 445 779 καί
472 736 632 791 γυμνὸν
673 739 749 778 τοῦ
775 740 980 793 στρατοῦ,
1010 737 1049 779 οἱ
1081 739 1127 780 δὲ
1155 746 1240 788 τοῖς
1266 740 1466 796 ξιφιδίοις
1494 759 1632 799 παρα-

185 802 338 847 σταδὸν
379 800 652 855 οὖταζόμενοι
695 803 993 858 ἀνετρέποντο,
1038 802 1115 852 τὰς
1149 803 1338 859 χολᾰδας
1366 809 1444 848 τοῦ
1467 810 1632 862 χαλκοῦ
1645 816 1672 849 Β

127 871 468 924 ιοδιεκχέοντος,
515 867 573 917 ὥς
610 867 711 917 τούς
748 867 948 918 πεσόντας
979 870 1155 924 Πέρσας
1194 870 1245 912 τὰ
1279 873 1412 914 ἐκεῖσε
1439 872 1633 927 καλύψαι

183 936 310 977 πεδία
336 940 424 984 τοῖς
456 932 677 987 πτώμασιν
698 933 881 989 ἀκριβῶς
900 936 973 976 καί
1000 934 1286 989 ὕπεράντλους
1312 936 1391 987 τοὶς
1417 935 1635 994 φάραγγας

181 1003 322 1043 θεῖναι
349 1005 437 1050 τοῖς
469 1001 647 1054 αἵμασι,
677 1001 760 1041 τῶν
790 1000 836 1040 δὲ
861 999 1029 1042 Ἰταλαῖν
1054 1003 1264 1056 βληθῆναι
1291 1004 1370 1055 μὲν
1395 1002 1480 1045 ἀπὸ
1506 1003 1636 1056 τόξων

181 1064 377 1120 πολλούς,
394 1067 707 1120 καταβληθῆναι
733 1065 780 1106 δὲ
801 1066 874 1106 καί
891 1064 1144 1120 ἀφυπιῶσαι
1160 1069 1339 1123 βραχεῖς
1356 1071 1416 1118 εἰς
1436 1070 1633 1114 θάνατον.

185 1131 258 1174 καί
283 1132 545 1188 μαρτυροῦσι
571 1128 617 1172 τὸ
647 1134 729 1173 τῶν
755 1128 964 1173 πεσόντων
1001 1132 1045 1180 ἐς
1072 1132 1197 1188 δεῦρο
1227 1133 1462 1177 πολύποσον
1490 1133 1528 1177 οἱ
1550 1139 1635 1179 τῶν

122 1198 169 1239 15
184 1196 339 1240 ὀστέων
380 1201 513 1253 σωροί
539 1193 646 1238 οὕτω
677 1197 827 1250 συχνοί
859 1198 932 1238 καί
956 1199 1158 1253 μετέωροι
1190 1193 1305 1248 ὄντες
1333 1199 1406 1242 καὶ
1431 1199 1542 1243 κατὰ
1576 1202 1629 1244 ra*

180 1262 436 1318 ἀνεστηκότα
473 1261 667 1318 γεώλοφα
709 1261 1005 1316 ἐπαιρόμενοι,
1049 1260 1106 1312 ὥς
1145 1265 1296 1317 θαῦμα
1339 1269 1507 1308 κεῖσθαι
1558 1269 1633 1310 καί

178 1323 320 1378 ἄλλοις
345 1330 423 1382 μὲν
451 1327 599 1370 ὁπόσοι
627 1330 698 1384 τῆς
724 1329 856 1370 ἐκεῖσε
873 1328 1083 1384 φερούσης
1109 1325 1277 1384 ἥψαντο
1291 1362 1304 1382 ,
1335 1332 1467 1384 κάμοί
1491 1333 1540 1375 δὲ
1570 1335 1669 1391 ufic

177 1397 311 1437 ταῦτα
349 1395 648 1451 συγγράφοντι.
714 1391 855 1436 ὁποῖαι
893 1395 971 1447 μὲν
1002 1389 1076 1436 οὖν
1121 1390 1231 1450 ἦσαν
1258 1398 1343 1438 τῶν
1369 1400 1555 1453 θριγγῶν
1582 1400 1629 1441 αἱ

176 1463 444 1517 περίμετροι,
474 1460 518 1502 οἳ
538 1461 620 1503 τῶν
647 1460 855 1516 Κίμβρων
883 1466 970 1510 τοῖς
998 1459 1156 1510 ὀστέοις
1180 1460 1256 1511 τὰς
1284 1464 1369 1505 τῶν
1395 1466 1628 1521 Μασαλιη-

113 1527 262 1569 ποτῶν
302 1524 514 1580 ἀμπέλους
550 1525 937 1582 περιεφράγμωσαν
964 1529 1144 1582 ΙΙΙαρίου
1183 1528 1262 1570 τοῦ
1281 1527 1492 1582 Ῥωμαίου
1527 1530 1628 1580 τοὺς

131 1609 142 1621 ·
174 1592 419 1648 βαρβάρους
454 1595 857 1649 καταστρεψαμένου
874 1624 887 1646 ,
927 1593 1076 1634 εἰδεῖεν
1101 1590 1153 1635 ἂν
1180 1596 1425 1651 σαφέστατα
1454 1593 1547 1639 ὅσοι
1574 1598 1621 1640 τό

178 1657 323 1701 καινὸν
361 1661 492 1701 ἐκεῖνο
525 1657 646 1714 ἔργον
673 1658 910 1715 ὀφθαλμοῖς
947 1656 1219 1715 ὃιειλήφεσαν
1246 1659 1321 1702 καί
1348 1665 1438 1711 τοῖς
1463 1666 1626 1713 λοιποῖς

176 1725 238 1773 εἰς
284 1722 411 1779 ἀκοήν
455 1724 584 1766 αἰτίου
613 1725 894 1779 παρέπεμψαν
913 1741 924 1752 ·
1000 1722 1045 1766 τὸ
1074 1727 1121 1766 δὲ
1160 1727 1236 1767 νῦν
1259 1727 1385 1768 τοῦτο
1415 1726 1491 1769 καί
1517 1726 1623 1784 ὖπὲρ

176 1791 307 1832 ἐκεῖνο
335 1786 569 1845 δήπουθεν,
602 1787 686 1843 εἴγε
713 1788 772 1844 μὴ
800 1791 1094 1846 μεγαλοφωνία
1122 1782 1174 1844 ἦν
1202 1789 1253 1832 ui
1283 1790 1388 1834 κατὰ
1400 1794 1626 1849 Κίμβρους

274 1913 300 1936 1.
326 1901 402 1949 καὶ]
431 1897 452 1943 ἦ
474 1900 552 1947 μὴν
575 1901 615 1934 Α.
735 1902 765 1945 4.
793 1899 993 1950 ἀστάχυες]
1020 1900 1061 1935 αἱ
1085 1899 1245 1946 στάχυες
1268 1903 1308 1936 Α.
1433 1904 1491 1939 ι6.
1510 1903 1621 1951 γήλο-

269 1959 325 1995 φα
346 1949 386 1981 A.
483 1949 540 1993 ²4·
565 1949 726 1995 κίμβρον
748 1948 788 1981 Α.

175 2050 294 2083 sontes
331 2049 626 2094 regrederentur,
658 2050 728 2095 ipsi
761 2061 843 2083 vero
878 2061 951 2083 non
974 2060 1073 2083 secus
1097 2061 1139 2084 ac
1164 2056 1259 2085 terra
1285 2051 1553 2097 proficiscentes
1581 2056 1621 2090 in

175 2096 296 2130 Persas
332 2107 375 2129 ex
415 2096 608 2142 improviso
641 2096 830 2130 irruerent.
861 2095 1007 2129 barbari
1029 2108 1138 2139 vero,
1173 2098 1236 2143 qui
1274 2109 1342 2132 nec
1359 2100 1443 2145 suga
1466 2101 1619 2136 salutem

175 2153 349 2188 quaerere
371 2145 470 2188 (nam
506 2155 525 2176 a
548 2144 851 2189 persequentibus
884 2143 1140 2189 capiebantur,
1163 2144 1257 2178 nihil
1282 2145 1400 2179 adiuti
1428 2147 1621 2182 velocitate

176 2200 350 2235 equorum
389 2189 611 2237 incredibili)
647 2201 767 2236 neque
792 2194 989 2225 comminus
1013 2201 1171 2235 pugnare
1198 2203 1278 2224 cum
1301 2194 1510 2229 Alemannis
1535 2207 1621 2241 pos-

176 2242 279 2278 sent,
302 2235 410 2270 variis
438 2237 554 2271 modis
581 2237 826 2271 caedebantur
841 2263 851 2279 ,
883 2243 994 2282 atque
1011 2238 1075 2270 alii
1099 2248 1208 2283 super
1233 2239 1324 2273 alios
1348 2241 1539 2275 aristarum
1563 2242 1622 2276 in·—

175 2287 250 2316 star
272 2282 459 2317 cadebant.
500 2296 583 2317 nam
604 2283 643 2317 hi
664 2284 800 2318 lanceis
828 2284 1154 2326 confodiebantur,
1181 2285 1237 2318 illi
1261 2287 1466 2332 praelongis
1489 2288 1620 2332 gladiis

174 2330 286 2363 medii
322 2330 619 2372 dissecabantur,
654 2332 783 2366 velites
817 2332 1051 2377 praesertim,
1086 2331 1168 2364 aliis
1203 2334 1377 2377 pugiones
1419 2335 1458 2368 in
1482 2336 1619 2369 viscera

174 2376 431 2421 adigebantur,
463 2383 504 2411 ut
529 2379 714 2411 Persarum
743 2378 976 2412 cadaveribus
1003 2379 1118 2423 campi
1143 2378 1199 2411 illi
1215 2380 1322 2424 plane
1350 2386 1558 2426 tegerentur
1582 2388 1620 2416 et

173 2423 286 2458 valles
309 2425 483 2468 sanguine
509 2424 766 2460 redundarent.
819 2425 994 2459 Italorum
1018 2425 1123 2459 multi
1151 2427 1291 2470 sagittis
1319 2427 1402 2470 icti,
1425 2429 1532 2474 pauci
1555 2440 1618 2462 ve-

175 2480 213 2502 ro
242 2470 423 2504 interfecti
461 2476 555 2504 sunt.
595 2477 731 2517 quanta
769 2478 889 2505 autem
923 2472 1119 2506 multitudo
1153 2472 1345 2515 ceciderit,
1371 2475 1480 2508 etiam
1505 2475 1618 2509 hodie

175 2517 307 2550 ossium
335 2517 468 2550 tumuli
492 2517 608 2551 crebri
624 2524 661 2552 et
683 2518 746 2552 alti
772 2519 919 2552 collium
945 2520 1059 2552 instar
1083 2523 1281 2564 testantur3
1308 2531 1418 2566 quos,
1444 2522 1508 2568 qui
1531 2523 1618 2555 illac

175 2562 246 2595 iter
268 2563 401 2604 habet,
425 2565 544 2610 quivis
568 2565 786 2607 admiretur,
821 2571 862 2599 ut
886 2571 923 2599 et
945 2577 1011 2611 ego
1026 2591 1036 2607 ,
1060 2566 1124 2611 qui
1149 2565 1238 2599 haec
1273 2567 1412 2610 scribo,
1448 2579 1526 2602 sum
1550 2568 1616 2602 ad-

174 2609 334 2643 miratus.
368 2622 409 2643 ac
447 2612 574 2656 quanti
609 2613 770 2658 saepium
807 2612 947 2647 fuerint
978 2613 1155 2652 ambitus,
1190 2624 1284 2658 quae
1311 2625 1355 2648 ex
1388 2615 1613 2649 Cimbrorum

175 2655 317 2689 ossibus
342 2656 456 2691 factae
474 2659 755 2693 Massiliensium
779 2660 901 2693 vineas
925 2659 1119 2705 cingebant
1141 2659 1305 2694 barbaris
1332 2673 1353 2695 a
1379 2662 1495 2696 Mario
1522 2661 1615 2696 duce

174 2702 412 2736 Romanorum
439 2706 572 2746 caesis,
599 2706 627 2739 ii
652 2707 804 2740 maxime
817 2707 985 2742 noverint
1007 2707 1070 2752 qui
1095 2717 1216 2740 recens
1241 2708 1334 2741 illud
1359 2708 1498 2742 facinus
1527 2718 1614 2742 ocu-

172 2749 220 2783 lis
236 2755 454 2795 usurparunt
480 2757 518 2785 et
541 2753 693 2787 caeteris
717 2759 967 2799 exposuerunt.
996 2753 1059 2788 sed
1074 2752 1142 2786 hoc
1166 2753 1231 2786 illo
1257 2756 1384 2801 utique
1407 2755 1521 2789 maius
1546 2761 1612 2798 est,
