1878 3230
261 225 325 281 77
341 226 367 257 2
679 204 907 251 NicETAE
953 194 1264 242 cnonTAE

261 323 383 376 ζῆλον
429 316 501 359 τόν
550 308 707 365 ὅμοιον.
786 305 844 354 ὥς
887 305 927 344 δ’
956 302 1029 342 οὐκ
1067 288 1308 350 έξηρέθιστό
1339 302 1402 336 τις
1435 286 1534 341 πρὸς
1559 286 1688 327 ταῦτα

261 383 359 427 οὔτε
386 381 469 437 μὴν
496 370 833 430 συνεπωτρύνετό
860 369 902 410 οἱ
930 365 1035 421 πρὸς
1059 361 1135 417 τὴν
1162 360 1234 402 τοῦ
1261 354 1465 410 τυράννου
1495 352 1690 403 καθαίρε-

69 463 78 471 ”
127 463 164 496 P.
183 461 250 507 376
262 467 355 502 σιν,
381 449 540 500 λέγεται
567 443 697 483 εἰπεῖν
725 435 902 491 ,,ἔγωγε,
930 432 988 480 ὥς
1015 424 1154 482 εἶχον,
1181 424 1230 480 τῇ
1259 420 1431 474 πατρίδι
1458 413 1694 470 ἐπήμυνα,”

262 513 334 557 καὶ
358 511 402 555 τό
434 507 581 553 λοιπὸν
612 506 795 560 ἡσυχίαν
823 496 939 554 ἄγειν
969 494 1042 538 καὶ
1061 491 1236 548 γράφειν
1265 482 1478 540 ποιήματα
1505 479 1576 521 καί
1605 479 1698 520 δια-

263 576 466 628 τωθάζειν
502 573 750 628 Ἀθηναίους
792 569 835 615 ἐς
864 564 1088 617 ἀβουλίαν,
1121 552 1178 599 ὧν
1203 553 1293 596 ἔνια
1319 543 1377 605 μῆ
1406 542 1734 601 παρασυρέντα5

265 646 321 703 τῷ
346 642 499 699 χρόνου
531 637 713 694 ῥεύματι
746 631 907 674 οὑτωσί
928 642 1015 675 πως
1042 623 1347 676 ξυντέθεινται·

487 705 526 747 εἶ
553 706 599 745 δὲ
625 699 857 743 πεπόνθατε
887 690 1001 736 δεινοὶ
1030 693 1083 732 δι’
1116 687 1319 740 ὑμετέρην
1346 677 1575 733 κακότητα,

530 768 587 824 μή
615 784 658 809 τι
691 769 806 814 θεοῖς
829 757 987 805 τούτων
1013 760 1164 810 μοῖραν
1191 748 1478 804 ἐπαμφέρετε·

492 835 614 878 αὐτοὶ
644 831 724 887 γὰρ
754 826 928 874 τούτους
951 819 1157 878 ηόξὴσατε
1187 814 1317 872 ῥύσια
1347 809 1510 862 δόντες,

534 901 605 941 καί
632 895 701 939 διὰ
732 895 866 936 ταῦτα
894 886 1024 942 κακὴν
1050 883 1194 938 ἔσχετε
1223 876 1490 929 δουλοσύνην.
1725 891 1771 918 10

493 964 632 1019 ὖμέων
659 963 698 1003 δ’
725 954 785 1008 εἷς
810 959 889 1010 μὲν
909 957 1079 1000 ἕκαστος
1107 944 1321 994 ἀλώπεκος
1346 941 1481 996 ἴχνεσι
1498 940 1655 993 βαίνει,

538 1032 733 1083 σύμπασι
765 1023 803 1065 δ’
832 1022 933 1075 ὑμῖν
959 1018 1113 1072 κοῦφος
1136 1011 1271 1055 ἔνεστι
1298 1005 1390 1057 νόος
1408 1022 1421 1034 ·

497 1101 556 1148 εἷς
584 1092 664 1149 γὰρ
694 1091 887 1146 γλῶσσαν
916 1083 1040 1138 δρᾶτε
1065 1080 1138 1123 καί
1162 1079 1222 1127 εἰς
1249 1074 1347 1123 ἔπος
1375 1072 1515 1115 αἰόλον
1541 1064 1714 1124 α’νδρός,

241 1184 269 1216 B
543 1164 603 1210 εἰς
629 1157 747 1213 ἔργον
775 1156 812 1195 δ’
842 1152 963 1193 οῦδὲν
989 1145 1229 1202 γιγνόμενον
1252 1142 1435 1195 βλέπετε.

283 1239 323 1279 εἰ
350 1234 451 1288 γοῦν
495 1231 624 1281 λέγων
660 1225 732 1264 καί
760 1217 955 1273 πράττων
993 1212 1015 1255 ὁ
1040 1209 1183 1253 Σόλων
1213 1205 1317 1261 πρὸς
1343 1202 1556 1258 πειθήνιον
1581 1198 1717 1253 λόγοις
1733 1204 1781 1246 15

155 1311 276 1355 V.309
287 1298 487 1354 ὁμήγυριν
514 1293 711 1348 ἠλέγχετο
738 1283 874 1339 μάτην
900 1277 1120 1334 ἀμφότερα
1149 1271 1318 1327 μετιών,
1350 1267 1488 1311 Σόλων
1514 1268 1667 1314 ἐκεῖνος
1694 1260 1716 1302 ὅ

287 1364 500 1418 Κοδρίδης
526 1359 604 1411 μὲν
643 1351 688 1395 τὸ
729 1352 869 1404 γένος,
909 1345 963 1401 τῷ
1009 1344 1056 1384 δὲ
1083 1342 1155 1395 τῆς
1180 1335 1332 1393 σοφίας
1359 1333 1540 1388 περιόντι
1566 1330 1720 1384 μικροῦ

287 1433 426 1473 πᾶσαν
465 1424 541 1479 τὴν
577 1415 847 1472 τετράκλιμον
884 1402 1092 1459 διελθών)
1137 1402 1279 1444 ὄποῖον
1314 1395 1366 1441 ἄν
1407 1413 1469 1446 τις
1509 1398 1590 1438 τῶν
1622 1394 1719 1436 καθ’

288 1494 398 1551 ἡμᾶς
438 1481 708 1542 εἰσενηνοχώς
742 1485 826 1527 τοῖς
852 1478 1001 1521 κοινοῖς
1039 1471 1262 1524 ἐπήρκεσεν
1297 1461 1349 1507 ἂν
1371 1461 1640 1519 πράγμασιν,
1666 1452 1723 1500 ὧν

294 1559 333 1602 οἱ
361 1559 436 1611 μὲν
475 1555 662 1608 βασιλεῖς
710 1548 754 1589 ἐν
795 1543 990 1599 ῥαθυμίᾳ
1023 1536 1247 1593 τραφέντες
1276 1527 1384 1586 ἦσαν
1423 1530 1466 1579 ἐξ
1493 1527 1628 1581 α’ρχῆς
1657 1522 1727 1565 καί
1737 1543 1790 1569 20

295 1615 504 1682 ῥέγκοντες
544 1614 744 1672 ἡδύτερον
771 1609 1040 1659 Ἐνδυμίωνος
1079 1603 1150 1642 καί
1175 1597 1227 1641 τὰ
1270 1599 1418 1638 δεῖπνα
1457 1590 1729 1645 πρωϊαίτερον

296 1690 588 1746 προσιέμενοι,
638 1677 711 1721 καί
750 1674 947 1717 τοσοῦτον
996 1670 1071 1723 τῆς
1105 1667 1188 1708 τῶν
1227 1656 1482 1718 πραγμάτων
1518 1655 1731 1710 εὐκαιρίας

396 1823 429 1855 7.
453 1802 575 1851 δεινὰ]
611 1797 730 1846 λυγρὰ
755 1799 793 1832 Α.
854 1820 869 1834 9
947 1794 981 1827 8.
1004 1786 1159 1838 μοῖραν]
1183 1786 1300 1832 μῆνιν
1324 1784 1363 1817 Α.
1501 1791 1534 1824 9.
1562 1773 1732 1823 τούτους]

394 1854 496 1890 ταῦτ’
519 1848 692 1895 ηὐξήσατ’
716 1844 885 1891 ἐρύματα
915 1840 955 1873 A.
1078 1847 1128 1869 ιι.
1156 1833 1282 1879 ὑμέων
1305 1850 1350 1857 —
1374 1828 1522 1873 βλέπετε
1547 1835 1604 1857 om
1627 1824 1667 1858 A.

306 1979 421 2011 heret.
446 1983 523 2006 cum
560 1973 679 2002 autem
714 1962 893 1997 neminem
933 1957 978 1990 ad
1012 1953 1153 1999 tyranni
1193 1948 1438 1995 expulsionem
1477 1956 1541 1978 suo
1576 1940 1737 1985 exemplo

309 2021 530 2067 impulisset,
566 2014 698 2049 dixisse
732 2010 844 2042 fertur
876 2016 933 2045 se,
970 2009 1010 2036 ut
1045 1999 1210 2040 licuerit,
1242 1995 1380 2040 patriae
1404 2003 1508 2037 opem
1531 1990 1677 2029 tulisse,
1701 1997 1742 2019 ac

309 2075 436 2115 postea
474 2075 537 2109 per
576 2061 689 2095 otium
721 2053 996 2091 Atheniensium
1034 2047 1271 2081 temeritatem
1308 2047 1345 2075 et
1369 2037 1637 2082 incogitantiam
1660 2044 1742 2080 per-

313 2114 498 2149 strinxisse
531 2106 719 2145 versibmz,
751 2110 904 2147 quorum
937 2093 1102 2130 nonnulli
1139 2093 1317 2127 vetustate
1353 2098 1427 2121 non
1453 2083 1580 2118 aboliti
1604 2082 1655 2115 sic
1677 2079 1743 2113 ha-

312 2163 412 2196 bent.

498 2215 528 2247 si
553 2215 671 2244 vestro
697 2207 785 2240 vitio
813 2203 959 2238 tandem
986 2199 1079 2233 mala
1101 2196 1252 2243 plurima
1277 2191 1395 2231 fertis,

579 2256 623 2289 de
650 2253 788 2298 superis
815 2251 906 2283 ratio
933 2259 1007 2281 non
1033 2245 1120 2279 sinit
1141 2243 1216 2275 ulla
1242 2238 1355 2285 queri.

502 2312 658 2346 namque
683 2310 751 2344 ope
780 2296 866 2330 dum
890 2300 1007 2329 vestra
1024 2291 1134 2324 libuit
1166 2289 1304 2321 firmare
1328 2289 1517 2326 tyrannos,

580 2346 717 2381 servitii
745 2344 872 2377 merito
896 2353 958 2374 vos
985 2348 1088 2384 grave
1113 2334 1254 2378 stringit
1276 2341 1379 2363 onus.

517 2401 669 2430 astutam
692 2390 823 2435 vapido
848 2387 969 2432 geritis
1006 2384 1072 2418 sub
1092 2387 1237 2428 pectore
1260 2377 1415 2420 vulpem,

585 2447 622 2474 et
640 2439 765 2473 vestris
791 2434 917 2468 animis
941 2432 995 2465 nil
1022 2428 1203 2475 gravitatis
1228 2426 1331 2458 inest.

509 2488 658 2522 insidias
681 2484 849 2521 minime,
881 2490 969 2524 quas
994 2488 1048 2509 res
1073 2475 1179 2508 docet
1202 2473 1298 2516 ipsa,
1323 2466 1473 2502 videtis:

588 2533 652 2568 sed
674 2542 736 2566 vos
761 2526 961 2562 blanditiae
986 2524 1138 2567 fictaque
1163 2519 1273 2552 verba
1292 2518 1428 2549 tenent.

331 2596 462 2644 quodsi
503 2593 615 2627 Solon
650 2589 736 2628 ille,
762 2598 813 2632 ex,
836 2582 1047 2629 posteritate
1071 2578 1202 2617 Codri,
1229 2572 1424 2619 sapientiae
1448 2565 1666 2614 praestantia
1693 2575 1756 2609 per

331 2650 447 2679 totum
475 2641 550 2674 fere
574 2637 699 2672 orbem
721 2639 895 2667 terrarum
919 2627 1090 2667 celebris,
1114 2622 1208 2669 apud
1232 2620 1405 2666 populum
1427 2614 1545 2649 verbis
1573 2612 1646 2656 regi
1672 2611 1758 2643 soli-

331 2698 409 2725 tum
438 2689 567 2722 frustra
598 2689 635 2717 et
659 2681 814 2715 ‹lixifet
841 2677 928 2710 fecit
939 2674 1070 2711 omnia,
1095 2670 1181 2716 quid
1199 2668 1307 2701 alicui
1323 2670 1465 2699 nostrae
1479 2660 1604 2694 aetatis
1621 2656 1760 2690 homini

334 2735 510 2770 iuvandae
535 2729 770 2775 reipublicae
798 2735 903 2758 causa
927 2719 1131 2755 faciendum
1147 2717 1285 2755 fuisset,
1310 2724 1386 2746 cum
1404 2710 1631 2752 imperatores
1646 2702 1759 2736 nostri

336 2783 380 2817 ab
404 2783 551 2816 ineunte
583 2781 704 2812 aetate
730 2775 768 2807 in
791 2769 917 2805 umbra
941 2775 978 2802 et
1001 2767 1074 2800 otio
1104 2762 1246 2799 educati
1270 2770 1367 2795 more
1384 2752 1609 2799 Endymionis
1634 2754 1761 2784 sterte-
