1838 3210
583 182 852 224 ionANNEs
894 183 1199 224 COMNENUS.
1534 164 1608 237 39

171 285 399 339 σατραπῶν
441 283 753 334 συνελθόντων,
791 285 1007 331 πλείστους
1035 276 1158 331 ὅσους
1184 279 1284 331 τούς
1315 277 1609 329 ὁπλιτεύοντας

172 347 466 402 συνειλόχασιν
484 380 498 403 ‚
527 345 628 390 ὅθεν
655 349 729 389 καί
759 348 863 401 πρὸς
892 348 964 388 ἕνα
989 345 1276 400 συνασπισμὸν
1299 344 1511 395 συνιόντες
1539 347 1612 387 καί

172 414 406 467 ὁμαιχμίαν
433 412 737 469 κρατυνάμενοι
764 414 868 464 μίαν
889 411 1204 467 προσυπήντων,
1231 411 1305 454 τὸν
1330 414 1461 453 ἐκεῖσε
1491 426 1609 466 περι-

171 477 381 532 κλώμενον
408 477 598 532 ποταμὸν
625 476 870 531 διαβάντες,
901 474 1009 519 ἀλλὰ
1037 478 1111 519 καί
1137 477 1308 533 δοράτια
1336 478 1384 519 ἐκ
1410 475 1610 531 καλάμων

134 543 460 599 ὄκραδαίνοντες
486 549 579 594 ταῖς
605 546 682 584 τοῦ
708 544 915 596 βασιλέως
946 546 1248 595 συμπλέκονται
1279 541 1511 599 φάλαγξιν,
1539 543 1610 584 ἵπ-

170 626 264 658 ποις
290 609 502 652 αῗκύποσιν
529 607 823 663 ἐποχούμενοι.
898 607 971 650 καί
994 609 1234 663 συρρῆξεως
1261 610 1482 662 γενομένης
1509 611 1611 649 πολ-

168 674 289 724 λάκις
318 677 393 730 τὴν
418 676 535 730 νίκην
561 673 583 716 ὅ
614 674 816 726 βασιλεύς
845 674 1124 729 ἀποφέρεται,
1154 676 1226 715 καί
1253 672 1290 714 οἱ
1321 675 1399 726 μὲν
1427 675 1511 715 τῶν
1537 689 1605 714 πο·
1622 679 1665 714 V.
1685 681 1725 714 16

544 735 616 752 ut!

167 741 322 793 λεμίων
354 738 458 782 κατὰ
486 755 562 781 του
588 741 744 788 υδατος
771 737 1076 791 οἷκοντίζοιται,
1110 736 1148 779 οἱ
1178 740 1214 779 δ”
1244 739 1512 792 ἕμπείρονται
1541 738 1616 780 δό-

167 822 316 860 ρασιν,
347 807 544 859 οΰὸαμῶς
573 803 888 859 ἒπαρκεσιίντων
928 807 1051 859 σφίσι
1081 805 1164 845 τῶν
1191 804 1461 856 ε’νσειομένων
1491 805 1615 846 δυνά·

109 888 279 925 ιοκων,
330 872 418 913 ἀλλ’
449 871 610 926 ἀσθενῆ
638 871 711 912 καί
735 869 886 926 λεπτὴν
916 870 1162 924 ἐπικουρίαν
1188 871 1262 912 καί
1286 869 1331 912 τὸ
1360 867 1454 912 ὅλον
1482 871 1614 912 εἰπεῖν

164 935 396 992 καλαμίνην
416 938 714 992 παρεχομένων
742 936 899 985 αὐτοῖς.
973 937 1164 977 ἐντεῦθεν
1191 937 1251 985 εἷς
1278 934 1324 977 τὸ
1354 942 1488 990 τεῖχος
1513 937 1615 977 οἰνα-

163 1005 429 1058 χωρήσαντες
475 997 615 1043 οὖκέτι
657 1001 877 1052 ἑπεξόὃους
904 998 1142 1056 εἰργάζοντο
1159 1034 1172 1055 ‚
1204 1002 1250 1042 ἐκ
1278 1003 1325 1044 δὲ
1355 1004 1439 1043 τῶν
1464 1003 1615 1056 γηΐνων

164 1066 336 1124 ὀρόφων
373 1066 708 1124 προφαινόμενοι
755 1067 828 1108 καί
868 1065 1023 1121 πολλὴν
1059 1068 1255 1109 ἐντεῦθεν
1295 1066 1371 1122 τήν
1410 1066 1615 1120 σύναρσιν

163 1131 329 1188 ἔχοντες
365 1134 589 1185 Ῥωμαίοις
631 1133 926 1189 ἀντεφέροντο,
972 1132 1047 1188 τήν
1078 1131 1239 1175 ἑαυτῶν
1261 1134 1411 1188 χώραν
1447 1136 1614 1182 α’νέντες

105 1198 152 1241 ¹5
164 1203 223 1250 εἰς
250 1199 296 1242 τὸ
327 1200 461 1249 α’ὃεῶς
488 1197 793 1254 ἐκπορθεῖσθαι
820 1202 891 1242 καί
930 1201 1154 1254 ληίζεσθαι
1181 1200 1255 1241 καί
1277 1202 1531 1253 χειροῦσθαι
1559 1200 1611 1242 τὰ

163 1263 364 1322 φρούρια.
420 1261 530 1306 οὕτω
559 1266 605 1306 δὲ
630 1264 786 1308 τούτων
816 1263 1076 1320 πραττόντων
1100 1297 1112 1319 ,
1144 1263 1167 1306 ὅ
1193 1264 1396 1319 βασιλευς
1422 1265 1500 1315 τὰς
1530 1267 1610 1322 φοί-
1622 1274 1655 1307 Ρ.
1671 1284 1717 1311 20

160 1335 316 1386 λαγγας
345 1329 648 1386 διηυκρινηκώς
685 1330 759 1371 καί
783 1329 891 1372 κατα
919 1332 1035 1384 γένος
1062 1333 1137 1372 καί
1163 1334 1347 1387 φατρίας
1371 1330 1609 1388 διῃρηκοός,

161 1397 218 1446 ὥς
247 1398 363 1452 φῦλα
413 1395 563 1452 φύλοις
595 1394 826 1451 α’ρὴγωσιν,
873 1398 933 1446 εἰς
958 1399 1064 1449 μίαν
1087 1403 1244 1450 μοῖραν
1269 1395 1339 1439 τὸν
1373 1398 1610 1441 Μακεδόνα

160 1465 436 1517 καθίστησιν,
480 1459 628 1517 ἑτέραν
671 1460 717 1504 τὸ
755 1464 837 1503 τῶν
866 1463 1094 1516 ἐκλεκτῶν,
1139 1458 1268 1518 ἄλλην
1291 1463 1340 1505 τὸ
1374 1462 1609 1517 Σκυθικόν,

97 1546 148 1572 20
161 1526 225 1570 ἔτι
254 1529 300 1570 δὲ
324 1527 372 1570 τὸ
403 1528 448 1569 ἐκ
475 1529 687 1583 Περσίδος
718 1527 963 1583 ὁρμώμενον
988 1527 1063 1570 καί
1089 1531 1401 1584 προσχωρῆσαν
1423 1527 1608 1582 Ῥωμαί-

159 1609 223 1644 οις
251 1592 358 1637 κατὰ
386 1595 592 1647 πολέμους
619 1593 717 1644 τούς
744 1595 958 1649 πρότερον.
1025 1593 1098 1636 καί
1123 1596 1179 1652 τῷ
1208 1595 1359 1648 α’μιγεῖ
1379 1595 1453 1636 καί
1479 1599 1609 1636 πολυ-

255 1707 281 1728 ι.
312 1694 466 1731 ‹funt-ec
489 1694 528 1726 A.
682 1697 714 1730 3.
739 1693 1095 1740 περικυκλούμενον
1130 1696 1177 1735 Α,
1202 1698 1272 1728 τοῦ
1299 1693 1466 1739 κάσιρου
1493 1705 1608 1740 περι-

249 1742 567 1786 τριγυριζόμενον
592 1741 628 1776 Β,
729 1753 779 1775 ¹2.
805 1743 845 1774 ἐκ
872 1741 913 1774 δὲ
938 1743 1012 1775 τῶν
1043 1742 1094 1787 γ.]
1124 1739 1169 1783 ἦν
1194 1740 1234 1775 δὲ
1270 1739 1310 1775 τὸ
1336 1745 1515 1775 τοιοῦτον
1538 1743 1608 1776 κᾶ-

252 1798 367 1832 στρον
392 1788 569 1831 ἰσόγαιον
592 1786 669 1821 α’πό
689 1789 756 1821 τοῦ
785 1787 929 1821 ἔσωθεν
943 1788 1052 1820 Wolf.
1067 1788 1145 1820 cod.
1242 1791 1295 1822 16.
1319 1781 1387 1824 τὰς
1414 1788 1513 1835 ᾳαλ.]
1538 1781 1606 1827 τὰς

249 1834 372 1874 τιίξεις
398 1834 470 1869 α’νὰ
499 1836 615 1880 μέρος
642 1836 704 1867 καὶ
730 1835 847 1879 μέρος
871 1834 1054 1873 συντάξας
1071 1835 1127 1867 W.
1228 1839 1280 1871 ¹8.
1309 1836 1363 1870 εἰς
1384 1835 1491 1882 μίαν]
1515 1834 1606 1874 τοὺς

248 1881 487 1921 niunden-ccc,
518 1874 607 1917 τοὺς
632 1881 846 1924 κομιὲνους,
877 1874 968 1917 τοὺς
999 1880 1252 1926 προσφύγουζ
1289 1880 1499 1924 rodonem,
1536 1877 1605 1924 τὴν

247 1930 324 1963 τῶν
352 1928 534 1962 ἐκλεκτῶν
554 1928 761 1973 λεγομένην
796 1927 975 1966 σύνταξιν
1010 1928 1047 1960 Β.
1172 1938 1221 1973 ¹9·
1254 1920 1296 1961 ιό
1321 1929 1396 1963 τῶν
1420 1929 1509 1976 ἐπεὶ]
1558 1927 1599 1964 τό

248 1975 290 2009 ἐκ
316 1976 457 2010 κελτιῦν
481 1975 521 2007 Α.

156 2076 344 2100 commune
374 2063 583 2097 incendium
621 2063 914 2108 restinguendum
950 2062 1211 2109 confluxerant)
1247 2063 1422 2108 plurimos
1463 2066 1601 2100 milites

154 2117 370 2157 coegerunt,
399 2117 437 2144 et
460 2111 551 2144 inita
579 2111 751 2143 societate
777 2109 1040 2154 conductisque
1067 2110 1106 2142 in
1134 2121 1243 2142 unum
1272 2111 1386 2155 copiis
1413 2119 1601 2157 superato-

154 2170 226 2205 que
261 2157 534 2203 praeterfluenti
572 2168 676 2190 amne
712 2157 830 2190 iacula
854 2156 1054 2189 arundinea
1076 2156 1284 2198 vibrantes,
1309 2164 1347 2191 et
1371 2159 1474 2202 equis
1500 2159 1603 2192 velo-

153 2206 306 2239 cissimis
346 2204 547 2237 insidentes
563 2229 573 2245 ,
610 2203 860 2248 imperatorias
885 2202 1081 2248 phalanges
1106 2203 1203 2236 ultro
1226 2204 1431 2245 lacessunt,
1460 2217 1500 2238 ac
1523 2217 1604 2239 sae-

151 2253 234 2298 pius
259 2251 390 2296 agressi
417 2257 558 2284 nostros
580 2250 785 2291 vincuntur,
812 2251 876 2283 alii
900 2251 938 2282 in
965 2250 1100 2282 flumen
1123 2250 1374 2295 praecipitati,
1398 2252 1463 2285 alii
1489 2252 1605 2286 hastis

153 2299 337 2339 transfixi,
363 2297 457 2331 nihil
479 2297 596 2330 adiuti
618 2297 823 2330 vibratione
855 2296 1070 2329 arundinum
1086 2322 1095 2336 ‚
1121 2308 1272 2340 quarum
1302 2299 1478 2331 auxilium
1502 2300 1605 2332 infir-

152 2357 251 2379 mum
275 2351 386 2378 tenue
422 2356 462 2378 ac
487 2345 595 2389 plane
616 2343 865 2379 arundineum,
890 2343 1180 2387 experiebantur.
1204 2343 1337 2376 dehinc
1362 2346 1458 2378 intra
1483 2346 1604 2378 muni-

152 2393 270 2426 tiones
296 2391 429 2425 reversi
467 2402 541 2424 non
577 2391 731 2435 amplius
767 2389 1063 2435 egrediebantur,
1098 2389 1162 2422 sed
1187 2401 1231 2431 ex
1258 2391 1385 2425 terreis
1421 2393 1527 2425 tectis
1563 2403 1602 2425 se

153 2438 386 2472 ostendentes
412 2449 454 2470 ac
481 2437 644 2470 muitum»
658 2437 745 2470 inde
769 2438 847 2481 opis
876 2436 1052 2471 habentes
1080 2442 1203 2470 contra
1227 2438 1404 2471 Romanos
1432 2438 1602 2471 fereban-

151 2490 222 2526 tur,
250 2483 516 2529 direptionibus
534 2490 570 2517 et
581 2483 845 2517 vastationibus
870 2495 1033 2527 agrorum
1058 2488 1095 2516 et
1114 2483 1349 2516 finitimorum
1368 2486 1600 2519 castellorum

153 2531 482 2577 expugnationibus
506 2531 690 2575 neglectis.
718 2542 812 2575 quae
837 2542 917 2565 cum
944 2530 1000 2563 illi
1027 2530 1199 2570 facerent,
1224 2530 1421 2575 imperator
1447 2532 1599 2576 phalan-

153 2589 213 2622 ges
237 2583 400 2611 recenset
424 2583 461 2610 et
482 2589 547 2622 pro
575 2577 785 2612 nationibus
812 2583 849 2611 et
875 2577 1044 2610 tribubus
1072 2576 1271 2618 distribuit,
1296 2583 1338 2610 ut
1365 2579 1502 2622 quique
1526 2579 1604 2611 suis

151 2623 388 2679 popularibus
423 2629 680 2658 succurrerent.
747 2623 964 2663 Macedones
989 2624 1026 2656 in
1063 2635 1172 2656 unam
1200 2624 1349 2657 classem
1377 2625 1510 2664 refert,
1540 2635 1603 2657 eos

153 2681 219 2714 qui
242 2671 366 2704 selecti
393 2671 561 2704 dicuntur
600 2671 638 2703 in
677 2670 846 2710 alteram,
873 2670 1022 2714 Scythas
1041 2670 1079 2702 in
1106 2669 1272 2709 tertiam,
1298 2670 1498 2715 eodemque
1522 2681 1602 2703 mo—

153 2715 201 2749 do
225 2717 364 2758 Persas,
389 2717 452 2761 qui
479 2716 727 2762 superioribus
753 2717 860 2749 hellis
889 2717 1056 2750 Romanis
1076 2723 1308 2749 accesserant.
1332 2717 1454 2749 hostes
1479 2722 1601 2750 autem

154 2762 221 2797 hac
242 2762 476 2799 distinctione
501 2769 545 2797 et·
561 2763 736 2798 varietate
771 2763 952 2807 legionum
978 2768 1013 2797 et
1033 2762 1242 2798 diversitate
1267 2774 1446 2797 armorum
1469 2763 1602 2803 territi.
