1878 3230
293 154 406 243 924
830 191 900 230 GI
902 188 1183 230 ossAmnM.

290 287 453 350 gohard.
483 288 541 324 tit.
573 286 623 338 59
649 288 674 335 ς
707 300 750 326 1:
780 297 818 326 ec
839 288 983 328 tollant
1008 289 1064 327 ad
1086 301 1254 328 saumas
1283 301 1374 327 suas
1408 285 1579 326 caballos
1607 297 1701 328 tres.

289 343 347 380 sic
375 340 648 379 Provinciales
673 343 862 381 saumade
897 343 1061 381 dicunt:
1107 349 1167 381 est
1195 343 1303 381 enim
1346 336 1502 403 σάγμα.
1534 339 1703 383 Achmes

291 391 416 445 ὀνειρ.
444 407 530 447 cap.
556 395 660 435 235·
687 394 1028 445 ἐκαβαλλίκενσεν
1057 393 1190 448 αὐτὴν
1215 392 1319 446 μετὰ
1347 392 1392 433 τὸ
1421 390 1576 444 σάγμα.
1604 395 1702 449 Egi-

289 455 427 486 nartus
454 448 494 485 in
525 450 606 487 vita
635 450 768 489 Caroli
795 451 859 488 M:
892 459 935 488 ut
960 459 1050 489 sunt
1075 452 1255 490 cortinae
1280 459 1319 489 et
1342 450 1519 500 stragula
1535 477 1547 495 ‚
1588 458 1701 503 capc-

289 503 549 552 tev‚fulcra‚
578 516 714 567 cona,
746 513 942 553 sagmata.
969 505 1061 543 inde
1088 518 1283 557 sagmare.
1314 502 1478 542 Glossae
1513 510 1700 542 veteres·
1763 504 1766 508 '

287 565 439 608 ,sagmac
451 557 605 595 asinum
625 571 770 597 σασσει
787 555 885 597 όνον.
901 565 940 596 et
958 568 1151 609 sagmatus
1171 557 1429 610 σεσαγμένος,
1451 570 1495 595 ex
1514 557 1705 596 emenda·-

289 612 399 649 tione
421 609 623 660 Vulcanii‚
646 626 764 664 quem
785 612 928 651 deinde
953 619 1108 652 secutus
1136 620 1193 651 est
1220 612 1282 650 Cl.
1302 611 1516 650 Salmasius
1542 611 1591 650 ad
1612 611 1701 650 hist.

286 664 391 716 Aug.
417 678 459 716 p.
487 661 577 714 354.
607 674 797 718 corrupte
825 667 940 705 etiam
961 667 1103 705 Graeci
1131 666 1273 715 σαῦμα
1294 666 1431 704 dicunt
1455 679 1526 716 pro
1544 661 1700 715 σάγμα.

285 717 564 770 Theophanes.
594 716 804 771 ἐκάθησαν
821 714 946 758 αὐτὸν
962 720 1031 759 ἐπι
1048 713 1123 775 όνω
1144 718 1458 772 σαυματομὲνω.
1485 720 1540 757 sic
1561 718 1706 771 legitur

285 771 329 811 in
349 772 487 811 codice
511 787 570 812 ms
587 772 735 812 Nicolai
754 774 876 813 Fabri
902 759 1112 813 Peirescii
1116 775 1193 813 viri
1224 757 1468 834 perillustris.
1499 773 1603 811 idem
1632 771 1705 812 διὰ

286 821 405 874 ζώων
433 827 761 877 σαγματομένων.
791 828 1022 868 Eustathius
1057 824 1287 879 σαγμάριον
1322 826 1502 878 accipere
1539 827 1705 866 videtur

284 893 359 942 pro
390 894 439 919 eo
464 881 570 944 quod
598 881 802 946 sagmariis
831 883 1074 949 imponitur.
1102 884 1158 922 sic
1186 882 1290 921 enim
1318 881 1455 920 scribit
1482 880 1533 919 ad
1557 881 1701 934 Odyss.

285 929 323 971 α’
342 948 354 972 :
402 931 615 986 α’στράβη,
651 932 677 972 ὅ
717 934 907 988 σημαίνει
934 935 1081 975 σέλλαν
1107 935 1180 975 καί
1215 932 1473 999 σαγμάριον,
1503 941 1550 974 ut
1575 935 1702 974 σέλλα

285 988 490 1027 referatur
515 989 568 1027 ad
608 1002 731 1042 equos
761 992 830 1044 qui
857 989 994 1029 sellam
1027 991 1190 1039 ferunt,
1235 986 1468 1040 σαγμάριον
1506 1002 1606 1028 vero
1651 989 1704 1027 ar}

285 1054 411 1095 equos
438 1044 679 1095 sagmaiios‚
708 1058 788 1097 quo
817 1044 974 1083 mollius
1003 1043 1164 1083 vehant.
1199 1043 1387 1096 Vegetius
1417 1057 1591 1096 sagmam
1631 1056 1705 1095 ap-

283 1096 435 1149 pellare
464 1097 626 1136 videtur
662 1100 757 1137 artis
786 1098 1061 1138 veterinariae
1090 1099 1160 1137 lib.
1189 1111 1212 1136 2
1262 1112 1351 1151 cap.
1379 1097 1455 1151 59.
1500 1106 1588 1136 tunc
1629 1110 1701 1136 sa-

283 1165 466 1217 gmamm
499 1152 568 1189 vel
594 1152 786 1190 sellarum
814 1167 994 1192 mensura
1020 1165 1269 1191 convenzens.
1315 1150 1562 1191 Glossarium
1607 1164 1702 1190 ms·

282 1200 472 1267 ἅστράβη
500 1202 545 1244 τὸ
572 1206 878 1255 σαγμοσέλλιον.
908 1207 1077 1259 denique
1103 1202 1332 1300 σαέμάριον
1360 1219 1432 1258 pro
1453 1205 1618 1244 sarcinis
1639 1205 1699 1258 ip-

283 1260 334 1297 sis
362 1259 524 1311 ponitur
550 1259 694 1298 Leonis
719 1260 870 1298 Tactic.
900 1275 971 1312 cap
1013 1275 1039 1314 9
1069 1260 1143 1308 §5

391 1308 751 1374 σακελλάριος
787 1275 1026 1353 sacellarius.
1066 1313 1318 1379 Nicephorus
1348 1311 1501 1351 callist.
1547 1311 1618 1351 lib.
1654 1313 1703 1351 18

282 1379 370 1418 cap.
400 1365 483 1417 44:
514 1362 781 1417 σακελλάριος
818 1368 889 1430 τῆς
916 1364 1130 1429 ἐκκλησίας
1158 1362 1433 1430 καθεστηκώς.
1472 1366 1699 1405 Chronicon

281 1419 625 1459 Alexandiinum.
654 1419 923 1472 σακελλάριος
953 1417 1223 1473 πατριάρχου.
1279 1418 1360 1459 α’πό
1389 1419 1460 1471 τῆς
1501 1419 1702 1482 σακέλλης

283 1483 352 1513 aut
383 1471 650 1513 σακκουλλίου
687 1481 757 1512 aut
792 1475 1055 1524 σακκελλίου,
1099 1489 1122 1513 a
1166 1469 1325 1513 sacello.
1372 1487 1411 1513 v.
1439 1473 1618 1513 Iudicem
1658 1474 1697 1512 in

282 1525 508 1578 βουλλεύει.
536 1529 755 1578 Gregorius
770 1528 1034 1568 Nazianzenus
1061 1534 1164 1568 orat.
1180 1529 1205 1567 5
1234 1530 1274 1566 in
1307 1526 1530 1566 Iulianum:
1551 1528 1630 1566 καί
1651 1524 1696 1566 τὸ

282 1595 379 1620 σακ
368 1582 495 1620 'Maon
521 1579 865 1634 προβληθήσεται.
906 1583 962 1622 'sic
997 1583 1117 1622 etiam
1148 1582 1336 1622 scribitur
1365 1588 1465 1621 orat
1488 1581 1527 1633 4.
1553 1574 1698 1634 Gorip-

283 1650 357 1689 pus
387 1636 413 1686 4

444 1701 598 1753 gratior
615 1700 784 1752 Augusti
810 1711 971 1741 servans
985 1715 1062 1756 pta
1086 1713 1195 1754 gaza
1220 1701 1371 1740 sacelli.

282 1766 376 1806 hinc
403 1763 664 1814 σακελλιζειν.
695 1764 821 1805 Gloss.
852 1780 938 1805 ms:
970 1765 1205 1818 διηθεῖται,
1237 1763 1516 1819 ἄφυλίζεται,
1548 1766 1695 1805 σακε).-

282 1819 452 1868 algam.
483 1819 573 1859 vide
602 1819 852 1859 Glossarium
878 1820 929 1859 ad
957 1821 1201 1859 Cedrenum.

391 1869 733 1912 σακκούλιον.
762 1888 802 1926 p.
837 1875 907 1913 133
937 1889 958 1913 c
992 1871 1043 1912 τά
1074 1871 1290 1926 φασκώλια
1322 1870 1522 1925 σφραγῖδι
1550 1871 1695 1935 διαση-

281 1928 499 1977 μαίιεταιε
529 1926 652 1966 codex
679 1927 747 1964 GB
774 1925 1011 1967 σακκούλια.
1050 1928 1298 1967 Glossarium
1327 1940 1419 1966 ms.
1459 1921 1705 1979 μαρσύπιον

282 1979 327 2020 τό
358 1979 615 2038 σᾳκκούλιον.
645 1980 765 2020 hodie
793 1977 1000 2021 σακκούλι.

390 2041 593 2094 σάλτζα
619 2040 851 2109 εμβαμμα,
882 2046 1123 2098 intinctusp
1129 2044 1248 2085 ,382
1276 2045 1319 2084 d.
1365 2043 1502 2084 Italico
1528 2044 1650 2083 salsa.

392 2095 698 2138 σανδάλιον
724 2095 902 2150 α’κάτιον,
934 2100 1117 2140 navicula
1146 2114 1184 2153 p
1201 2098 1267 2140 85.
1293 2098 1385 2138 vide
1412 2106 1451 2138 et
1478 2113 1516 2151 p.
1550 2105 1641 2147 242.

390 2159 631 2208 σαπαὶνις
673 2159 833 2214 νίτρον,
877 2178 972 2217 sapo
1000 2179 1038 2217 p.
1066 2179 1116 2230 97
1149 2164 1190 2203 b.
1220 2170 1409 2216 corrupte
1443 2170 1558 2202 antea
1587 2162 1699 2225 lege·

283 2217 402 2257 batur
428 2216 593 2268 νίπτρον
618 2218 660 2256 in
690 2217 835 2257 Indice.
866 2218 933 2257 alii
961 2231 1176 2284 σαπωνιον
1194 2218 1336 2256 dicunt
1373 2217 1435 2256 vel
1462 2191 1694 2255 σαπούνιοι.

284 2271 446 2310 Alexius
477 2270 703 2309 Rharturus
735 2270 918 2310 doctrina
962 2273 1020 2318 εἰς
1050 2271 1123 2335 τήν
1151 2269 1271 2334 ἅγιάν
1303 2284 1372 2309 και
1411 2266 1589 2332 μεγάλην
1615 2283 1693 2307 πα-

282 2319 516 2387 ριισκευήνε
542 2317 736 2388 ἄρχοντες
762 2321 870 2364 ιδετε
897 2326 992 2364 ποτὲ
1021 2324 1147 2375 μόνον
1174 2321 1221 2364 τὸ
1250 2319 1450 2363 σαπούνιν
1483 2318 1532 2361 voi
1562 2321 1695 2360 καθα-

284 2378 391 2430 ρίζει
415 2371 513 2417 α’νευ
538 2372 703 2423 ὕδατος.
732 2378 796 2418 vel
811 2377 999 2418 σάπωνα.
1028 2380 1223 2432 Excerpta
1240 2391 1290 2417 ex
1309 2377 1510 2417 veteribus
1531 2375 1695 2415 Glossis.

285 2445 471 2485 saponem
497 2444 687 2471 σαπωνα.

394 2491 849 2560 σεβαστοκράτωρ.
881 2495 1126 2558 Nicephorus
1139 2497 1352 2560 Gregoras
1380 2494 1420 2543 4·
1453 2488 1475 2532 ὅ
1502 2492 1578 2542 μὲν
1611 2489 1692 2543 γὰο

286 2548 621 2615 ‹ressao‘tpxpdtwo
649 2545 690 2594 ἐς
721 2546 765 2588 τὸ
796 2548 1030 2588 δεσποτικὸν
1070 2543 1277 2610 ἀνάγεται
1302 2544 1414 2598 παοοὶ
1460 2547 1535 2586 τοῦ
1571 2547 1697 2609 βασι-

287 2605 388 2648 λέως
415 2600 605 2668 α’ξιωμα,
634 2598 657 2640 ὅ
685 2602 729 2642 δὲ
756 2602 881 2654 μέγας
910 2601 1144 2652 δομέστικος
1167 2601 1209 2648 ἐς
1237 2600 1280 2642 τὸ
1311 2603 1385 2641 τοῦ
1410 2595 1691 2664 1(αι’σαρος,ὅ

287 2657 334 2696 δὲ
368 2657 536 2720 Καῖσαρ
564 2671 651 2706 αμα
674 2657 729 2710 τῷ
755 2654 938 2710 πενθεριῖἰ
965 2655 1040 2695 τοῦ
1067 2653 1264 2695 δεσπότου
1300 2656 1342 2702 ἐς
1378 2651 1422 2693 τό
1459 2654 1536 2719 1917
1568 2655 1691 2704 σεβα-

287 2724 379 2750 oto.
373 2707 568 2764 σάτυρος.
595 2712 786 2764 Georgius
805 2695 1062 2764 Βοςοῖὶιοῑε
1052 2725 1093 2749 m
1110 2710 1313 2751 Chronico
1335 2709 1432 2749 CP:
1467 2705 1696 2760 ἀναγορευ-
