1878 3230
367 200 438 240 m:
475 198 795 242 ANDRomco
835 198 1095 242 commo
1134 199 1232 240 un.
1273 199 1326 239 u.
1477 177 1590 252 437

164 312 282 351 μενοι,
309 295 638 351 ὖπαγορειὲοντος
662 299 738 339 τοῦ
764 295 1114 352 πρωτασηκρήτις,
1134 296 1496 353 ἇμφιπονουμένου
1518 295 1597 338 τοῦ

163 361 236 405 ἐπὶ
260 364 342 405 τῶν
379 362 589 417 δεήσεων,
634 365 711 405 τοῦ
747 363 793 404 δὲ
828 366 1158 418 πρωτονοταρίου
1198 365 1274 404 τοῦ
1314 362 1472 418 δρόμου
1507 365 1596 409 ταῖς

164 433 327 483 φωναῖς
354 426 643 478 α’λαλάζοντος.
724 427 777 469 τά
810 429 857 469 δὲ
885 427 1069 479 ὀνόματα
1103 425 1262 469 τούτων
1304 426 1378 468 καί
1407 428 1483 469 νῦν
1514 442 1597 467 πα·-

163 494 320 547 ρείσθω
339 507 412 546 μοι
438 492 512 534 καὶ
535 494 619 535 τῶν
643 494 819 548 καθεξῆς
843 490 997 545 ὁμοίως
1023 492 1390 546 συμπραττόντων,
1420 487 1506 533 ὅσοι
1523 489 1597 532 τόν

128 558 263 613 5περί
289 559 363 599 τοῦ
392 559 515 598 κενοῦ
540 559 738 611 δοξαρίου
771 560 986 611 τρέχοντες
1002 557 1196 612 ὦρακίων
1228 555 1322 598 τότε
1349 556 1423 598 καί
1449 553 1598 610 ω’ρραὶ-

164 625 265 665 δουν
288 621 568 676 Ἀνδρόνικον·
599 616 658 664 ὧν
685 623 976 676 πρωτοστάτης
1003 618 1054 676 ἦν
1081 623 1155 663 καί
1171 624 1395 675 ταξίαρχος
1423 622 1598 676 ὄἎγιο·

161 689 485 743 χριστοφορίτης
511 688 747 743 Στέφανος,
776 688 834 743 τῷ
871 688 948 728 τοῦ
986 689 1228 741 φθέγματος
1257 688 1485 741 βροντιόδει
1521 703 1598 728 κα·-

163 755 386 795 ταδουπῶν
421 750 471 794 τοὶ
502 747 729 806 οἷνάκτορα,
771 751 843 793 καὶ
880 751 993 794 καθά
1028 768 1068 794 τι
1109 751 1249 807 ῥεῦμα
1283 752 1486 805 ποτάμιον
1521 751 1594 804 &gni
1610 761 1726 796 Pano

165 816 384 871 καχλάζων
410 819 485 860 καί
511 815 768 872 παρασύρων
805 817 850 860 τὸ
886 819 1035 860 δοκοῦν
1058 815 1306 876 Ἀνδρονικῳ
1345 816 1601 862 ὑπεύθυνον.

107 898 154 926 ιο
168 885 232 939 (8)
267 879 355 936 εἶχε
387 884 435 925 δὲ
465 881 516 924 τά
546 882 969 938 ὑπομνηματιζόμενα
1002 883 1166 925 οὑτωσί
1186 899 1273 932 πως
1299 885 1375 938 τῆς
1401 882 1602 940 φροιμιά·

164 963 282 996 σεως.
335 946 517 1000 „sedasse
543 950 788 1002 κινηθέντες,
821 951 894 990 καί
919 948 995 989 οῦκ
1023 950 1067 1000 έξ
1093 945 1274 1003 ὁρισμοῦ
1291 951 1368 990 τοῦ
1395 950 1603 1003 κραταιοῦ

164 1015 238 1055 καί
261 1012 382 1067 ἁγίου
413 1012 532 1067 ἡμῶν
558 1014 766 1055 αῦθέντου
803 1014 876 1055 καί
916 1016 1142 1067 βασιλέως,
1184 1015 1524 1069 ψηφηφοροῦμέν
1557 1027 1603 1055 τε

163 1078 238 1120 καί
266 1076 591 1133 ἀποφαινόμεθα
623 1083 814 1120 συνοῖσον
840 1075 950 1120 εἶναι
981 1080 1120 1134 κοινῇ,
1160 1080 1232 1120 καί
1266 1080 1352 1136 ἰδίᾳ
1390 1080 1604 1128 λυσιτελὲς

160 1143 411 1199 Ἀνδρονίκῳ
438 1143 497 1200 τῷ
538 1145 692 1198 σωτῆρι
723 1140 964 1195 Ῥωμαίων,
1001 1139 1136 1197 ἄρδην
1178 1142 1438 1185 ἀπολωλέναι
1480 1144 1602 1197 οἷπερ

106 1209 153 1250 15
167 1206 224 1257 ὥς
252 1205 456 1256 αὐθάδεις
492 1208 563 1250 καί
596 1207 844 1255 στασιώδεις
882 1207 1190 1263 συλληφθέντες
1219 1212 1429 1263 φυλακαῖς
1469 1206 1602 1262 ἐνείρ-

164 1287 333 1328 γνυνται
363 1267 388 1327 ἢ
412 1270 488 1326 τὴν
511 1273 733 1327 ἀλλοτρίαν
759 1273 885 1314 οἰκεῖν
914 1272 1236 1328 άφωρίσθησαν,
1262 1274 1526 1328 συσχεθῆναι
1554 1274 1603 1314 δὲ

165 1337 240 1380 καί
264 1335 361 1386 τούς
388 1334 547 1386 τούτοις
574 1336 855 1392 προσήκοντας
882 1337 956 1379 καί
978 1340 1074 1379 καθ’
1106 1334 1213 1391 αἷμα
1241 1339 1600 1391 συναπτομένους,

164 1403 238 1444 καί
262 1399 432 1459 θανάτῳ
459 1400 619 1451 πάντας
643 1401 951 1457 ὑποβληθῆναι·
1007 1400 1120 1444 οὕτω
1147 1402 1228 1457 γάρ
1259 1399 1311 1445 ἂν
1337 1404 1411 1446 κατ’
1432 1403 1599 1458 Ἀνδρο-

165 1483 279 1511 νικον
304 1469 485 1522 γένοιτο,
515 1466 589 1510 τὸν
620 1468 764 1524 α’γαθῇ
795 1467 901 1524 τύχῃ
926 1467 1144 1521 Ῥωμαίων
1178 1467 1231 1510 τά
1274 1469 1348 1524 τῆς
1385 1469 1637 1522 βασιλείαςΒ

102 1536 352 1588 αοσκῆπτρα
379 1534 600 1586 διέποντα,
626 1534 767 1588 βραχύ
792 1548 831 1575 τι
859 1535 959 1587 γοῦν
992 1524 1274 1586 ἀναπνεῦσαι,
1313 1539 1405 1582 ταῖς
1444 1539 1600 1582 κοιναῖς

167 1601 358 1654 φροντίσι
385 1596 639 1651 βαλλόμενον
666 1600 739 1639 καί
763 1597 835 1647 τάς
862 1599 945 1640 ταῖν
973 1597 1204 1651 ἐπιβούλων
1229 1596 1599 1652 κακογνωμοσύνας

165 1661 526 1716 ὑποβλεπόμενον,
565 1663 638 1705 καί
679 1663 835 1711 αῦτοῦς
874 1664 921 1705 δὲ
960 1662 1058 1712 τούς
1086 1664 1325 1711 ἀλλοεθνεῖς
1351 1662 1599 1711 Σικελιώτας

166 1723 273 1784 ᾆσαί
294 1743 391 1770 ποτε
417 1729 694 1786 παλινῳδίαν,
723 1729 884 1783 μηδένα
920 1726 979 1772 ἔτι
1010 1726 1087 1772 τόν
1121 1727 1267 1778 αὐτοῖς
1308 1727 1598 1784 ὑφηγούμενον

265 1841 314 1864 ιο.
344 1828 433 1878 εἶχε]
470 1825 564 1871 ἦσαν
587 1828 627 1863 δὲ
657 1828 700 1862 τὰ
723 1828 950 1875 γραφόμενα
977 1828 1018 1863 ἐν
1041 1830 1093 1863 τῶ
1110 1829 1213 1876 τόμω
1236 1829 1393 1863 τοιαῦτα
1412 1830 1449 1861 Β.
1547 1831 1596 1873 ¹4-

263 1875 443 1911 ὀλωλέναι
477 1873 566 1912 τούς
588 1875 676 1908 ads.
701 1880 765 1909 καὶ
800 1886 904 1909 στασ.
934 1876 973 1911 οἳ
996 1883 1030 1909 σ.
1058 1878 1098 1910 Δ.
1243 1877 1291 1911 16.
1317 1873 1338 1919 ἢ
1362 1874 1442 1925 τήν]
1473 1876 1527 1910 ἔτι
1554 1886 1597 1922 γε

258 1923 338 1969 μὴν
360 1919 448 1961 τούς
482 1922 802 1968 ὖπερορισθένιας
827 1923 866 1956 A.

169 2012 321 2046 cendum
348 2024 444 2054 esse,
480 2015 518 2047 in
543 2025 664 2048 omnes
690 2025 750 2048 eos
785 2014 847 2060 qui
867 2015 924 2048 vel
950 2015 989 2048 in
1013 2013 1212 2047 carceribus
1240 2014 1456 2048 tenebantur
1478 2014 1535 2046 vel
1560 2014 1598 2047 in

169 2060 318 2093 exilium
349 2061 420 2093 acti
455 2066 576 2102 erant,
617 2062 655 2094 in
687 2073 809 2095 omnes
847 2072 969 2095 eorum
992 2062 1146 2094 cultores
1166 2066 1203 2094 et
1224 2066 1393 2105 cognatos
1419 2061 1597 2093 sententia

168 2106 333 2151 capitalis
357 2107 430 2140 lata
455 2113 510 2140 est
532 2113 570 2141 et
594 2108 631 2141 in
654 2108 799 2141 libellos
824 2108 948 2150 relata,
971 2108 1269 2153 protosecretario
1295 2107 1466 2147 dictante,
1490 2106 1599 2139 libel-

166 2151 284 2185 lorum
308 2153 508 2198 supplicum
529 2155 696 2198 magistro
723 2154 931 2195 laborante,
959 2155 1207 2200 protonotario
1221 2154 1344 2186 Dromi
1369 2155 1597 2186 acclamante.

168 2209 321 2243 quorum
352 2200 560 2233 nominibus
594 2212 734 2245 parcam
772 2201 810 2234 in
836 2201 1059 2246 praesentia,
1089 2206 1129 2234 ut
1153 2206 1191 2234 et
1213 2212 1336 2234 eorum
1363 2201 1426 2245 qui
1451 2205 1532 2244 post
1560 2201 1599 2233 in

169 2244 348 2278 eiusmodi
372 2246 478 2280 rebus
501 2258 614 2280 vanae
638 2247 810 2291 gloriolae
835 2259 940 2280 causa
967 2253 1029 2280 aut
1046 2247 1238 2280 Andronici
1261 2252 1359 2280 metu
1384 2257 1510 2291 operas
1534 2258 1599 2278 na-

167 2297 321 2332 varum,
345 2300 497 2337 quorum
531 2293 604 2326 dux
629 2300 666 2327 et
690 2299 814 2327 auctor
849 2295 919 2327 suit
941 2293 1350 2338 Hagiochristophorites
1376 2292 1600 2337 Stephanus,

169 2337 271 2371 cuius
288 2349 357 2371 vox
381 2340 485 2384 quasi
511 2340 648 2373 tonitru
687 2340 726 2373 in
753 2341 888 2384 palatio
913 2341 1122 2381 resonabat,
1147 2345 1184 2373 et
1210 2341 1322 2372 instar
1344 2340 1513 2372 torrentis
1538 2350 1600 2372 eos

170 2383 404 2418 abstrahebat
425 2397 515 2430 quos
538 2391 720 2430 suspectos
746 2386 906 2419 habebat
922 2386 1155 2420 Andronicus.
1203 2387 1256 2432 (8)
1273 2386 1357 2419 Fuit
1378 2391 1497 2418 autem
1523 2386 1601 2418 eius

170 2429 296 2474 scripti
316 2430 523 2465 huiusmodi
551 2432 748 2466 exordium.
770 2433 968 2473 „divinitus
1005 2433 1170 2478 impulsi,
1195 2443 1269 2465 non
1293 2433 1391 2465 iussu
1417 2431 1602 2475 magistra-

171 2481 231 2509 tus
256 2481 293 2508 et
312 2477 483 2522 principis
509 2490 550 2511 ac
574 2479 799 2523 imperatoris
823 2480 956 2520 nostri,
982 2479 1206 2512 decernimus
1226 2484 1263 2512 et
1285 2479 1557 2524 pronuntiamus
1581 2486 1602 2509 e

171 2533 212 2555 re
235 2521 381 2566 publica
417 2535 512 2566 esse,
548 2530 585 2558 et
607 2526 774 2569 privatim
804 2525 1006 2559 Andronico
1037 2527 1275 2559 Romanorum
1298 2525 1468 2558 servatori
1491 2517 1602 2561 utile,

171 2573 216 2601 ut
244 2573 470 2603 contumaces
510 2576 548 2604 et
569 2571 733 2604 seditiosi
769 2572 930 2605 funditus
967 2573 1166 2612 intereant,
1206 2572 1269 2616 qui
1293 2569 1539 2616 comprehensi
1563 2568 1602 2600 in

173 2624 315 2647 carcere
339 2618 508 2651 tenentur
531 2622 570 2650 et
590 2618 629 2650 in
646 2618 792 2651 exilium
818 2619 888 2651 acti
914 2624 1018 2658 sunt,
1043 2629 1241 2662 eorumque
1263 2617 1454 2650 necessarii
1484 2620 1519 2647 et
1542 2624 1602 2646 co·-

173 2659 272 2704 gnati
301 2660 507 2704 capiantur,
546 2669 584 2696 et
606 2674 729 2697 omnes
757 2665 894 2697 ultimis
922 2665 1109 2709 suppliciis
1135 2665 1342 2697 afficiantur.
1369 2663 1419 2696 sic
1444 2661 1538 2694 enim
1566 2664 1602 2692 et

173 2705 423 2746 Andronicus,
458 2708 521 2750 qui
561 2711 708 2743 numine
738 2711 897 2755 propitio
934 2711 1076 2755 imperii
1107 2716 1252 2755 sceptra
1276 2710 1386 2752 gerit,
1408 2719 1427 2739 a
1447 2705 1602 2750 publicis

176 2752 272 2787 curis
295 2757 333 2788 et
356 2752 569 2790 insidiarum
591 2761 690 2790 metu
714 2756 882 2790 nonnihil
905 2755 1119 2802 respirabit3
1145 2762 1182 2790 et
1207 2755 1320 2790 siculi
1346 2753 1482 2800 coeptis
1506 2750 1603 2785 desi-
