1878 3230
730 161 867 203 cuns
907 159 1095 202 CAPTA.
1511 142 1543 195 8
1556 162 1574 195 1
1591 161 1617 215 7

199 257 439 310 συλληφθὲν
480 255 524 297 ἕν
568 257 807 309 α’παγωγαΐς
855 257 930 296 και
954 257 1143 308 δεσμοῖς.
1200 257 1275 296 τοῦ
1314 256 1362 297 δὲ
1396 258 1625 298 Λατινικοῦ

198 319 502 374 στρατεύματος
530 318 682 361 ὁπόσον
703 319 761 374 μη
790 320 896 361 κατὰ
926 319 996 362 τὸν
1022 317 1201 372 πόλεμον
1227 321 1462 374 ἀπεγένετο,
1498 319 1522 362 ὃ
1547 323 1626 372 μὲν

199 400 257 433 ως
287 381 475 434 ἑκάστοις
503 385 740 440 προυχώρει
766 386 973 438 σε’σωστο,
1015 383 1040 425 ὃ
1066 386 1115 426 δὲ
1140 386 1212 438 τῆς
1239 381 1371 438 ἄκρας
1396 386 1626 439 λαβόιιενον

198 448 316 492 ἔνδον
343 451 528 502 ἐπέμενε.
584 452 635 505 τῇ
662 452 703 490 δ’
734 449 937 506 ὑστεραία
961 449 1195 504 περιελθών
1232 467 1304 504 την
1332 467 1464 505 ακραν
1498 449 1519 493 ὅ
1545 453 1628 495 Ἰω-

164 515 322 570 5α’ννης
351 520 436 564 τοῖς
465 516 508 564 ἐς
539 513 670 568 αὐτήν
694 517 962 570 ξυμφυγοῦσι
990 516 1189 563 Λατίνοις
1213 517 1486 570 παραδοῦναί
1510 516 1549 558 οἱ
1578 515 1624 558 τὸ

199 581 356 634 χωρίον
383 579 455 621 καί
480 576 691 630 σώζεσθαι
724 579 1078 634 διακηρυκεύεται.
1135 578 1172 621 οἱ
1202 582 1248 621 δὲ
1278 581 1398 623 οὐδὲν
1424 579 1632 638 ἐφρόνουν

201 643 442 698 ἐνδόσιμον,
474 645 549 698 τὴν
579 643 660 686 α’πὸ
687 647 762 686 τοῦ
788 646 1017 698 μαρκεσίου
1054 647 1384 697 καραδοκοῦντες
1411 645 1631 701 σύναρσιν.

199 713 272 752 καί
297 713 340 751 ὲν
369 708 500 767 τούτῳ
527 710 730 761 κλίμακας
760 708 782 750 ὅ
806 706 996 764 Ἰωάννης
1021 711 1272 765 ηιῖτρέπισε,
1311 713 1384 752 καί
1420 710 1525 754 κατὰ
1561 711 1671 753 λό-(Ξ

202 791 280 831 <pov
308 772 588 828 ἀντικείμενον
624 777 672 831 τῇ
713 770 821 831 ἄκρᾳ
858 777 1053 830 μεγίστην
1085 775 1312 829 ἐπιστήσας
1351 773 1537 819 ἑλέπολιν
1579 776 1634 818 τὰ

139 858 188 884 10
203 843 318 895 τείχη
347 839 534 884 ἔτυπτεν.
591 839 628 881 οὶ
652 842 687 881 δ’
716 842 787 882 ἐπὶ
811 842 880 895 τῆς
900 836 1030 894 ἄκρας
1057 838 1193 882 ὁπόσα
1220 843 1302 882 τῶν
1326 845 1476 895 τειχῶν
1503 845 1636 895 α’μυν-

198 903 322 960 ιη’ρια
352 904 680 960 προπετάσαντες
717 904 790 946 καὶ
826 905 1153 959 προεκτείναντες
1192 907 1388 958 ἐπέμενον
1432 905 1764 963 &ditoni-vsa

196 987 330 1025 μενοι.
386 970 478 1012 ἐπεὶ
517 972 563 1011 δὲ
593 969 817 1012 θεάσαιντο
856 969 928 1012 τὸν
966 971 1154 1025 Ἰωάννην
1193 970 1249 1019 ὦς
1287 974 1332 1013 ἐν
1365 971 1469 1026 πυρὶ
1502 989 1635 1026 τειχι-

199 1037 292 1093 σμιῇ
323 1034 398 1089 την
425 1031 556 1089 ἄκραν
588 1033 829 1090 διειληφότα
858 1036 981 1076 παντί
1006 1037 1062 1092 τῷ
1090 1036 1370 1090 στρατεύματι
1397 1039 1469 1078 καί
1497 1041 1637 1079 πᾶσαν

201 1100 500 1143 α’ποκλεισαντά
529 1116 651 1155 σφισι
681 1099 866 1154 πάροδον
907 1099 962 1148 ὥς
1005 1101 1112 1155 μηδὲ
1150 1101 1250 1142 ποσὶ
1294 1101 1514 1144 δύνασθαί
1544 1119 1637 1146 τινα

142 1171 188 1211 15
203 1169 356 1219 κλέψαι
384 1163 459 1219 τὴν
485 1166 545 1214 εἰς
568 1164 642 1206 τὸν
668 1167 894 1218 μαρκέσιον
923 1160 1091 1220 ἄφιξιν,
1122 1167 1322 1208 ἐνδοῦναί
1340 1165 1378 1207 οἶ
1406 1166 1480 1221 τήν
1505 1162 1638 1221 ἄκραν

180 1227 379 1286 ἤθελον,
413 1228 454 1272 εἴ
474 1245 598 1285 σφισι
626 1231 840 1271 σπένδοιτο
869 1228 941 1270 καί
968 1232 1204 1284 συγχωροίη
1237 1228 1313 1284 την
1342 1229 1488 1280 ἔξοδον
1528 1233 1638 1272 dna-

199 1299 312 1350 θῶς,
346 1294 402 1344 ὦς
431 1293 570 1336 ὅπλων
594 1295 667 1336 καί
692 1296 774 1336 τῶν
803 1295 939 1336 ἳππων
968 1294 1128 1348 ἔχουσι.
1188 1298 1264 1336 τοῦ
1293 1297 1338 1338 δὲ
1363 1298 1462 1351 μηδ’
1494 1293 1638 1351 ἄκροις

200 1364 281 1404 ω’σί
309 1362 384 1409 τὰς
411 1360 482 1402 ἐπὶ
516 1365 607 1409 ταῖς
649 1361 881 1413 συνθήκαις
922 1359 1093 1408 ταύταις
1141 1362 1483 1414 παραδεξαμένου
1512 1377 1637 1402 σπον-
1686 1357 1692 1360 ’

202 1426 304 1480 dag,
331 1427 544 1468 αἰτοῦνται
575 1424 651 1480 τήν
678 1426 738 1473 εἰς
763 1423 813 1466 τοὶ
841 1427 1022 1481 σφέτερα
1055 1421 1139 1480 ἤθη
1167 1429 1266 1478 μεθ’
1295 1424 1503 1480 ἡγεμόνων
1534 1425 1678 1467 ὁὸόῦῑ)

136 1511 188 1538 20
200 1495 328 1547 μέχρι
356 1495 439 1534 τῶν
466 1493 706 1533 Παιονικῶν
735 1489 862 1544 ὁρίων
888 1489 1145 1543 ἀπόπεμψιν.
1205 1493 1277 1532 καί
1303 1491 1360 1540 ὥς
1391 1494 1636 1545 προύβησαν

202 1559 273 1599 ἐπί
298 1556 457 1605 τούτοις
486 1552 635 1612 ὅρκια,
680 1554 702 1596 ὁ
729 1557 808 1608 μὲν
840 1551 926 1608 εἶχε
963 1554 1037 1610 την
1074 1551 1230 1610 ἄκραν,
1268 1555 1306 1596 οἱ
1343 1558 1379 1596 δ’
1419 1556 1636 1598 α’κίνὸυνον

201 1621 277 1678 την
308 1624 527 1672 ἐξέλευσιν.

293 1725 326 1759 3.
354 1725 417 1764 τῆς
443 1721 572 1770 ἄκρας]
601 1720 766 1767 κᾶστρου
793 1721 862 1754 τοῦ
888 1721 1093 1767 λεγομένου
1130 1719 1251 1753 zeum
1274 1722 1308 1753 B.
1428 1722 1459 1765 4,
1487 1722 1636 1766 περιελ-

291 1768 388 1826 θων]
414 1770 552 1809 ἔξωθεν
577 1771 726 1805 σταθεὶς
750 1769 817 1801 τοῦ
846 1768 962 1800 novas?
987 1768 1024 1802 Β.
1099 1778 1127 1811 7.
1152 1772 1236 1811 post
1261 1767 1450 1811 σύνιιρσιν
1474 1768 1522 1800 B:
1547 1771 1636 1824 περὶ

288 1815 363 1863 γὰρ
389 1816 454 1858 τὴν
477 1816 750 1856 θεσσαλονίκην
773 1815 917 1851 ἐκεῖνος
941 1809 996 1855 ἦν.
1135 1815 1166 1847 8.
1190 1815 1255 1846 καὶ
1279 1808 1386 1860 κατα]
1419 1816 1482 1847 καὶ
1505 1815 1542 1851 ἐς
1565 1813 1634 1849 τὸν

291 1874 545 1916 καταντικρυ
555 1862 621 1897 τοῦ
659 1859 778 1895 novat?
812 1860 942 1906 ἕτερον
980 1851 1121 1904 βουνόν
1155 1862 1333 1904 κείαενον
1371 1860 1460 1900 ξύλα
1496 1861 1633 1902 στήσας

288 1907 479 1965 μηχανικὰ
503 1920 549 1942 τα
585 1909 687 1952 τείχη
721 1907 889 1950 ἔκρουεν.
917 1907 952 1938 B.
1097 1915 1147 1937 12.
1176 1906 1256 1940 ἐπεὶ
1303 1906 1350 1943 ως
1375 1906 1415 1940 δὲ
1439 1905 1542 1941 εἶδον
1565 1907 1634 1942 τόν

288 1955 452 1997 ἰωάννην
474 1954 659 1997 τοσαύτην
680 1953 759 1998 a’aq
755 1953 894 1987 άλειαν
915 1950 1219 1996 περιποιήσαντα
1244 1963 1292 1988 ως
1313 1952 1410 1998 μηδέ
1431 1965 1516 1987 τινα
1529 1955 1632 1998 ἔχειν

289 2001 421 2035 ἄδειαν
442 2001 618 2040 ἐξελθεῖν.
632 2001 670 2036 Β.
694 2011 739 2033 an
764 2001 856 2032 forte
881 1998 930 2036 ως
951 1997 1114 2053 ἐμψύχω
1133 1999 1316 2044 τειχιμῷῗ
1341 2011 1387 2032 an
1410 1999 1499 2034 ωσεὶ
1521 2010 1632 2047 περι-

288 2047 499 2094 τειχισμῷῗ
597 2058 646 2092 ¹9.
670 2046 759 2092 μεθ’
790 2044 1031 2092 ἤγεαόνων]
1027 2042 1118 2078 uero}
1135 2047 1198 2078 και
1220 2042 1411 2090 προβόδου
1436 2047 1474 2079 Β.

197 2138 319 2172 vincti.
346 2148 389 2171 ex
415 2137 534 2170 Latini
565 2136 740 2170 exercitus
768 2135 931 2181 reliquiis
959 2134 1042 2175 alii,
1078 2139 1119 2167 ut
1154 2135 1307 2180 quisque
1343 2136 1485 2180 potuit,
1522 2137 1630 2172 saluti

199 2196 284 2218 suae
307 2185 584 2225 consuluerunt,
610 2184 673 2217 alii
698 2193 813 2215 arcem
837 2186 1064 2226 occuparunt.
1092 2192 1196 2226 quam
1218 2181 1392 2226 postridIe
1418 2183 1629 2218 circumiens

198 2231 376 2264 Iohannes
405 2231 564 2272 Latinis,
590 2230 620 2263 si
644 2241 720 2262 eam
749 2227 934 2269 dederent,
958 2227 1240 2261 incolumitatem
1263 2229 1437 2273 promisit.
1462 2231 1526 2274 qui
1549 2242 1630 2264 cum

199 2277 414 2311 marchionis
445 2277 530 2310 lreti
569 2275 711 2309 auxiliis
747 2286 825 2308 eam
864 2274 1144 2319 postulationem
1184 2281 1477 2319 aspernarentur,
1514 2278 1626 2310 scalas

198 2330 323 2369 parat,
349 2329 386 2356 et
406 2324 444 2355 in
468 2323 605 2356 tumulo
630 2321 785 2367 quodam
813 2333 831 2354 e
855 2322 1000 2366 regione
1029 2321 1118 2354 arcis
1144 2321 1310 2354 machin-2
1334 2323 1486 2356 maxima
1515 2324 1627 2355 colla-

201 2377 280 2404 cata
303 2370 444 2403 moenia
467 2370 560 2402 ferit.
583 2369 700 2402 Latini
726 2379 808 2402 vero
844 2367 1062 2412 depromptis
1087 2368 1250 2400 omnibus
1280 2369 1323 2400 iis
1357 2380 1450 2413 quae
1485 2369 1531 2401 ad
1562 2370 1627 2401 de-

202 2416 401 2450 sensionem
423 2417 504 2448 usui
531 2421 649 2449 essent
672 2414 928 2460 repugnabant,
954 2413 1270 2447 donecIohannem
1294 2426 1396 2447 muro
1427 2416 1526 2447 velut
1552 2416 1628 2458 igni

203 2467 240 2495 et
267 2463 363 2495 omni
389 2463 546 2495 exercitu
570 2467 681 2496 totam
710 2472 825 2494 arcem
848 2460 1123 2494 circumdedisse
1156 2467 1192 2493 et
1221 2471 1361 2494 omnem
1391 2462 1459 2493 sibi
1492 2461 1627 2494 exitum

202 2508 444 2541 interclusisse
467 2508 656 2548 viderunt,
687 2514 727 2541 ut
752 2519 818 2540 nec
841 2506 950 2552 pedes
974 2507 1069 2539 ullus
1093 2507 1182 2539 clam
1211 2507 1257 2539 ad
1279 2505 1627 2551 marchionemjmr-

202 2555 325 2587 venire
336 2560 468 2598 posset.
497 2560 571 2588 tum
596 2566 679 2587 vero
695 2566 736 2587 ea
761 2553 968 2587 conditione
994 2553 1215 2586 deditionem
1239 2554 1354 2586 facere
1378 2553 1580 2593 voluerunt,
1597 2555 1627 2586 si

204 2601 276 2634 sibi
302 2612 382 2633 cum
396 2601 500 2632 armis
525 2607 561 2634 et
576 2602 676 2646 equis
690 2606 768 2634 tuto
783 2600 968 2634 discedere
982 2600 1117 2633 liceret.
1128 2611 1234 2644 qnam
1248 2600 1312 2630 illo
1324 2609 1466 2642 prorsus
1480 2599 1626 2642 repudi-

204 2652 300 2687 ante,
313 2646 498 2691 postulant
512 2646 618 2680 duces
633 2647 703 2680 sibi
717 2647 859 2680 domum
874 2648 1064 2680 reversuris
1082 2646 1229 2679 attribui
1239 2655 1351 2688 usque
1366 2644 1409 2676 ad
1424 2646 1625 2678 Pannoniae

205 2694 305 2726 fines.
329 2694 380 2725 sic
400 2692 544 2725 foedere
564 2693 634 2725 icto
660 2694 722 2730 ille
747 2705 861 2728 arcem
874 2694 1071 2738 occupavit,
1088 2692 1125 2724 hi
1145 2693 1232 2725 citra
1245 2691 1432 2724 discrimen
1446 2692 1622 2727 abierunt.

274 2763 422 2797 Nicetas
449 2761 654 2795 Clzont'ateS·
884 2773 890 2776 ·
1334 2760 1375 2793 5²
