1838 3210
229 177 339 252 274
647 187 873 230 NicETAss
919 182 1230 227 cnomA‘rAE

223 311 271 338 αι
299 298 385 343 τοῖς
432 291 645 346 ἡμετέροις
688 285 1001 343 ιῖφαντούμεναι
1042 283 1114 326 καὶ
1153 282 1396 338 δηούμεναι.
1465 286 1653 333 ἀλλ’ἓως

222 361 342 411 πότε,
371 357 512 411 κύριε,
541 356 614 407 τῆς
639 355 716 407 σῆς
742 350 914 407 ἐπιλήσῃ
949 351 1244 405 κληρονομίας,
1273 351 1346 391 καί
1370 347 1417 391 τὸ
1447 347 1523 390 σόν
1551 348 1654 390 a'no-

221 425 409 479 στρέφων
448 420 525 474 ἀφ’
565 417 682 472 ἡμῶν
721 415 942 471 πρόσωπον
988 413 1251 468 ὃδοποιήσεις
1287 415 1427 469 τρίβον
1473 415 1524 470 τῇ
1555 412 1655 470 ὀργῇ

221 503 323 538 σου,·
350 483 446 526 πότε
475 481 624 537 ἐπόψει
650 484 694 533 ἐξ
724 482 844 536 ἁγίου
874 483 1104 535 ἐπιβλέψας
1129 480 1444 534 κατοικητηρίου
1461 493 1561 532 σου,
1586 478 1658 521 καὶ

222 550 324 594 ἰδιόν
356 549 447 606 ἴδῃς
486 546 562 602 τὴν
590 548 794 603 ἡμετέραν
835 546 1016 601 συνοχήν
1042 560 1086 587 τε
1113 543 1186 586 καί
1213 544 1417 597 κάκωσιν,
1447 547 1519 586 καί
1548 542 1692 602 ῥύσῃὸ

222 619 303 658 τῶν
332 613 579 670 ἐφεστώτων
605 615 768 664 κακῶν,
806 607 1052 665 οἷπαλλαγὴν
1083 611 1130 652 δὲ
1158 612 1350 665 παρέξεις
1377 609 1451 651 καί
1475 611 1557 652 τῶν
1583 624 1659 651 πο·-

221 679 272 723 λύ
308 678 466 722 τούτων
494 679 773 730 ἐλπιζομένων
800 677 1131 731 χαλεπωτέρων,·
1163 717 1165 722 Α

336 745 376 787 5.
434 741 559 797 Πρὸς
587 743 633 783 δὲ
660 747 746 790 τοῖς
779 742 1012 796 εἰρημένοις
1041 742 1208 783 κάκεῖνα
1238 741 1375 782 δοτέον
1405 741 1457 798 τῇ
1483 737 1657 796 ἱστορίᾳ.

183 814 310 859 Βτοῖς
338 809 496 850 πλείοσι
525 809 746 860 βασιλεῦσι
758 807 976 859 Ῥωμαίων
1007 806 1081 847 οὐκ
1112 804 1277 848 ἀνεκτόν
1306 807 1420 847 ἐστιν
1449 802 1552 854 ὅλως
1577 800 1658 858 ἄρ..

223 890 317 929 χειν
343 872 471 927 μόνον
498 875 571 914 καί
593 877 876 927 χρυσοφορεῖν
903 873 975 913 καί
999 873 1187 926 χρῆσθαι
1215 876 1300 920 τοῖς
1325 876 1477 919 κοινοῖς
1496 870 1551 919 ὥς
1577 871 1656 912 261¹-
1676 889 1724 917 ιο

224 954 287 988 οις
328 940 400 980 καί
438 936 676 979 διαδιὸόναι
717 940 858 978 ταῦτα
898 937 1042 985 καθώς
1078 931 1162 990 ἄρα
1199 937 1270 977 καί
1315 931 1377 985 οἷς
1417 933 1659 989 βούλονται,

223 1005 323 1046 ου’δὲ
349 1002 435 1058 μὴν
463 1003 519 1051 (ὃς
553 1001 715 1050 δούλοις
743 1007 829 1051 τοῖς
856 1003 1096 1056 ἐλευθέροις
1135 1003 1474 1057 προσφέρεσθαι,
1503 1002 1591 1042 ἀλλ’
1623 1002 1663 1042 εἰ

221 1069 279 1123 μὴ
319 1071 390 1110 καί
417 1069 543 1124 σοφοί
568 1069 723 1109 δοκοῖεν
746 1069 818 1108 καί
843 1066 1070 1108 θεοείκελοι
1111 1065 1187 1120 τὴν
1217 1064 1386 1122 μορφὴν
1422 1067 1494 1107 καί
1532 1063 1662 1120 ἥρωες

222 1133 297 1190 τὴν
323 1133 449 1187 ἰσχύν
478 1132 550 1175 καί
576 1130 632 1181 (ὃς
646 1133 842 1186 Σολομῶν
868 1132 1074 1187 θεόσοφοι
1099 1134 1171 1173 καί
1195 1130 1471 1186 δογματισταὶ
1498 1129 1662 1173 θειότα-

220 1214 284 1242 τοι
317 1201 390 1241 καί
423 1197 591 1248 κανόνες
621 1200 705 1239 τῶν
744 1196 929 1238 κανόνων
976 1197 1214 1250 εὐθέστεροι
1257 1198 1329 1238 καί
1357 1194 1496 1245 ἁπλῶς
1537 1200 1662 1238 θείων
1679 1200 1727 1242 15

222 1265 297 1306 καί
331 1265 604 1320 ἀνθρωπίνων
646 1261 903 1316 πραγμάτων
948 1262 1234 1317 α’προσφαλεῖς
1278 1261 1508 1315 γνώμονες,
1547 1260 1662 1304 δεινά

224 1328 380 1371 οἴονται
417 1331 610 1382 πάσχειν.
676 1327 795 1369 ἔνθεν
835 1342 898 1370 τοι
937 1328 1010 1370 καί
1050 1329 1144 1368 δέον
1182 1332 1268 1377 τοῖς
1302 1327 1666 1382 ἄπαιδευτοτέροις

223 1397 296 1436 καί
323 1395 601 1449 θρασυτέροις
640 1392 833 1444 ἐπιτιμᾶν
863 1390 1131 1446 ἐπεισάγουσι
1167 1393 1239 1434 νέα
1278 1393 1350 1433 καί
1387 1391 1577 1447 ἀσυνήθη
1616 1393 1665 1448 τῇ

222 1461 416 1516 ἐκκλησία
442 1458 641 1513 δόγματα,
670 1455 699 1512 ἢ
717 1460 817 1512 γοῦν
846 1453 1092 1499 ἀνατιθέναι
1119 1459 1251 1499 ταῦτα
1280 1455 1340 1506 οἷς
1361 1457 1596 1512 ἐπάγγελμα
1615 1456 1665 1498 τὰ

228 1524 328 1580 περὶ
350 1525 454 1565 θεοῦ
482 1524 637 1565 εἰδέναι
663 1523 736 1563 καί
761 1523 918 1576 λέγειν,
959 1523 997 1564 οἱ
1030 1524 1076 1564 δὲ
1106 1523 1206 1563 οὐδὲ
1230 1522 1336 1564 κατά
1364 1525 1485 1565 τοῦτο
1514 1522 1561 1564 τὸ
1589 1525 1662 1575 μέ·-
1677 1532 1729 1558 20

227 1605 297 1644 ρος
326 1588 586 1643 δευτερεύειν
612 1588 852 1630 οὑτινοσοῦν
873 1587 1114 1641 α’νεχόμενοι
1135 1587 1172 1629 οἱ
1195 1589 1316 1630 av‘rol
1334 1587 1549 1642 δογμάτων
1577 1590 1665 1630 εἰσ-

102 1667 212 1714 P,.37
227 1656 376 1710 ηγηταί
410 1655 484 1695 καί
523 1653 721 1695 δικασταί
766 1650 922 1694 τούτων
959 1655 1033 1694 καί
1069 1653 1256 1707 ὁρισταί,
1283 1655 1495 1707 πολλαχοῦ
1522 1655 1568 1694 δὲ
1594 1655 1668 1695 καί

228 1720 429 1761 κολασταί
467 1720 549 1760 τῶν
593 1716 653 1772 μὴ
693 1717 1024 1773 συμφωνούντων
1067 1721 1209 1767 αὐτοῖς
1253 1722 1448 1773 γίνονται.
1534 1717 1606 1760 καί
1642 1718 1664 1759 ὁ

227 1782 427 1837 βασιλεῦς
467 1786 684 1838 τοιγαροῦν
730 1778 852 1831 οὗτος
886 1783 1136 1837 εὕγλωττίαν
1175 1784 1417 1839 ειῖτυχηκώς
1444 1783 1518 1826 καί
1541 1783 1666 1839 λόγου

228 1849 417 1906 ἔμφυτον
449 1846 578 1904 χάριν
623 1845 912 1902 πεπλουτηκώς
953 1848 1001 1889 οὐ
1039 1851 1237 1904 λαμυραῖς
1278 1852 1494 1892 ἐπέστελλε
1521 1849 1732 1904 μόνον,αὸ

323 1959 379 1982 22.
404 1949 468 1982 καὶ
492 1947 667 1982 δικασταὶ
693 1959 750 1981 om
774 1948 813 1981 A.

232 2039 408 2084 spoliatae
435 2043 471 2071 et
494 2043 690 2083 occupatae
715 2044 811 2079 sunt,
835 2039 928 2071 aliae
953 2050 973 2070 a
992 2040 1123 2072 nostris
1149 2045 1319 2084 tanquam
1347 2040 1487 2073 alienae
1511 2044 1668 2074 vastatae

235 2093 272 2119 et
307 2095 460 2117 eversae.
500 2085 562 2117 sed
602 2096 813 2129 quousque,
854 2085 1022 2125 domine,
1059 2086 1271 2119 hereditatis
1305 2093 1389 2119 tuae
1425 2087 1667 2128 oblivisceris,

235 2142 429 2175 aversaque
466 2141 486 2163 a
511 2131 616 2163 nohis
658 2131 749 2164 facie
788 2132 861 2164 irae
898 2137 981 2164 tuae
1005 2132 1123 2164 locum
1159 2133 1290 2166 dabis?
1317 2132 1461 2177 quando
1481 2143 1524 2165 ex
1547 2139 1668 2167 sancta

236 2178 325 2211 aede
361 2184 423 2210 tua
460 2182 690 2221 prospectans
723 2183 862 2210 nostras
898 2189 1084 2211 aerumnas
1120 2184 1156 2211 et
1182 2179 1403 2212 calamitates
1442 2179 1668 2220 intueberis,

235 2225 412 2268 malisque
436 2234 500 2255 nos
520 2224 729 2265 urgentibus
758 2224 953 2258 liberabis?
980 2235 1094 2270 eaque
1123 2231 1259 2258 avertes
1283 2237 1375 2270 quae
1400 2225 1505 2270 longe
1531 2227 1671 2270 gravio-

235 2283 274 2304 ra
299 2269 505 2314 impendere
533 2270 711 2302 videntur.

328 2319 359 2351 5.
409 2316 512 2348 Nunc
526 2316 619 2348 illud
635 2316 741 2348 etiam
757 2315 961 2349 addendum
980 2322 1043 2350 est.
1068 2317 1233 2362 plerique
1253 2318 1488 2349 Romanorum
1517 2317 1671 2362 impera-

236 2369 331 2398 tores
360 2363 548 2406 imperare,
577 2374 702 2394 aurum
719 2368 868 2406 gestare,
894 2364 1140 2396 communibus
1155 2369 1195 2396 ut
1211 2363 1358 2407 privatis
1386 2364 1451 2404 uti,
1478 2375 1591 2409 eaque
1606 2376 1671 2397 suo

237 2410 412 2443 arbitratu
431 2407 562 2452 quibus
580 2409 706 2441 volunt
726 2408 858 2440 donare
875 2420 948 2442 non
972 2411 1144 2451 contenti,
1167 2410 1236 2442 nisi
1252 2410 1443 2454 sapientes,
1461 2411 1571 2443 forma
1590 2411 1672 2452 diis,

238 2456 366 2490 robore
382 2454 553 2487 heroibus
568 2455 714 2493 similes,
738 2460 784 2494 et,
807 2460 847 2487 ut
861 2455 1040 2497 Salomon,
1057 2456 1228 2489 divinitus
1247 2456 1365 2489 edocti
1385 2462 1420 2488 et
1435 2456 1599 2490 ‹lovtores
1617 2458 1673 2490 di-

237 2502 400 2536 vinitatis
419 2506 454 2533 et
470 2511 615 2532 normae
634 2501 863 2541 rectissimae,
882 2501 1039 2547 denique
1067 2502 1264 2535 divinarum
1284 2503 1591 2548 humanarumque
1617 2515 1673 2536 re-

240 2561 315 2582 rum
343 2548 555 2591 interpretes
583 2547 757 2580 verissimi
774 2547 986 2586 habeantur,
1014 2549 1182 2582 iniuriam
1207 2549 1274 2582 sibi
1302 2550 1377 2581 lieri
1400 2557 1557 2583 censent.
1577 2550 1674 2583 unde

242 2597 283 2629 fit
310 2600 368 2634 ut,
393 2605 470 2626 cum
495 2593 781 2626 immodestiores
807 2599 843 2627 et
862 2594 1082 2636 audaciores,
1104 2596 1165 2640 qui
1196 2607 1284 2628 nova
1307 2595 1469 2639 (logmata
1496 2597 1532 2629 in
1559 2597 1674 2629 eccle-

244 2643 329 2675 siam
357 2639 600 2680 introducunt,
625 2651 787 2672 coercere
809 2646 871 2673 aut
892 2640 929 2673 id
951 2653 1078 2674 munus
1106 2642 1149 2675 iis
1174 2643 1235 2687 qui
1254 2643 1457 2686 theologiae
1486 2643 1671 2676 scientiam

245 2688 456 2732 profitentur
481 2686 648 2718 mandare
684 2686 874 2727 deberent,
900 2698 966 2720 nec
999 2688 1036 2720 in
1064 2688 1130 2721 hac
1158 2694 1258 2733 parte
1284 2690 1360 2721 ullo
1386 2690 1571 2722 inferiores
1597 2700 1673 2722 esse

245 2734 428 2773 volentes,
458 2732 566 2765 iidem
606 2732 808 2777 dogmatum
846 2739 882 2766 et
921 2740 1082 2768 auctores
1117 2740 1152 2768 et
1187 2735 1310 2768 arbitri
1348 2747 1387 2768 ac
1418 2735 1674 2781 disceptatores
