1878 3230
294 194 406 269 744
718 203 948 247 NlcETAE
995 202 1306 245 cuoNiA'rAE

286 324 379 361 τες,
405 308 478 350 καί
503 303 632 346 πολλὰ
660 304 743 344 τῶν
769 304 952 356 παρειῶν
969 299 1253 353 κατελειζθομεν
1281 297 1458 354 δάκρυα,
1485 299 1529 340 τὸ
1557 291 1724 352 μὲλλονζ

287 375 343 423 ὥς
364 372 483 424 εἰκός,
512 367 809 425 προορώμενοι.
841 370 881 408 οἱ
908 368 953 407 δὲ
967 364 1035 408 τὸν
1063 361 1239 420 ἄρξοντα
1265 366 1471 417 ἐπιμελῶς
1499 364 1718 418 α’νεδίφων,

287 438 360 480 καί
384 439 460 479 νῦν
487 437 565 488 μὲν
597 432 718 475 τόνδε
748 434 830 474 ’νῦν
870 433 908 474 δ’
937 433 1092 473 ἐκεῖνον
1119 432 1164 472 ὲκ
1194 431 1267 484 τῆς
1295 429 1490 483 εὐγενοῦς
1516 430 1721 483 φυταλιᾶς

283 501 612 557 ηὕτοσχεδιάζον
643 513 949 552 αυτοκρατορα.
982 496 1098 545 τέλος
1120 497 1157 537 δ’
1185 493 1455 549 ἀπειρηκότες
1482 498 1568 541 τοῖς
1597 488 1720 543 όλοις,

284 566 386 617 τούς
423 563 707 643 ὄχλαρχικοὺς
742 579 812 604 και
851 561 1137 616 δημοκόπους,
1176 559 1312 608 ενιόυς
1354 560 1400 601 δὲ
1429 575 1499 600 και
1526 558 1600 600 τοῦ
1626 559 1757 602 καθ’.»
1734 562 1754 585 ¹*

241 630 397 687 Βῆμᾶς
420 631 626 684 τάγματος
654 630 728 686 τῆς
755 625 896 683 χειρὸς
921 627 1226 680 ἐπισπώμενοι,
1254 627 1532 701 στεφηφορεῖν
1559 619 1723 664 α’νέπει-

284 701 361 739 θον
391 695 578 752 ξιφήρεις
619 693 838 750 ὁρώμενοι.
904 693 988 748 φεῦ
1017 693 1125 748 φεῦ,
1163 694 1211 734 τί
1229 691 1306 732 τοῦ
1332 688 1422 732 τότε
1453 689 1722 742 πειρατηρίου

283 765 622 816 θυμαλγὲστερον
662 755 688 814 ἢ
746 758 1060 812 α’χθεινότερον,
1108 754 1138 812 ἢ
1178 759 1252 812 τῆς
1287 772 1368 798 των
1403 755 1725 807 συνειλεγμένων

154 833 194 868 V.
205 838 272 882 298
285 827 535 882 α’βελτηρώις
561 823 901 880 γελοιωδέστερόν
928 838 974 864 τε
1002 839 1071 864 και
1101 819 1379 877 α’λογώτερον,·
1410 819 1456 862 τὸ
1485 818 1566 875 γάρ
1596 818 1724 872 ,ᾑμά-

279 908 367 935 τιον
394 891 525 946 ἔχεις·
561 891 686 945 γενοῦ
712 890 832 944 ἡμῶν
861 886 1068 943 α’ρχηγὸς”
1095 882 1147 942 ἦν
1173 886 1278 942 ὅρᾶν
1309 887 1492 940 α’τεχνῶς
1523 882 1720 941 περαινό·
1740 903 1789 929 10

279 973 422 1011 μενον.
478 957 544 1012 (5)
570 952 691 1008 μόλις
717 955 764 995 δὲ
794 955 868 995 καί
894 955 1032 1007 τρίτης
1061 952 1219 1008 ἡμέρας
1248 949 1597 1006 παριππευσᾰσης
1624 965 1723 992 νεα-

279 1023 419 1064 νίσκον
458 1018 551 1062 τινὰ
589 1018 784 1072 λαβόντες
812 1015 1025 1060 Νικόλαον
1072 1015 1146 1072 τὴν
1190 1018 1354 1072 κλῆσιν,
1399 1014 1604 1068 Καναβὸν
1647 1012 1724 1068 την

282 1088 518 1140 ἐπίκλησιν,
547 1085 606 1132 εἷς
632 1084 809 1137 βασιλέα
835 1081 1031 1137 χρίουσιν
1059 1077 1224 1123 ἄκοντα.
1279 1081 1337 1130 ὥς
1370 1082 1406 1122 δ’
1428 1077 1598 1138 Ἀλεξίῳ
1622 1079 1725 1121 ταῦ-

282 1168 336 1194 τα
364 1148 596 1204 ηὐνώτιστο
625 1151 682 1205 τῷ
709 1145 932 1190 ἆνοίσσοντι
959 1146 1001 1205 (ὃ
1022 1145 1101 1203 γάρ
1131 1146 1334 1195 Ἰσαοῖκιος
1351 1144 1481 1188 ἔκειτο
1509 1146 1643 1187 πνέων
1670 1142 1722 1186 τὰ

280 1214 479 1267 λοίσθια,
507 1216 590 1256 τῶν
617 1215 789 1267 μακρῶν
819 1215 986 1254 ἐκείνων
1011 1209 1360 1266 προαγγελμάτων
1389 1213 1464 1265 τῆς
1493 1210 1725 1265 μοναρχίας
1742 1216 1789 1256 15

280 1277 478 1336 φροὺδων
511 1280 790 1333 ἐληλεγμένων
832 1278 903 1319 καί
945 1276 1001 1326 ὥς
1043 1278 1304 1331 κλινεγέρτου
1333 1276 1601 1318 ἄποπτάντων
1627 1275 1724 1317 ἐνύ..

280 1346 448 1400 πνιον),
489 1340 743 1397 μετάκλητος
770 1343 937 1383 τίθεται
964 1339 1034 1382 ὑπ’
1064 1337 1198 1383 αὐτοῦ
1224 1340 1247 1381 ὅ
1278 1340 1537 1396 Βονιφάτιος
1567 1342 1725 1396 μαρκέ-

279 1424 398 1462 σιος,
427 1407 499 1450 καί
523 1409 621 1462 περί
662 1409 743 1449 τῶν
776 1407 1014 1449 ἐνεστώτων
1043 1403 1177 1462 ἄμφω
1200 1403 1456 1460 σκεψάμενοι
1485 1406 1571 1448 δεῖν
1597 1404 1725 1459 ἔγνω-

284 1489 364 1516 σαν
391 1471 591 1526 δυνάμεις
619 1470 849 1521 Λατινικοὶς
891 1473 1178 1526 εἰσενεχθῆναι
1201 1477 1286 1522 τοῖς
1314 1472 1552 1523 παλατιόις,
1583 1471 1638 1511 δι’
1666 1465 1726 1513 ὧν

285 1536 519 1593 ἀπόβλητος
555 1540 714 1580 ἐσεῖται
757 1534 778 1577 ὖ
819 1535 1157 1592 δημοπρόβλητος
1202 1539 1275 1578 καί
1305 1535 1327 1577 ὃ
1355 1537 1501 1578 τοῦτον
1528 1533 1789 1591 ἆρχαιρε-αο

284 1602 435 1653 σιάσας
463 1601 580 1652 λαός.
650 1602 706 1651 ὥς
742 1604 781 1643 δ’
817 1596 868 1657 ἦν
909 1600 962 1644 τοὶ
995 1604 1224 1655 ἐσκεμμένα
1260 1604 1395 1644 ταῦτα
1419 1603 1725 1657 πεφωραμὲνα,

152 1673 187 1707 Ρ.
206 1673 274 1708 362
286 1666 359 1711 τὸν
388 1667 537 1722 καιρὸν
569 1665 762 1722 ἁρπάσας
791 1666 814 1708 ὅ
847 1665 1013 1716 Δούκας
1041 1666 1064 1708 ὅ
1094 1665 1431 1723 Μούρτζουφλος
1459 1666 1516 1715 ὥς
1543 1666 1646 1722 πρὸς
1675 1667 1727 1722 ἣν

289 1727 440 1776 ὤδινεν
469 1733 729 1775 ἀποστασίαν
759 1731 965 1788 ἁρμόδιον
975 1766 988 1786 ,
1028 1731 1108 1775 σὺν
1133 1734 1214 1775 τῶν
1242 1734 1287 1775 ἐκ
1313 1733 1389 1775 τοῦ
1416 1734 1560 1787 γένους
1586 1733 1725 1791 ἐκείνῳ

382 1871 434 1895 ιο.
457 1864 542 1905 post
564 1857 727 1905 α’ρχηγός
751 1861 801 1893 Β.
825 1858 943 1906 ηγουν
963 1859 1107 1907 ῥοῦχον
1130 1859 1240 1917 ἔχεις,
1261 1858 1377 1904 γενοῦ
1401 1858 1582 1902 αὐθέντης
1608 1858 1726 1906 ἡμῶν.

384 1909 436 1952 14.
459 1907 600 1955 πνέων]
626 1907 860 1953 ψυχοραγῶν
886 1909 950 1940 καὶ
973 1910 1099 1942 πνέων
1120 1917 1166 1939 τα
1194 1906 1334 1950 ἔσχατα
1357 1906 1394 1939 Β.

287 2007 514 2040 lacrimantes
539 2007 768 2052 quiescimus,
794 2006 882 2052 quid
906 2006 1065 2039 futurum
1083 2011 1186 2046 esset,
1212 2006 1327 2039 multo
1352 2011 1435 2039 ante
1457 2007 1724 2052 prospicientes.

289 2053 373 2086 dum
399 2059 519 2086 autem
543 2054 600 2086 illi
625 2053 814 2098 diligenter
847 2053 1100 2097 imperatorem
1125 2058 1303 2097 quaerunt
1325 2058 1363 2086 et
1388 2054 1477 2086 alios
1501 2059 1608 2098 atque
1635 2054 1725 2087 alios

291 2110 335 2132 ex
358 2099 544 2132 nobilibus
569 2100 713 2133 familiis
738 2099 946 2143 designant,
965 2099 1108 2132 tandem
1134 2099 1176 2131 iis
1205 2098 1368 2131 omnibus
1393 2099 1621 2143 improbatis,
1645 2101 1725 2144 ple-

289 2144 391 2177 beios
417 2147 639 2189 magistratus
667 2152 703 2179 et
727 2145 902 2190 quosdam
935 2146 1050 2178 nostri
1071 2145 1203 2178 ordinis
1230 2145 1393 2178 manibus
1415 2145 1609 2190 prehensos
1633 2147 1726 2178 acci-

290 2202 377 2236 pere
402 2202 568 2224 coronam
596 2193 726 2225 strictis
751 2192 896 2225 ensibus
919 2191 1163 2224 hortabantur.
1188 2190 1280 2232 heu,
1304 2190 1395 2232 heu,
1420 2191 1510 2236 quid
1538 2192 1602 2224 illo
1629 2192 1727 2236 peri-

293 2237 374 2269 culo
398 2238 536 2280 gravius
562 2244 671 2282 atque
695 2238 883 2271 acerbius?
910 2238 999 2283 quid
1025 2238 1123 2271 illius
1143 2237 1373 2270 conciliabuli
1387 2237 1552 2270 vecordia
1579 2237 1727 2272 demen-

292 2284 362 2319 tius
400 2284 552 2326 magisve
583 2284 800 2318 ridiculum?
836 2283 1094 2328 designationis
1127 2294 1168 2316 ea
1196 2284 1283 2316 ratio
1310 2283 1531 2316 afferebatur.
1564 2290 1727 2325 „vestem

293 2329 427 2362 habes:
452 2335 528 2362 esto
552 2336 673 2363 noster
694 2331 918 2374 imperator.”
967 2330 1020 2376 (5)
1047 2330 1116 2363 Vix
1139 2329 1283 2363 tandem
1307 2329 1426 2362 triduo
1453 2330 1588 2385 elapso3
1603 2330 1728 2364 adole-

294 2381 452 2408 scentem
493 2376 672 2419 quendam
708 2377 894 2409 Nicohum
920 2376 1101 2409 Canabum
1130 2376 1279 2410 invitum
1302 2375 1551 2420 imperatorem
1577 2378 1728 2421 inaugu-

294 2427 384 2454 rant.
421 2432 513 2466 quae
541 2422 603 2454 ubi
639 2422 784 2455 Alexius
823 2422 960 2455 audivit
997 2422 1094 2467 (nam
1128 2423 1281 2455 Isaacius
1304 2423 1457 2454 animam
1481 2423 1628 2467 agebat,
1652 2423 1726 2456 illis

296 2467 458 2502 diuturni
491 2468 633 2512 imperii
668 2468 973 2512 praedictionibus
1001 2469 1079 2512 ipso
1108 2474 1236 2501 eventu
1271 2467 1432 2501 refutatis
1459 2475 1494 2502 et
1520 2481 1593 2502 non
1621 2470 1728 2504 aliter

296 2524 402 2559 quam
429 2513 709 2547 febricitantium
733 2515 870 2547 somnia
898 2514 1216 2560 evanescentibus),
1240 2514 1461 2548 Bonifacium
1486 2515 1727 2550 marchionem

297 2561 468 2603 accersit;
507 2561 672 2605 initoque
714 2561 864 2593 consilio
906 2561 1051 2605 utrique
1092 2561 1205 2594 visum
1236 2566 1290 2592 est
1314 2560 1459 2594 Latinas
1496 2561 1661 2595 cohortes
1687 2562 1727 2595 in

294 2607 468 2652 palatium
493 2606 729 2640 admittendas
754 2618 852 2647 esse,
891 2606 1021 2650 quibus
1042 2617 1154 2642 novus
1179 2607 1245 2639 iste
1272 2606 1487 2651 imperator,
1512 2614 1548 2642 et
1570 2608 1726 2653 populus

295 2653 358 2697 qui
381 2653 482 2686 illum
508 2652 746 2698 designasset,
771 2652 1049 2687 submoveretur
1076 2663 1118 2686 eo
1147 2653 1297 2686 consilio
1321 2655 1510 2695 nuntiato,
1534 2654 1725 2688 Munuflus

295 2699 410 2732 Ducas
447 2705 586 2753 arrepta
616 2701 801 2733 occasione
836 2698 882 2733 ad
919 2699 1157 2734 defectionem
1199 2710 1302 2744 quam
1327 2700 1548 2745 parturiebat
1569 2699 1726 2740 idonea,-

297 2755 376 2779 cum
411 2745 532 2780 multis
570 2746 727 2791 cognatis
763 2746 837 2782 suis
863 2745 1058 2791 spadonem
1082 2746 1166 2781 fisco
1206 2746 1427 2793 praefectum
1450 2746 1519 2783 sibi
1540 2746 1720 2786 conciliat,
