1878 3230
470 197 690 239 ALExms
730 198 905 240 DUCAs
946 199 1282 239 munzurLUS.
1468 179 1578 254 753

155 298 228 339 καί
254 294 292 339 οἶ
326 294 534 351 δρόμωνες
561 304 648 347 τοῖς
678 300 830 351 τείχεσι
868 297 1226 352 προσπελάζουσι,
1262 300 1493 353 θαρσαλέοι
1536 302 1585 343 δέ

155 378 262 412 τινες
282 360 555 416 πολεμήτορες
582 364 775 405 ἐπανίασι
801 364 875 412 τὰς
890 367 1104 416 κλᾴιακας,
1131 363 1184 406 τὰ
1213 365 1259 406 δὲ
1283 366 1384 419 βέλη
1413 372 1585 408 παντοῖα

157 426 262 469 κατὰ
293 429 374 468 τῶν
401 428 446 468 ἐν
469 433 568 476 τοῖς
605 428 776 482 πύργοις
813 424 997 484 ἤφίεντο,
1053 427 1153 484 ὅλην
1198 431 1276 482 μὲν
1310 425 1385 471 οὖν
1427 432 1587 485 ἐκείνην

155 492 229 547 την
257 491 419 547 ἧμέραν
446 493 563 547 μάχη
589 493 814 547 ἐνειστήκει
841 493 1084 547 στονόεσσα,
1115 490 1167 548 ἦν
1209 495 1255 536 δέ
1284 512 1372 544 πως
1409 494 1458 537 τοὶ
1485 495 1588 538 Ῥω-

120 561 295 610 5μαίων
321 558 650 612 ἐπικρατέστερα·
707 560 821 599 αἵτε
849 558 926 612 γὰρ
955 558 1250 614 κλιμακοφὸροι
1279 563 1372 614 νῆες
1399 559 1479 602 σῦν
1505 566 1590 609 τοῖς

156 623 410 676 ἱππαγωγοῖς
442 622 654 675 δρόμωσιν
689 618 893 677 ἄπρακτοι
922 626 1003 665 τῶν
1031 627 1180 677 τειχῶν
1214 626 1589 680 ἅπεκρούσθησαν,

157 690 231 730 καί
254 687 305 730 τα“
335 690 419 729 τῶν
450 688 580 729 λίθων
611 689 657 730 ἐκ
683 690 757 743 τῆς
784 687 944 738 πόλεως
979 690 1192 745 α’φετήρια
1220 692 1434 740 πλείστους
1464 688 1590 740 ὅσους

155 756 236 795 τῶν
277 755 483 805 πολεμίων
523 753 786 808 διέφθειραν.
851 754 1180 808 α’νοχευσάμενοι
1223 757 1269 798 δὲ
1311 756 1351 797 οἱ
1398 758 1590 810 πολέμιοι

155 816 232 873 τὴν
271 819 366 870 μετ’
394 817 551 871 ἐκείνην
595 816 758 871 ἡμέραν
803 818 876 859 καί
909 817 986 871 τήν
1031 821 1178 876 ἐφεξῆς
1213 818 1498 875 κυριώνυμον,
1539 821 1590 878 τῇ

95 902 144 930 10
157 881 356 940 ὑστεραίᾳ
385 880 510 923 πάλιν
537 884 588 938 τῇ
616 880 732 923 πόλει
759 885 1042 936 προσπλέουσι
1082 888 1154 927 καί
1182 891 1275 934 ταῖς
1310 886 1408 943 ιη’όσι
1443 889 1592 941 προσί-

155 963 359 1001 σχουσιν,
389 944 479 1001 ἥτις
505 941 557 1002 ἦν
584 947 795 1003 δωδεκάτη
823 949 901 1001 μὲν
928 950 1002 989 τοῦ
1024 944 1268 1003 Ἀπριλλίου
1307 949 1462 1005 μηνός,
1496 953 1590 992 δευ-
1603 961 1638 995 Ρ.
1651 961 1721 996 366

155 1015 259 1068 τέρα
288 1014 335 1054 δὲ
362 1015 436 1067 τῆς
467 1013 586 1067 ἕκτης
619 1009 851 1066 ἑβδομάδος
877 1015 959 1055 τῶν
992 1016 1200 1069 νηστειῶν.
1256 1017 1362 1072 μέσῃ
1399 1018 1477 1068 μὲν
1515 1011 1591 1058 οὖν

157 1078 294 1135 ἡμέρᾳ
331 1078 405 1120 καί
434 1079 658 1131 κατίσχυον
687 1077 738 1120 τὰ
778 1079 958 1134 ἡμέτερα
968 1111 981 1132 ,
1013 1081 1086 1120 καί
1119 1079 1145 1134 ἦ
1192 1079 1303 1136 α’κμῆ
1341 1082 1417 1123 τοῦ
1460 1083 1595 1123 κακοῦ

157 1144 410 1198 ἰσχυροτέρα
435 1160 498 1192 τις
527 1138 578 1198 ἦν
605 1144 679 1185 καί
702 1145 933 1200 δριμυτέρα
962 1145 1036 1199 τῆς
1077 1145 1308 1200 πρότριτα·
1366 1145 1511 1200 ἐπειδή
1545 1148 1591 1188 δὲ

97 1207 244 1255 ιόἔδει
271 1208 457 1251 δούλειον
490 1207 614 1263 ζυγόν
640 1207 851 1251 ὑποδῦναι
887 1208 962 1263 τὴν
993 1211 1078 1251 ταῖν
1105 1207 1265 1251 πόλεων
1296 1209 1472 1252 &navabo
1515 1206 1593 1264 ἅρ-

154 1290 344 1329 χουσαν,
377 1276 422 1316 ἐν
452 1276 570 1330 κημῷ
592 1289 638 1316 τε
676 1276 747 1315 καί
768 1276 927 1331 χαλινῷ
966 1272 1043 1323 τὰς
1078 1273 1272 1329 σιαγόνας
1311 1275 1430 1330 ἡμῶν
1468 1271 1593 1331 ιῖγξαι

156 1338 257 1388 θεὸς
279 1340 545 1392 ἐδικαίωσεν,
574 1336 639 1381 ὅτι
663 1342 737 1381 καὶ
762 1338 911 1389 πάντες
942 1341 1185 1395 ἐξέστημεν,
1214 1339 1353 1396 ἱερεῦς
1383 1340 1494 1394 ὁμοῦ
1521 1344 1595 1383 καί

156 1404 259 1453 λαός
276 1437 288 1457 ,
315 1401 374 1454 αἷς
403 1403 527 1452 ἵππος
557 1402 808 1460 θρασαόχην
830 1420 875 1446 τε
900 1404 974 1446 καί
1001 1403 1272 1458 δυσχὰλινος,
1301 1407 1347 1448 ἐκ
1385 1407 1466 1448 τῶν
1504 1410 1591 1447 κλι..

157 1471 302 1524 μάκων
339 1472 468 1524 μιᾶς,
507 1469 600 1524 ἥτις
631 1464 809 1524 ἄγχιστα
839 1464 891 1525 ἦν
931 1473 1012 1513 τῶν
1041 1474 1240 1527 Πετρίων
1281 1470 1354 1512 καὶ
1388 1474 1592 1525 βασιλέως

91 1556 146 1583 20
158 1536 295 1579 ἔναντι
323 1538 570 1588 διεπονεῖτο,
601 1530 751 1590 ἄνδρες
779 1535 855 1577 δύο
894 1534 1151 1591 παραδόντες
1189 1534 1366 1585 ἐαυτούς
1399 1539 1450 1592 τῇ
1478 1533 1588 1592 τύχῃ

157 1604 313 1657 πρῶτοι
342 1603 417 1642 τοῦ
443 1597 654 1655 ἑταιρικοῦ
682 1601 724 1649 ἐς
749 1599 824 1643 τόν
854 1607 943 1642 κατ’
978 1596 1080 1654 ὄψιν
1108 1600 1265 1655 πύργον
1293 1602 1627 1655 καταπηδῶσι,Β

157 1669 230 1708 καί
268 1667 511 1718 διασοβοῦσι
551 1664 598 1708 τό
628 1667 758 1708 ἐκεῖσε
783 1665 1005 1719 Ῥωμαίοις
1034 1664 1266 1722 φυλακικὸν
1301 1664 1587 1720 συμμαχικόν,

157 1734 204 1775 ἐκ
234 1734 280 1775 δὲ
306 1733 455 1774 τούτου
489 1733 769 1781 διασείσαντες
800 1731 874 1786 τήν
897 1737 1021 1787 χεῖρα
1061 1729 1227 1773 ἄνωθεν
1259 1729 1345 1775 οἷον
1378 1730 1590 1785 σύμβολον

158 1799 294 1854 χαρᾶς
333 1798 407 1838 καί
440 1796 628 1854 θάρσους
663 1796 763 1846 τούς
791 1799 975 1853 φυλέτας
1015 1797 1271 1853 ἐπέρρωσαν.
1324 1799 1370 1848 ἐξ
1406 1796 1500 1839 ἴσου
1541 1798 1590 1839 δὲ

252 1905 285 1939 5.
313 1897 385 1938 σόν
411 1902 503 1950 τοῖς]
535 1904 599 1937 καὶ
622 1903 662 1958 “st
684 1902 831 1949 ταρίδες
851 1903 888 1935 Β.
1021 1915 1054 1949 7.
1081 1899 1127 1936 τὰ
1151 1900 1237 1949 τῶν]
1267 1899 1310 1935 τὰ
1339 1900 1522 1948 ἱστάμενα
1544 1900 1586 1935 δὲ

249 1948 484 1996 χαλαστάρια
512 1950 565 1988 εἰς
587 1961 675 1988 τους
695 1950 870 1996 πύργους
893 1948 929 1981 Β.
1028 1959 1078 1983 12.
1101 1950 1176 1982 τῶν
1196 1946 1389 1994 νηστειῶν]
1417 1949 1480 1988 τῆς
1502 1957 1586 1981 τεσ-

249 1996 485 2084 ἕὲρακέστῆς
518 1996 554 2029 Β.
679 2006 734 2031 20.
776 1993 931 2034 ἑαυτούς
964 1993 1196 2042 παραδόντες
1228 1992 1326 2041 πρὸς
1359 1993 1530 2030 θάνατον
1563 1991 1587 2036 ἢ

300 2055 346 2087 ην
396 2067 406 2076 .

158 2133 271 2167 omnis
295 2133 433 2177 generis
458 2133 496 2166 in
521 2143 582 2166 eos
607 2132 805 2166 iaculantur
832 2133 894 2178 qui
921 2131 1062 2166 moenia
1094 2129 1349 2164 defendebant.
1375 2140 1416 2163 ac
1439 2140 1482 2163 eo
1506 2134 1584 2163 toto

159 2179 219 2212 die
255 2180 383 2213 acriter
413 2185 609 2225 pugnatum
642 2184 713 2220 est,
753 2179 900 2213 victoria
933 2184 1053 2212 tamen
1083 2177 1130 2211 ad
1165 2179 1340 2210 Romanos
1377 2176 1586 2211 inclinante.

157 2237 238 2259 nam
265 2227 453 2271 scaligerae
478 2232 514 2259 et
543 2232 725 2271 equestres
748 2237 856 2259 naves
880 2236 917 2258 re
945 2226 1077 2258 infecta
1104 2230 1188 2258 sunt
1211 2224 1256 2257 ab
1282 2223 1370 2256 urbe
1399 2223 1583 2267 repulsae,

159 2278 198 2305 et
219 2273 405 2306 tormentis
425 2285 549 2317 magna
567 2273 724 2306 hostium
746 2272 940 2305 multitudo
966 2271 1145 2305 occubuit.
1168 2269 1343 2315 postridie
1361 2275 1396 2302 et
1419 2269 1585 2313 sequenti

161 2318 219 2351 die
247 2319 424 2352 dominico
452 2321 664 2366 quieverunt
689 2320 820 2352 hostes.
847 2319 933 2352 inde
957 2319 1088 2363 Aprilis
1113 2318 1200 2358 XII,
1227 2318 1261 2349 ΙΙ
1288 2316 1347 2349 ‹lie
1372 2316 1421 2348 VI
1445 2315 1585 2348 hebdo-

159 2364 272 2398 madis
300 2366 535 2407 ieiuniorum,
562 2378 679 2399 rursus
704 2367 829 2399 urbem
853 2371 992 2410 petunt.
1014 2376 1054 2398 ac
1078 2376 1133 2397 res
1159 2368 1280 2396 nostra
1301 2373 1415 2407 usque
1441 2361 1486 2393 ad
1508 2372 1585 2393 me-

161 2411 289 2444 ridiem
316 2413 476 2456 superior
499 2413 579 2453 fuit,
603 2419 640 2446 et
661 2424 778 2457 pugna
796 2412 950 2445 atrocior
972 2423 1077 2457 quam
1098 2409 1360 2443 nudiustertius
1389 2408 1581 2440 commissa.

162 2456 226 2490 sed
250 2469 329 2490 cum
355 2460 510 2492 omnium
536 2459 679 2492 urbium
703 2459 868 2492 dominae
893 2458 1029 2492 civitati
1057 2457 1237 2490 servitutis
1271 2457 1391 2499 iugum
1427 2454 1586 2486 subeun-

161 2503 245 2535 dum
273 2510 383 2544 esset,
409 2512 444 2538 et
466 2506 627 2539 maxillas
651 2512 788 2539 nostras
811 2506 912 2538 freno
936 2510 1091 2538 etcamo
1112 2501 1402 2546 constringendus
1428 2500 1586 2532 censuis-

162 2555 217 2583 set
241 2549 350 2590 (leus,
375 2551 470 2594 quod
499 2563 622 2585 omnes
649 2551 971 2592 declinaveramus,
1000 2549 1163 2584 sacerdos
1198 2549 1304 2582 simul
1336 2552 1373 2579 et
1405 2546 1584 2597 populu-⁴3,

160 2601 202 2629 ut
226 2607 338 2640 equus
363 2599 500 2631 effrenis
526 2604 562 2632 et
585 2604 783 2640 contumax,
809 2598 880 2631 duo
904 2599 973 2631 viri
995 2598 1110 2630 salute
1134 2606 1198 2629 sua
1223 2595 1385 2627 fortunae
1404 2601 1584 2635 permissa,

162 2653 215 2688 ex*
229 2643 330 2675 scalis
355 2653 447 2686 quae
470 2646 628 2687 proxime
650 2646 804 2679 Petrium
829 2645 995 2678 adversus
1021 2645 1268 2688 imperatorem
1286 2641 1324 2671 in
1347 2648 1453 2681 opere
1471 2641 1584 2676 erant,

161 2699 247 2733 prae
273 2689 419 2721 caeteris
446 2690 550 2722 sociis
573 2692 611 2724 in
636 2692 761 2725 turrim
788 2692 961 2725 desiliunt
985 2696 1021 2723 et
1048 2692 1240 2722 Romanum
1274 2683 1490 2729 praesidium
1521 2681 1585 2714 de-

162 2735 320 2771 turbant.
344 2734 475 2767 deinde
501 2736 632 2778 agitata
663 2749 789 2780 manu,
825 2737 922 2784 quod
963 2735 1156 2769 alacritatis
1190 2739 1227 2768 et
1261 2730 1412 2765 fiduciae
1447 2729 1585 2773 Signum

239 2805 383 2838 Nicezas
405 2803 610 2838 choniates.
1295 2799 1338 2842 48
