1878 3230
293 187 402 244 308
711 199 937 241 memma
978 196 1287 238 CHON1ATAE

292 303 452 346 σάντων
481 299 550 340 καί
575 297 671 344 τούς
698 294 929 343 στενωποὺς
967 293 1240 349 διειληφότων
1266 292 1410 335 ὁπόσοι
1438 295 1540 350 πρὸς
1571 295 1615 338 τὸ
1641 297 1714 349 μέ-

290 384 342 421 γα
369 369 537 417 τέμενος
566 364 790 417 φέρουσιν,
822 357 843 401 ὅ
871 375 914 401 τε
942 361 1073 414 δῆμος
1101 374 1173 399 του
1205 360 1445 413 ἐπιβοηθεῖν
1471 359 1520 416 τῇ
1551 364 1716 402 Καισα-

290 433 410 486 ρίσσῃ
440 426 652 468 ἐπαύσατο
675 424 744 466 διὰ
770 423 815 466 τὸ
837 427 964 466 πᾶσιν
986 423 1136 502 ἔφοδον
1155 428 1239 472 τοῖς
1263 420 1404 471 ὅπλοις
1432 422 1716 478 ἀποταφρευε-

288 498 416 545 (ιθ-,αι
460 490 530 532 καὶ
567 489 605 531 οἱ
643 491 688 531 ἐκ
718 492 794 531 τοῦ
823 488 942 543 ἱεροῦ
979 486 1208 537 ἐπεξιόντες
1234 489 1307 529 καί
1331 486 1407 541 τήν
1438 487 1618 529 αὐλαίαν
1644 488 1718 528 τοῦ

252 557 615 610 ΒΛπῖγουστεῶνος
652 554 970 609 ὗπερβαινοντες
1016 555 1088 594 καί
1130 559 1215 601 τοῖς
1257 555 1488 605 βασιλικοῖς
1530 548 1755 606 στρατοῖςό

290 621 393 663 κατὰ
419 621 495 669 τοὶς
524 617 675 674 ἀγυιάς
702 618 1029 672 συμπλεκόμενοι
1038 652 1049 671 ,
1079 616 1205 672 ὀλίγοι
1225 617 1330 674 πρὸς
1360 620 1525 666 πλείους
1551 619 1718 669 διαμιλ-

289 687 478 740 λώμενοι,
507 687 625 740 δῆλοι
657 680 762 738 ἦσαν
786 682 1006 737 κάμνοντες
1027 681 1104 738 ἤδη
1125 686 1197 726 καί
1217 681 1322 725 κατὰ
1339 681 1479 737 βραχύ
1508 685 1584 724 τοῦ
1611 685 1720 735 θαρ-

289 753 440 807 ραλὲου
471 747 768 802 ὗπεκλυόμενοι
797 747 994 803 λήματος.
1027 750 1099 789 καί
1115 745 1234 803 ρῦτω
1265 750 1304 789 ‹5’
1335 742 1407 789 οὖν
1434 746 1486 789 τοὶ
1514 747 1584 801 τῆς
1613 762 1721 798 συμ-

290 819 443 871 πλοκῆς
477 812 701 868 ἐνειστήκει
741 816 970 869 λαμπρῶς,
1012 812 1084 855 καί
1108 812 1227 868 μάχη
1255 813 1488 867 συνέρρωγε
1515 807 1719 866 καρτερά,

289 882 315 936 ἦ
343 884 421 933 μὲν
450 878 532 922 dm)
565 877 695 930 τόξων
721 881 850 933 βολῆς
877 876 902 933 ἦ
937 880 981 920 δὲ
1009 881 1081 920 καί
1105 880 1148 920 ἐν
1175 880 1322 932 χερσῖν
1351 877 1622 932 ἀγχώμαλος,
1651 877 1785 918 καιίο

286 947 426 995 στόνος
458 946 535 998 μὲν
563 947 646 986 ταῖν
673 945 962 998 πληττομένων
999 942 1293 996 ἒπικελευσμός
1320 945 1366 984 δὲ
1393 944 1471 984 τῶν
1499 938 1722 994 ἀναιρούν-

285 1027 367 1053 των
405 1008 663 1064 ἑκατέρωθεν
705 1008 928 1063 ἐξηκούετο.
1000 1011 1078 1057 ἕως
1113 1011 1190 1061 μὲν
1225 1003 1299 1049 οὖν
1329 1009 1723 1061 σταθεοᾶςμεσημ-

286 1076 409 1130 βρίας
448 1070 550 1129 ἦνῆ
590 1075 706 1128 μάχη
747 1074 996 1128 ἀμφιπαλης
1036 1075 1111 1114 καί
1146 1073 1171 1127 ἦ
1204 1075 1294 1126 νίκη
1339 1071 1628 1127 ἀμφήριστος,
1658 1074 1721 1112 ἐπ’

286 1140 379 1195 ἴσης
406 1143 488 1181 τῶν
530 1136 779 1194 ἀμφοτέρων
817 1135 1137 1192 στρατευμάτων
1177 1134 1484 1179 ταλαντεύουσα
1514 1136 1587 1186 τάς
1615 1136 1721 1178 πλά-

288 1221 480 1258 στιγγας,
510 1202 706 1246 κλίνουσά
734 1218 778 1244 τε
809 1201 889 1244 οἷνοὶ
917 1206 1044 1258 μέρος
1077 1202 1151 1244 καί
1179 1197 1305 1251 αὖθις
1333 1198 1546 1256 άνάγουσα
1577 1202 1623 1244 τό
1650 1203 1720 1243 τό..
1739 1205 1785 1245 ι5

288 1285 334 1311 τε
361 1267 620 1323 μαχόμενον·
689 1270 764 1322 τῆς
795 1270 834 1309 ‹5’
870 1267 1030 1323 ἡμέρας
1058 1263 1138 1322 ἤδη
1175 1267 1462 1322 ὖποληγούσης
1488 1267 1722 1323 περιφανὴς

287 1334 312 1388 ἢ
343 1333 433 1388 τίκη
483 1339 569 1382 τοῖς
607 1334 651 1375 ἐκ
679 1335 883 1386 βασιλέως
926 1334 1224 1387 προσέρρεψεν.
1281 1331 1487 1384 ω’σάμενοι
1513 1331 1590 1385 γάρ
1626 1331 1723 1380 τοὺς

250 1401 334 1444 Ceae
362 1401 436 1440 τοῦ
462 1397 539 1440 νεώ
569 1399 667 1439 εἴσω
695 1399 771 1439 τοῦ
790 1397 1114 1450 Αὕγουστεῶνος
1145 1398 1434 1447 κατέκλεισαν,
1464 1398 1509 1437 ἐκ
1535 1398 1614 1438 τῶν
1641 1397 1722 1448 α’μ-

290 1464 434 1519 φόδων
460 1459 817 1517 ἀποκρουσάμενοι
833 1479 844 1489 ·
903 1461 1055 1503 τούτων
1088 1464 1133 1503 δὲ
1149 1461 1476 1515 συνειληθέντων
1499 1460 1622 1511 ἐντός,
1652 1461 1724 1502 καὶ

288 1527 326 1569 οἱ
355 1524 447 1576 ταῖς
475 1529 623 1580 ἆψῖσιν
650 1529 723 1568 τοῦ
745 1529 907 1568 ΖΠιλιόυ
937 1528 1169 1581 ἐφεστῶτες
1196 1527 1268 1567 καί
1294 1526 1332 1566 οἱ
1360 1527 1404 1567 ἐκ
1433 1527 1509 1566 τοῦ
1539 1523 1616 1568 νεώ
1646 1528 1723 1566 τοῦ
1735 1543 1785 1568 20

282 1593 474 1643 Ἀλεξίου
506 1590 737 1644 μαχόμενοι
762 1589 876 1646 πρὸς,
893 1590 1049 1645 τροπὴν
1067 1591 1264 1643 ἔβλεψαν.
1323 1592 1394 1631 καί
1420 1590 1475 1638 ὡς
1501 1589 1721 1643 ἐπελάβον-

287 1672 335 1698 το
361 1658 444 1698 τῶν
472 1654 622 1710 χώρων
645 1652 825 1707 τούτων,
855 1653 876 1696 ὃ
904 1657 980 1695 τοῦ
1008 1657 1213 1706 βασιλέως
1241 1653 1417 1709 στρατὸς
1443 1654 1517 1703 τάς
1545 1657 1622 1706 μὲν
1649 1670 1722 1707 ση-

284 1723 414 1773 μαίας
440 1723 522 1762 ταῖν
562 1718 728 1774 ἀψίδων
756 1716 917 1760 ἄνωθεν
957 1717 1133 1774 ἔστησαν
1162 1720 1210 1761 αἲ
1233 1718 1332 1767 τούς
1361 1722 1546 1771 βασιλεῖς
1572 1721 1720 1761 εἰκονί-

287 1790 451 1838 ζουσιν,
482 1785 525 1827 αἱ
551 1787 597 1826 δὲ
625 1783 754 1826 πύλαι
783 1787 860 1826 τοῦ
877 1786 1200 1838 Αιῖγουστεῶνος
1227 1785 1271 1826 ἐν
1293 1786 1452 1825 πελέκει
1477 1785 1550 1826 καί
1575 1787 1722 1834 λαξευ-

385 1908 413 1928 ι.
435 1895 696 1950 διειληφότων]
718 1894 1025 1938 διαλαβόντωνΑ.
1118 1896 1149 1928 3.
1173 1893 1328 1942 ἔφοδον]
1357 1893 1527 1939 πάροδον
1554 1897 1594 1928 Α.
1671 1906 1718 1928 12.

379 1943 569 1985 σταθηρᾶς
592 1942 631 1974 A.
726 1951 779 1975 20.
807 1942 844 1974 οἱ
866 1943 907 1974 ἐν
933 1943 973 1986 τῇ
999 1942 1111 1984 ἁψῖδι
1131 1945 1170 1974 A.
1276 1952 1329 1973 22.
1352 1944 1503 1985 χωρίων
1529 1942 1568 1974 A.
1665 1948 1719 1986 24.

381 1989 422 2023 ἐν
446 1989 592 2022 πελέκει
615 1999 647 2020 κ.
674 1987 718 2033 λ-]
740 1985 835 2032 μετὰ
861 1987 1066 2032 ιῖξιναρίων
1096 1991 1159 2020 και
1187 1990 1332 2029 σηστιῦν
1357 1988 1392 2019 Β.

290 2090 407 2129 vicos,
435 2099 557 2121 omnes
582 2088 748 2132 angulos,
774 2099 896 2121 omnes
922 2089 1150 2132 angiportus,
1176 2100 1245 2132 qua
1273 2088 1317 2120 ad
1343 2088 1513 2132 templum
1537 2088 1632 2128 itur,
1660 2099 1721 2121 oc-

292 2141 474 2179 cuparent,
491 2135 618 2179 populi
638 2135 684 2167 ad
700 2135 936 2167 Caesarissam
953 2146 1143 2167 concursus
1159 2145 1378 2178 compressus
1402 2139 1464 2166 est.
1490 2134 1720 2167 Caesarianos

292 2192 436 2225 quoque
454 2181 586 2213 milites
602 2181 726 2213 relicto
742 2182 875 2225 templo
895 2186 932 2214 et
943 2181 1180 2224 Augusteonis
1194 2180 1373 2213 vestibulo
1391 2191 1468 2212 cuin
1482 2180 1721 2223 imperatoriis

291 2226 535 2260 exercitibus
526 2238 564 2258 m
578 2226 664 2259 vicis
680 2237 896 2270 congressos,
914 2238 1046 2270 paucos
1067 2238 1145 2259 cum
1161 2226 1295 2265 multis,
1321 2226 1462 2269 fatigari
1489 2231 1525 2257 et
1546 2227 1721 2269 paulatim

292 2273 539 2305 remollescere
560 2272 764 2326 apparebat.
786 2273 837 2305 ita
853 2273 1043 2305 manifeste
1063 2272 1110 2304 ad
1135 2283 1259 2304 manus
1275 2277 1419 2304 ventum
1444 2275 1518 2311 est,
1543 2276 1579 2304 et
1601 2283 1720 2316 pugna

289 2330 415 2362 magna
432 2320 467 2350 vi
483 2319 682 2359 commissa,
702 2319 839 2351 eminus
857 2319 993 2362 sagittis
1010 2323 1046 2351 et
1064 2319 1259 2351 comminus
1285 2329 1401 2349 manu.
1422 2317 1571 2360 gemitus
1590 2318 1723 2351 caden-

289 2366 379 2398 tium
413 2369 450 2397 et
488 2363 754 2397 cohortationes
789 2365 1028 2397 occidentium
1059 2364 1229 2408 utrinque
1263 2363 1476 2402 audiuntur,
1509 2364 1655 2418 ancipiti
1684 2365 1723 2397 in

292 2412 406 2455 ipsum
422 2421 535 2454 usque
543 2408 737 2442 meridiem
749 2411 908 2443 victoria.
925 2410 983 2442 die
998 2421 1079 2442 vero
1096 2410 1165 2442 iam
1181 2409 1376 2442 inclinante
1392 2410 1611 2454 imperatorii
1625 2409 1723 2443 haud

293 2457 442 2490 obscure
467 2457 666 2500 superiores
696 2463 904 2497 evaserunt,
948 2456 1168 2489 Caesarianis
1198 2466 1241 2488 ex
1264 2455 1370 2487 biviis
1394 2456 1432 2487 in
1457 2457 1722 2498 Augusteonem

293 2502 495 2547 compulsis.
534 2501 665 2534 deinde
700 2503 808 2535 etiarn
833 2502 859 2534 ii
899 2503 962 2546 qui
991 2502 1029 2534 in
1054 2502 1190 2534 somice
1217 2502 1311 2534 Milii
1337 2502 1480 2534 stabant
1504 2508 1540 2534 et
1564 2512 1607 2534 ex
1632 2502 1722 2536 aede

293 2549 411 2582 Alexii
433 2548 659 2593 pugnabant,
688 2548 806 2591 fugam
831 2552 1047 2592 spectarunt.
1085 2548 1217 2592 quibus
1246 2547 1334 2580 locis
1363 2548 1544 2592 occupatis
1568 2548 1723 2592 impera-

293 2595 406 2628 torius
428 2595 602 2627 exercitus
628 2594 761 2627 vexilla
785 2605 863 2626 cum
891 2593 1106 2637 imaginibus
1131 2594 1170 2626 in
1193 2593 1390 2626 fornicibus
1416 2594 1542 2634 erexit,
1566 2599 1603 2627 et
1626 2594 1720 2627 sores

293 2640 531 2684 Augusteonis
564 2639 748 2673 securibus
773 2645 809 2673 et
837 2640 976 2672 malleis
994 2640 1165 2683 perrupit.
1215 2639 1418 2672 Caesariani
1445 2651 1527 2673 vero
1555 2641 1640 2684 quia
1664 2651 1722 2673 re-

296 2687 421 2720 sistere
445 2697 518 2720 non
542 2691 726 2731 poterant,
769 2697 846 2718 cum
873 2691 910 2718 et
933 2697 975 2718 ex
1002 2685 1198 2719 fornicibus
1227 2697 1379 2730 superne
1403 2691 1440 2718 et
1463 2686 1658 2719 comminus
1682 2686 1721 2720 in

295 2734 521 2777 Augusteone
546 2743 566 2766 a
600 2731 706 2778 globo
730 2732 884 2766 militum
909 2732 1061 2776 pessime
1098 2737 1352 2773 tractarentur,
1379 2732 1553 2777 paulatim
1580 2731 1721 2766 dilabe-
