1878 3230
261 167 298 220 6
311 186 325 220 1
340 187 372 219 o
686 180 914 221 mom-AF„
959 177 1270 219 CHONlATAE

260 280 429 332 παιδός,
472 280 540 320 καί
578 278 649 319 τὸν
690 280 848 319 ἐκείνου
890 276 1068 318 θάνατον
1116 276 1377 331 ἀμφήριστον
1408 274 1587 331 ἥγησαι,·
1626 277 1684 332 μὴ

261 343 335 388 οὖν
363 348 590 398 χαλέπαινε
621 348 704 392 τοῖς
731 341 803 384 τὸν
834 344 1001 384 νεανίαν
1034 343 1307 396 οἰκτείρουσιν
1336 342 1484 393 ἑκ,μὲν
1509 345 1685 396 τριγονί-

258 427 309 460 ας
336 409 411 464 τήν
439 410 655 462 βασιλείαν
683 410 726 456 ἐς
753 405 882 449 αὐτὸν
923 408 1257 459 καταβαίνουσαν
1287 404 1458 459 ἔχοντα,
1485 407 1618 460 ἀρχῆς
1649 409 1688 448 δ”

258 475 365 527 ὁμοῦ
395 475 466 515 καί
491 471 687 527 πατρίδος
712 470 825 526 παρὰ
857 473 973 526 δίκην
994 469 1375 523 ιοῖποπλαζόμενονῧ
1430 468 1531 512 ἰδών
1557 473 1690 513 τοίνυν

259 539 280 580 ὁ
306 537 505 592 βασιλεύς
533 537 589 586 ὥς
618 537 740 578 οὐδὲν
769 535 944 592 ὠφελεῖ,
974 535 1045 577 καί
1071 534 1146 589 τὴν
1174 533 1301 584 αὖτὸς
1329 535 1465 577 αὐτοῦ
1491 535 1726 589 ammiud-5

258 620 309 646 αν
336 605 400 645 ἐπ’
425 602 566 645 οὐδενὶ
590 602 796 658 κερδαλέῳ
828 603 1038 643 κατανοῶν
1065 602 1266 655 γίνεσθαι,
1300 598 1350 641 τοὶ
1393 597 1577 655 φρούρια
1612 617 1691 642 πα-

257 668 447 724 ρελθών,
474 667 547 709 κατ’
581 666 611 709 ἃ
646 669 724 719 μὲν
772 664 934 708 τούτων
979 665 1217 719 ἀποστήσας
1244 667 1320 706 τοῦ
1341 660 1561 718 Ἀλεξίου,
1591 663 1619 706 ἃ
1647 666 1694 708 δὲ

258 734 363 788 πυρὶ
390 730 683 788 παραὸοὐςζῶς
709 732 763 787 τῷ
793 729 975 788 οἷντάρτῃ
1004 730 1304 785 προσρέποντα,
1337 726 1541 772 ἐπανόδου
1569 729 1695 784 ἐμνή-

257 814 381 851 σατο,
421 797 521 840 δυσὶ
552 795 628 853 τήν
667 795 936 851 ἐκστρατείαν
974 795 1240 850 περιγράψας
1276 793 1382 849 μησί
1411 796 1485 836 καί
1509 794 1560 837 τὰ
1586 795 1692 837 κατά

255 861 327 906 τὸν
355 866 510 906 Κίλικα
532 857 729 913 Ἀλέξιον
756 863 988 915 ἐπιτρέψας
1013 863 1079 917 ,τῷ
1106 862 1441 917 Καντακουζηνῷ
1465 861 1690 916 Μανουήλ.
1710 876 1757 903 ιο

256 927 366 984 πλὴν
400 929 487 969 ov’d'
519 921 641 976 οὗτος
667 925 854 982 ἐξήνεγκε
884 925 1065 979 πόλεμον
1092 927 1177 967 κατ’
1205 925 1338 966 αὐτοῦ
1362 927 1580 980 προφανῆ,
1604 929 1694 968 καί·

256 1009 332 1049 περ
365 993 730 1046 ἐμπλατυνομένου
758 991 828 1034 ἀεὶ
850 993 900 1048 τῇ
927 989 1145 1049 ἐπικουρίᾳ
1171 992 1245 1032 τοῦ
1272 993 1475 1045 Πέρσου,
1509 993 1584 1033 καί
1612 994 1693 1034 τῶν

126 1063 160 1096 Ρ.
179 1063 244 1109 298
258 1058 353 1112 περὶ
379 1057 455 1113 τήν
472 1053 696 1112 ”Αγκυραν
737 1055 953 1112 φρουρίων
981 1058 1310 1112 φορολογοῦντος
1337 1054 1387 1097 τοὶ
1420 1054 1551 1098 πάντα
1581 1053 1610 1111 ἢ
1637 1056 1690 1099 τοὶ

256 1125 441 1166 πλείονα.
497 1118 548 1178 ἦν
575 1124 612 1164 δ’
652 1118 705 1163 ἂν
733 1120 806 1163 καί
834 1116 951 1169 οὗτος
980 1120 1052 1163 ἐπὶ
1081 1120 1242 1177 μακρὸν
1274 1118 1491 1175 α’μήχανον
1513 1121 1691 1174 Ῥωμαί-

257 1204 318 1237 οις
347 1189 494 1241 κακόν,
523 1189 562 1229 εἰ
601 1186 659 1241 μὴ
689 1184 789 1235 θεὸς
818 1188 1038 1228 κάνταῦθα
1071 1186 1217 1243 φανείς
1247 1184 1489 1240 καινουργὸς
1515 1185 1566 1227 τοὶ
1591 1185 1692 1229 Ῥω·
1711 1187 1757 1228 ι5

255 1254 392 1308 μαίων
420 1248 587 1311 ᾤκτειρε
615 1250 866 1306 πράγματα·
893 1250 938 1293 τὸ
974 1250 1055 1306 γάρ
1086 1250 1292 1307 φρούριον
1312 1249 1453 1293 εἰσιών
1481 1249 1506 1292 ὃ
1539 1253 1693 1306 Τζούγ-

255 1335 334 1374 γρα
362 1315 690 1370 κατονομάζεται
709 1348 722 1368 ‚
751 1314 895 1364 νυκτὸς
922 1314 1233 1371 ἀποσφάττεται
1263 1318 1455 1373 μαχαίρᾳ
1485 1316 1600 1371 παρά
1631 1333 1694 1358 τι-

255 1399 338 1433 νος.
370 1379 481 1426 οὕτω
507 1384 585 1436 μὲν
619 1375 693 1422 οὖν
714 1381 785 1422 καί
815 1375 931 1429 οὗτος
958 1380 1224 1436 ἤφοίντωται,
1254 1380 1356 1423 κατὰ
1387 1382 1514 1436 τάχος
1534 1384 1693 1437 α’στρα-

256 1452 334 1504 πῆς
372 1451 537 1498 διαΐξας
577 1446 649 1487 καί
687 1446 811 1487 πάλιν
841 1446 1115 1501 α’ποκρυβείς,
1151 1442 1179 1500 ἦ
1206 1447 1306 1500 γοῦν
1337 1443 1393 1496 ὥς
1423 1449 1468 1489 ἐκ
1498 1446 1693 1489 Κιλικίου
1863 1460 1878 1482 -1

258 1513 484 1568 Κωρυκίου
503 1514 666 1564 πνεῦμα
693 1513 831 1564 βίαιον
853 1510 1121 1559 ὃιεκπνεύσας
1147 1514 1218 1552 καί
1231 1513 1357 1565 μέρος
1385 1515 1458 1566 τῆς
1483 1511 1562 1553 ὗπὸ
1589 1512 1690 1554 Ῥω-
1705 1526 1756 1552 20
1863 1507 1878 1579 ,i

257 1582 410 1632 μαιόυς
438 1575 711 1632 ὃιακυκήσας,
748 1574 849 1628 μετὰ
880 1574 1020 1630 βραχὺ
1064 1577 1359 1632 διεκφυσηθείς
1387 1574 1597 1620 ἐπαύσατο
1623 1580 1693 1634 τῆς

258 1643 549 1700 σφοδρότητος,

365 1710 454 1751 Ἐπι1
478 1710 523 1750 δὲ
557 1710 614 1766 τῷ
641 1708 752 1765 κακῷ
778 1706 904 1762 τούτῳ
949 1703 1064 1761 παρὰ
1099 1703 1226 1754 πόδας
1253 1708 1391 1760 ἕτερον
1418 1707 1692 1762 ἐπεισέφρησε

218 1786 244 1818 Β
256 1775 488 1830 χείριστον,
529 1770 558 1829 ἢ
599 1775 757 1827 μᾶλλον
793 1769 917 1823 δόξαν
961 1772 1066 1826 πρὸς
1110 1770 1256 1827 καιρὸν
1282 1771 1538 1827 ὖπορρεῦσαι
1568 1773 1691 1814 πάλιν

260 1937 336 1982 ipse
355 1939 447 1968 esset
465 1934 527 1979 qui
547 1943 643 1966 arma
661 1932 820 1972 inferret,
845 1941 881 1964 se
896 1935 1017 1964 tamen
1039 1930 1187 1963 meliore
1209 1931 1286 1963 iure
1302 1931 1488 1975 imperare,
1509 1931 1570 1976 qui
1595 1941 1690 1964 nunc

260 1988 438 2027 sceptrum
448 1986 582 2020 teneat,
600 1979 656 2012 illi
687 1979 763 2011 eius
786 1978 948 2010 oratione
973 1977 1203 2021 interpellata
1228 1982 1264 2009 et
1283 1987 1325 2009 ex
1353 1982 1513 2022 tempore
1535 1977 1689 2010 refutata

261 2027 522 2073 responderunt
549 2025 672 2067 „vides
699 2036 793 2069 ergo,
819 2024 1030 2069 imperator,
1056 2029 1091 2056 te
1119 2034 1263 2068 quoque
1292 2023 1336 2056 de
1359 2023 1423 2056 illo
1448 2023 1626 2064 dubitare,
1653 2029 1690 2058 et

261 2080 409 2107 mortem
428 2074 504 2106 eius
530 2073 701 2105 incertam
722 2071 950 2104 existimare?
977 2080 1086 2115 quare
1110 2070 1184 2101 noli
1212 2080 1418 2102 succensere
1442 2070 1486 2103 iis
1513 2071 1576 2115 qui
1601 2070 1686 2102 atlo-

260 2121 427 2154 lescentis
469 2119 703 2159 miserentur,
742 2118 799 2150 cui
831 2127 977 2161 regnum
1017 2116 1217 2161 proavitum
1257 2116 1432 2156 debetur,
1470 2126 1542 2161 quo
1567 2121 1688 2150 tamen

261 2179 331 2199 una
359 2178 437 2198 cum
473 2165 589 2210 patria
619 2175 684 2209 per
716 2164 884 2196 iniuriam
909 2167 963 2196 est
986 2163 1176 2208 privatus.''
1201 2163 1323 2207 itaque
1347 2162 1471 2195 videns
1495 2161 1689 2206 imperator

261 2225 298 2246 se
327 2212 419 2245 nihil
460 2223 522 2244 sua
557 2210 761 2255 praesentia
796 2210 985 2253 proficere,
1011 2209 1165 2242 castellis
1192 2208 1415 2253 praeteritis,
1441 2219 1591 2253 quorum
1616 2209 1687 2242 alia

262 2259 307 2292 ab
341 2258 465 2291 Alexio
503 2257 653 2290 dimovit
691 2256 762 2288 alia
797 2255 960 2288 incendit
996 2261 1036 2288 ut
1078 2255 1250 2287 seditioso
1284 2254 1449 2295 addicta,
1485 2255 1523 2287 in
1560 2254 1686 2288 urbem

263 2305 390 2345 rediit,
428 2303 661 2347 expeditione
694 2301 834 2335 duobus
868 2301 1050 2334 mensibus
1083 2301 1296 2341 terminata,
1335 2305 1371 2333 et
1405 2300 1552 2334 Ciliciae
1579 2301 1687 2335 rebus

259 2350 419 2385 Munueli
455 2349 701 2382 Cantacuzeno
737 2347 927 2380 mandatis.
962 2347 1026 2380 sed
1054 2358 1133 2379 cum
1164 2358 1209 2379 ne
1243 2347 1272 2379 is
1312 2346 1458 2391 quidem
1483 2353 1605 2391 aperte
1630 2348 1686 2381 illi

261 2398 396 2431 bellum
421 2395 591 2435 inferret,
629 2395 787 2439 quamvis
813 2394 937 2426 Persae
976 2393 1118 2426 auxiliis
1152 2392 1304 2425 subinde
1329 2393 1500 2426 crescenti
1525 2398 1561 2426 et
1586 2405 1604 2426 a
1629 2405 1689 2427 ca-

258 2444 376 2477 'stellis
399 2442 557 2484 Ancyrae
585 2441 746 2473 finitimis
772 2439 936 2472 omnibus
957 2444 1019 2471 aut
1044 2440 1167 2471 saltem
1192 2439 1356 2483 pluribus
1380 2439 1516 2472 tributa
1543 2441 1688 2484 exigen-

261 2491 310 2531 ti,
338 2488 515 2522 diuturnis
551 2487 677 2532 utique
711 2486 814 2518 malis
852 2487 1028 2517 Romanos
1064 2488 1252 2518 affecturus
1294 2486 1355 2518 ille
1394 2486 1486 2527 fuit,
1519 2487 1588 2519 nisi
1617 2487 1685 2520 deo

260 2548 353 2570 nova
377 2535 435 2567 hic
471 2543 616 2578 quoque
650 2533 789 2565 ratione
822 2532 935 2564 nostri
970 2531 1135 2571 miserto,
1173 2531 1211 2564 in
1243 2532 1390 2564 castello
1413 2533 1547 2576 Zungra
1575 2538 1685 2566 noctu

262 2582 442 2626 iugulatus
476 2591 495 2612 a
533 2578 687 2624 quodam
722 2578 858 2611 fuisset.
888 2578 938 2610 sic
964 2577 1113 2621 fulguris
1146 2577 1256 2610 instar
1281 2578 1400 2611 subito
1428 2583 1464 2611 et
1481 2579 1627 2613 emicuit
1649 2585 1688 2613 et

263 2628 429 2667 evanuit,
473 2631 536 2659 aut
569 2630 609 2658 ut
644 2624 748 2657 ssatus
782 2624 973 2656 vehemens
1003 2634 1046 2656 ex
1081 2629 1181 2656 antro
1206 2624 1352 2667 Corycio
1387 2635 1592 2670 erumpens,
1622 2626 1685 2671 qui

262 2675 370 2722 paulo
399 2677 481 2718 post
505 2673 543 2705 in
565 2677 700 2716 partem
727 2670 875 2704 Romani
903 2670 1043 2714 imperii
1069 2670 1316 2703 conturbatam
1341 2672 1475 2705 saevire
1504 2671 1622 2706 desiit.

354 2720 429 2753 lloc
466 2718 597 2753 malurn
622 2729 640 2751 e
662 2717 811 2761 vestigio
851 2715 950 2749 aliud
974 2717 1165 2762 pessimum
1190 2723 1243 2751 est
1271 2722 1522 2762 consecutum3
1547 2723 1583 2753 et
1604 2729 1683 2754 cum
