1878 3230
430 218 678 263 lsAAqus
719 221 966 264 ANGELUS
1006 224 1073 263 ΕΤ
1115 223 1338 266 ALExms
1377 225 1422 266 F.
1514 206 1623 280 739

196 317 255 368 ὥς
282 319 325 368 ἐς
351 319 559 374 τριακάδα
591 322 756 375 ποδῶν,
797 321 1003 378 ἠμφίεστο
1032 324 1078 365 δὲ
1105 322 1256 378 στολήν
1283 325 1326 374 ἐξ
1353 319 1496 372 ὄποίας
1523 320 1627 377 ὕλης

194 381 292 426 ὅλον
319 382 363 426 τὸ
390 385 683 438 ἰνδαλλόμενον
723 383 1064 442 κεχαλκούργητο.
1119 388 1304 444 ποδήρης
1332 390 1369 430 δ’
1396 384 1450 444 ἦν
1477 385 1502 444 ἦ
1530 405 1628 431 στο-

193 447 242 504 λὴ
271 448 345 491 καί
379 451 729 505 συμπτυσσομένη
772 455 962 507 πολλαχῇ
1001 454 1085 494 τῶν
1119 456 1285 507 μερῶν,
1326 453 1382 503 ὥς
1407 451 1465 508 μή
1483 471 1523 496 τι
1551 453 1628 496 τοῦ

192 511 384 568 σώματος
423 515 729 572 παραφαίνοιτο
768 513 868 569 ὅπερ
897 514 937 570 ξῆ
969 515 1098 573 φύσις
1138 522 1416 573 περιστέλλειν
1442 521 1625 571 ἐπέταξε.

155 582 323 636 5μίτρα
353 582 391 622 δ’
408 576 561 636 ’Ἀρεος
587 583 662 636 την
690 580 782 631 ἴξύν
799 583 1039 637 διειληφυῖα
1054 582 1204 632 ἱκαναῖς
1223 580 1358 638 αὗτὴν
1384 587 1628 642 περιέσφιγ-

189 661 274 700 γεν.
333 642 421 700 εἶχε
462 648 508 687 δὲ
536 646 641 688 mim*
672 652 759 694 τοῖς
786 647 965 701 στέρνοις
997 646 1247 702 ὄρθότιτθον
1276 645 1324 689 ὂν
1351 652 1535 691 ποικίλον
1560 651 1628 692 αἰ-

194 713 372 765 γιδαῖὃες
399 712 636 764 ἐπένδυμα,
667 712 749 752 τῶν
783 707 910 764 ὤμων
943 710 1295 765 διεξικνουμενον,
1322 710 1397 766 τήν
1423 715 1494 768 τῆς
1518 717 1559 756 Γ
1556 717 1665 768 ορ-Ο

188 775 311 832 γόνης
339 778 496 818 τυποῦν
525 775 724 832 κεφαλήν.
781 776 804 817 ὁ
834 778 880 818 δέ
913 792 958 830 γε
986 776 1123 831 αὐχήν
1154 773 1314 831 ἀχίτων
1342 776 1400 820 ὢν
1426 781 1498 820 καί
1522 778 1626 834 πρὸς

188 840 236 883 τὸ
264 843 547 896 δολιχόὸειρον
572 839 884 896 ἀνατεινόμενος
922 838 1088 895 ἄμαχον
1116 845 1175 892 εἰς
1203 842 1355 898 ἡδονήν
1379 846 1521 897 θέαμα
1555 841 1623 899 ἦν.

129 911 386 952 ιοτοσοῦτον
427 909 464 949 δ’
509 906 531 949 ὅ
568 906 726 961 χαλκὸς
770 906 872 963 πρὸς
909 906 986 964 τήν
1014 909 1170 950 ἐκείνου
1210 911 1386 964 μιζιιησιν
1411 908 1625 964 πειθήνιος

187 974 481 1030 ὖπηλλὰττετο,
505 969 612 1015 ὥστε
642 975 714 1015 καί
738 972 790 1015 τὰ
822 976 942 1028 χείλη
966 974 1089 1025 δόξαν
1116 980 1318 1029 παρεῖχον
1345 973 1402 1024 ὥς
1430 978 1470 1018 εἰ
1497 991 1625 1029 προσ-

185 1046 308 1095 μενεῖ
329 1056 392 1088 τις
419 1041 608 1093 μείλιχον
639 1038 786 1095 φωνην
810 1039 1058 1082 ἐνωτίσεται.
1144 1042 1217 1082 καί
1242 1044 1408 1096 φλεβῶν
1437 1042 1483 1083 δὲ
1512 1043 1622 1083 διεκ..

186 1106 327 1156 τάσεις
355 1103 643 1160 ὑπεκρίνοντο,
669 1103 744 1146 καὶ
768 1105 824 1154 ὦς
854 1103 977 1160 ὑγρὸν
1007 1103 1104 1148 ὅλον
1133 1105 1180 1148 τὸ
1224 1108 1347 1159 σῶμα
1375 1108 1420 1148 έν
1448 1102 1508 1156 οἷς
1538 1105 1626 1149 ἔδει

186 1173 453 1227 περιεκλᾶτο,
484 1171 556 1211 καί
580 1172 686 1224 ζωῆς
713 1166 871 1223 ἆπέχον
906 1176 1094 1224 μετεῖχεν
1118 1170 1174 1219 ὥς
1201 1171 1282 1221 ζῶν
1309 1170 1590 1226 ἆνθηρότητος
1610 1204 1622 1226 ,

128 1236 175 1277 15
187 1235 286 1287 τούς
315 1234 566 1290 ὄφθαλμοῦς
595 1233 725 1292 ἱμέρῳ
746 1233 872 1276 παντὶ
910 1234 1118 1290 ῥεόμενον.
1174 1235 1371 1291 ἵππουρις
1401 1238 1438 1276 δ’
1468 1238 1624 1278 ἐπικει-

185 1303 291 1358 μένη
316 1302 367 1358 τῇ
414 1302 575 1357 κεφαλῇ
618 1299 751 1342 δεινὸν
793 1298 1062 1354 καθύπερθεν
1098 1298 1253 1343 ἔνευεν.
1312 1301 1337 1356 ἦ
1369 1303 1415 1342 δὲ
1443 1300 1549 1357 κόμη
1580 1304 1625 1351 ἐς

187 1371 350 1422 πλέγμα
393 1367 699 1420 διεστραμμένη
743 1367 816 1407 καί
842 1366 1105 1421 ὁεσμουμένη
1135 1361 1339 1419 ὄπισθεν,
1369 1365 1446 1422 ὅση
1475 1370 1624 1421 κέχυτο

186 1433 231 1474 ἐκ
259 1431 472 1486 μετώπων,
502 1430 645 1487 τρυφή
671 1447 732 1482 τις
760 1427 812 1487 ἧν
842 1432 1099 1487 ὀφθαλμῶν,
1125 1428 1183 1486 μή
1213 1431 1366 1474 ἐπίπαν
1394 1435 1452 1490 τῷ
1478 1430 1622 1488 κράνει

186 1501 462 1553 συνεχομένη,
491 1494 597 1539 α’λλά
627 1514 666 1538 τι
694 1498 767 1538 καί
793 1495 1146 1551 παρεμφαίνουσα
1174 1499 1248 1538 τοῦ
1275 1499 1482 1551 πλοχμου.
1540 1500 1667 1540 rahel)

122 1578 176 1607 20
191 1567 236 1607 δὲ
262 1564 416 1618 χειρῶν
442 1563 469 1618 ἦ
501 1564 579 1615 μὲν
599 1561 698 1603 λαιὰ
722 1578 774 1603 τα
802 1561 1111 1615 συνεπτυγμένα
1133 1564 1207 1616 τῆς
1234 1563 1404 1615 εσθῆτος
1433 1563 1625 1604 ἀνέστελ-

186 1635 233 1672 λε
251 1663 262 1683 ,
287 1629 420 1710 ἁτέρα
452 1629 488 1670 δ’
524 1629 780 1681 ἐκτεινομένη
822 1625 924 1682 πρὸς
950 1627 1077 1679 κλίμα
1106 1625 1152 1668 τὸ
1179 1626 1311 1668 νότιον
1341 1631 1428 1680 είχε
1455 1645 1528 1681 την
1554 1644 1622 1668 κε-

186 1694 325 1753 φαλνν
359 1693 497 1750 ἠρέμα
525 1709 612 1743 πως
647 1693 933 1748 εγκλινομένην
960 1692 1050 1734 ἐκεῖ
1082 1708 1151 1734 και
1187 1692 1262 1742 τοὶς
1283 1696 1363 1735 τῶν
1390 1690 1623 1749 ὀφθαλμων

280 1826 374 1857 σθεν
407 1822 472 1856 καὶ
505 1818 780 1878 κατερχόμεναι
818 1821 1137 1875 στρογγυλοειδιῦς
1160 1821 1224 1854 καὶ
1250 1833 1297 1867 χρ
1303 1822 1509 1862 υσίζουσαι.
1555 1824 1620 1856 καὶ

277 1867 324 1913 ἦν
358 1869 480 1914 τρυφή
507 1880 564 1905 τις
596 1880 670 1902 των
704 1866 921 1927 ὄᾳθαλμων
946 1867 1020 1902 τῶν
1048 1867 1260 1924 βλεπόντων
1293 1871 1355 1900 καὶ
1391 1866 1618 1914 ἄγαλλίαιια.

279 1916 319 1950 αἱ
350 1921 472 1975 χεῖρες
506 1915 545 1949 δὲ
578 1914 710 1956 ταύτης
744 1914 764 1955 ἧ
803 1914 876 1968 μὲν
898 1911 1091 1970 ἄριστερα
1113 1912 1158 1948 τὰ
1185 1917 1470 1971 συνεσφιγιιένα
1498 1915 1620 1959 ῥοῦχα

277 1963 411 2004 ταύτης
434 1961 664 2018 ἀνέσυρνεν,
690 1960 713 2003 ἤ
739 1956 842 2000 δεξια
871 1959 911 1994 δὲ
933 1959 1029 2016 πρὸς
1052 1955 1092 1995 τό
1119 1963 1234 2018 μέρος
1257 1964 1324 1994 τοῦ
1350 1959 1462 1996 ιότου
1490 1962 1620 1995 anza,-

277 2012 371 2056 μένη
407 2005 501 2043 οὖσα
539 2007 670 2053 ὀλίγον
696 2009 762 2041 καὶ
786 2018 852 2050 την
882 2005 1014 2051 ταύτης
1039 2004 1206 2055 κεφαλὴν
1232 2001 1328 2054 πρὸς
1352 2003 1470 2051 αὕτῆν
1496 2008 1618 2045 ἔκλινε

274 2057 466 2101 βλέπουσα
488 2054 635 2098 ταύτην.
663 2054 688 2086 Β

186 2180 377 2214 formatum
402 2189 478 2213 esse
518 2177 699 2212 credebat.
724 2176 763 2211 id
786 2176 824 2211 in
850 2176 945 2211 XXX
969 2175 1100 2223 pedum
1132 2174 1362 2212 altitudinem
1387 2177 1612 2224 assurgebat,

185 2227 352 2260 indutum
378 2237 482 2260 aerea
505 2231 626 2266 veste,
661 2235 732 2270 qua
755 2225 904 2258 materia
933 2230 1048 2258 totum
1074 2225 1280 2266 constabat,
1306 2225 1458 2259 demissa
1483 2226 1528 2259 ad
1552 2238 1618 2271 pe·-

187 2273 248 2306 des
276 2279 312 2306 et
333 2273 456 2306 multis
475 2274 511 2306 in
537 2272 698 2318 partibus
725 2271 948 2316 complicata,
971 2283 1017 2304 ne
1042 2271 1130 2316 quid
1155 2278 1343 2317 appareret
1366 2273 1465 2317 quod
1487 2279 1617 2306 natura

186 2324 321 2353 tectum
348 2331 425 2353 esse
462 2319 587 2353 voluit.
624 2319 766 2352 balteus
800 2319 940 2351 lumbos
979 2323 1073 2351 arcte
1106 2318 1383 2362 constringebat.
1409 2320 1446 2351 in
1470 2325 1616 2364 pectore

187 2367 292 2399 rectis
330 2367 488 2399 mammis
525 2366 656 2410 insigni
691 2364 862 2409 Aegidem
899 2375 977 2398 cum
1008 2365 1196 2409 Gorgoneo
1233 2366 1349 2410 capite
1378 2366 1422 2397 ab
1458 2365 1615 2398 humeris

189 2412 452 2457 dependentem
487 2413 642 2457 gerebat.
672 2412 803 2444 collum
829 2411 964 2444 nudum
991 2417 1027 2444 et
1051 2412 1195 2456 longum
1221 2418 1297 2445 erat
1320 2411 1616 2444 iucundissimum

187 2460 436 2503 spectaculum.
468 2470 526 2493 aes
561 2459 656 2491 enim
691 2458 793 2491 deam
828 2459 878 2491 ita
913 2458 1225 2503 repraesentabat,
1266 2464 1306 2491 ut
1344 2458 1437 2490 labia
1473 2469 1616 2491 suavem

189 2505 330 2538 editura
365 2517 513 2546 vocem,
551 2506 580 2538 si
620 2506 698 2550 quis
735 2508 962 2550 expectaret,
995 2505 1210 2537 viderentur.
1252 2503 1472 2549 apparebant
1497 2509 1533 2536 et
1554 2515 1618 2536 ve·-

188 2562 256 2602 nae
275 2557 312 2585 et
339 2556 454 2585 totum
490 2562 635 2596 corpus,
665 2562 735 2596 qua
762 2551 923 2592 decebat,
957 2551 1101 2583 mollius
1129 2551 1402 2592 inflectebatur3
1428 2555 1464 2582 et
1492 2561 1616 2594 quam-

187 2599 239 2631 vis
269 2599 430 2630 exanime
461 2599 607 2631 animati
634 2597 791 2643 corporis
814 2598 969 2642 vigorem
995 2597 1183 2630 referebat.
1225 2597 1335 2629 cauda
1364 2597 1493 2640 equina
1518 2596 1616 2640 capi-

186 2646 215 2677 ti
242 2645 405 2689 imposita
429 2650 598 2677 terrorem
622 2644 800 2689 quendam
827 2656 912 2690 prae
935 2655 973 2677 se
998 2643 1149 2676 ferebat.
1173 2654 1271 2676 coma
1296 2654 1315 2674 a
1338 2642 1455 2674 fronte
1479 2641 1615 2686 depen-

188 2691 297 2729 dens,
317 2691 355 2723 in
381 2690 515 2724 nodum
539 2696 701 2724 contorta
725 2696 762 2723 et
786 2702 805 2722 a
838 2696 936 2734 tergo
962 2691 1153 2722 constricta
1178 2690 1362 2722 oculorum
1387 2694 1462 2720 erat
1488 2688 1614 2722 delici-

186 2748 241 2770 ae.
271 2716 368 2782 galea
394 2748 465 2769 non
490 2736 633 2790 penitus
672 2742 860 2776 contecta,
890 2736 952 2769 sed
977 2747 1019 2768 ex
1046 2741 1147 2780 parte
1175 2736 1387 2779 prominens
1412 2735 1511 2766 laeva
1539 2746 1614 2768 ma-

187 2794 252 2818 nus
277 2784 389 2830 plicas
415 2783 523 2818 vestis
549 2782 774 2829 continebat,
799 2782 911 2817 altera
926 2791 1046 2817 versus
1069 2781 1234 2816 Austrum
1258 2785 1364 2827 caput
1386 2781 1533 2827 paulum
1554 2782 1608 2818 in-
