1878 3230
690 151 825 191 Unns
862 147 1049 202 cam.
1466 131 1498 184 8
1511 150 1529 183 1
1541 130 1575 185 3

150 248 260 303 ἔχων
290 243 476 290 αὕλῶσιν
515 244 684 301 ἓνελόχα
722 248 795 287 καί
834 243 1052 300 φάραγγας
1093 240 1294 286 §madero
1340 242 1413 286 καὶ
1441 246 1580 294 τόποις

149 315 397 372 ε’πῃρμένοις
423 315 483 363 εἰς
509 314 674 368 γήλοφοι
700 309 958 366 παρεδύετο,
985 310 1086 364 μηδ’
1118 311 1159 351 εἰ
1189 307 1388 362 πάρεστιν
1423 311 1580 352 εἰδέναι

149 378 341 422 σπεύδων
368 376 468 428 τούς
496 376 833 432 ἄντιπίπτοντας,
869 377 915 416 ἐκ
942 377 988 417 δὲ
1026 375 1098 429 τῆς
1126 375 1328 423 Σκυθίδος
1369 373 1580 430 φάλαγγος

147 440 198 500 ἧς
221 441 423 494 ὃΚοτζᾶς
441 440 704 497 ἡγεμόνευεν,
730 436 787 482 αὖ
815 439 940 482 πάλιν
966 437 1206 482 ἐπελαύνειν
1230 441 1286 496 τῷ
1315 442 1577 498 στρατοπέδῳ

119 511 232 554 5τῶν
243 509 437 551 Λατίνων
463 509 641 563 διαφῆκε
669 507 861 559 συχνούς,
888 508 959 547 καί
980 503 1111 547 ταύτὰ
1134 511 1218 553 τοῖς
1245 504 1444 560 πρότερον
1474 507 1578 560 δρᾶν

149 571 406 628 ἑγκελειῖεται
425 605 437 626 ,
467 571 656 626 κιίκείνης
692 569 868 624 ἔχεσθαι
897 573 970 625 τῆς
1000 573 1169 624 πορείας
1196 571 1578 626 ἑπαναστρέφοντας

147 633 198 694 ἧς
224 641 297 680 καί
323 636 524 693 πρότερον
554 635 728 689 εἴχοντο.
786 637 823 676 οὶ
853 637 899 676 δὲ
927 635 984 684 ὥς
1012 634 1110 684 τούς
1127 633 1295 684 Σκύθας
1322 630 1448 683 αὖθις
1477 634 1578 676 θεά-

149 718 323 755 σαιντο,
353 701 457 755 πρὸς
488 700 678 756 σπουδὴν
706 700 778 743 καί
803 702 953 742 αυ’τι’κα
983 700 1099 753 μάλα
1124 700 1479 753 καθοπλισάμενοι
1508 698 1581 741 καί

147 768 253 823 ὑπὲρ
283 766 356 822 τὴν
382 759 554 821 ἔναγχος
578 762 799 821 εὗροόστως
828 767 1059 819 ἐπέκειντο,
1098 765 1148 807 τὰ
1186 765 1343 820 δόρατα
1378 767 1577 818 σείοντες,

89 831 318 876 10κᾶπίτὸ
348 834 507 885 μᾶλλον
529 830 603 873 τὸν
635 830 792 887 δρόμον
828 834 1051 873 ἐπέτεινον.
1107 832 1165 880 ὥς
1203 832 1250 872 δὲ
1289 829 1336 871 τό
1374 829 1577 872 Σκυθικὸν

121 891 123 893 ’
146 900 323 952 προῆγεν
352 894 561 950 εὖπετῶς,
589 896 641 939 τά
675 897 805 939 πολλὰ
833 898 941 952 μηδὲ
964 899 1130 948 τοξεῦον
1162 891 1334 938 ὄπισθεν
1352 927 1364 950 ,
1405 895 1463 945 ὥς
1498 898 1617 948 peirn

146 963 315 1019 κούφως
346 965 615 1015 ἐσταλμένον,
648 961 705 1010 ὥς
745 963 791 1005 δὲ
818 962 891 1003 καί
920 963 1236 1016 δρομικωτέροις
1272 963 1413 1010 ἵπποις
1448 959 1574 1015 ὀχού-

145 1042 292 1080 μενον,
320 1025 472 1069 ἔλαθον
509 1028 568 1076 εἷς
599 1030 787 1068 πλεῖστον
820 1023 920 1068 ὅσον
959 1024 998 1068 οἱ
1034 1031 1215 1069 Λατῖνοι
1253 1025 1576 1079 ἐξιππασάμενοι

145 1091 217 1135 καὶ
238 1094 322 1134 τῶν
347 1091 516 1146 χωρίων
547 1090 759 1144 ἁψάμενοι
790 1092 967 1145 οἷμαθῶς
1005 1093 1049 1134 ἐν
1083 1088 1144 1140 οἷς
1175 1091 1219 1133 αἱ
1261 1089 1390 1144 πάγαι
1429 1093 1500 1133 καί
1535 1092 1574 1133 οἱ

87 1162 133 1203 ι5
146 1158 263 1211 λόχοι
301 1157 372 1198 καὶ
413 1155 463 1198 τοὶ
506 1155 655 1211 ἔνεδρα
703 1158 986 1198 διεσκεύαστο.
1057 1156 1202 1208 ἀμέλει
1240 1156 1315 1198 καί
1353 1159 1574 1206 Σκυθικοῖς

144 1223 298 1277 οἷκμῆσι
327 1223 678 1277 περιπεπτωκότες
704 1229 895 1276 στρατοῖς
931 1221 1057 1263 αὐτοὶ
1079 1223 1151 1276 τῆς
1178 1221 1280 1263 ὁδοῦ
1301 1224 1352 1278 τῇ
1382 1221 1572 1280 συντονίᾳ

143 1287 435 1336 ἑκτονωθέντες
466 1288 539 1328 καί
575 1289 776 1341 λαμπρῶς
805 1282 884 1341 ἤδη
923 1284 1044 1342 σφίσι
1081 1288 1164 1328 τῶν
1204 1286 1341 1329 ἳππων
1378 1287 1574 1328 α’ποκναι-

143 1350 328 1406 σάντων,
354 1354 399 1394 ἐν
426 1353 540 1408 μέσῳ
568 1351 944 1406 α’πολαμβάνονται·
1004 1351 1042 1393 οἱ
1070 1351 1151 1407 γὰρ
1172 1353 1333 1393 Σκύθαι
1352 1352 1408 1401 ὥς
1431 1354 1474 1402 ἐς
1499 1350 1573 1394 κύ-

144 1421 296 1460 κλωσιν
324 1415 479 1467 αύτούς
506 1415 743 1473 περιῄεσαν.
800 1416 838 1458 οἱ
867 1419 937 1471 δέ,
970 1418 1026 1466 ὥς
1055 1418 1100 1459 ἑν
1124 1419 1271 1473 χερσῖν
1295 1413 1346 1472 ἧν
1374 1418 1395 1458 o‘
1432 1417 1569 1471 α’γών,

81 1499 133 1526 20
145 1484 202 1539 τῷ
229 1482 380 1536 πλήθει
408 1484 492 1524 τῶν
518 1484 695 1524 Σκυθῶν
719 1480 960 1535 βιαζόμενοι
989 1485 1254 1536 ἀνετρέποντο
1289 1485 1370 1524 τῶν
1407 1484 1571 1536 ἳππων,

143 1549 305 1589 πολλῶν
336 1549 412 1589 ἕνα
443 1546 707 1601 περιιόντων,
749 1547 823 1588 καί
849 1550 1035 1602 δρέπανα
1064 1550 1137 1589 καί
1162 1547 1345 1603 βρόχους
1382 1549 1573 1602 ἐδέχοντο

142 1612 247 1654 κατὰ
277 1615 361 1654 ταῖν
396 1613 588 1664 αόχένων
624 1612 663 1653 οἱ
700 1613 1080 1668 σκληροτράχηλοι,
1120 1615 1193 1654 καί
1225 1614 1271 1654 τὸ
1304 1616 1452 1667 χρῆμα
1491 1614 1573 1654 τῶν

143 1679 280 1719 ἵππων
306 1679 570 1733 κατῃκίζετο·
629 1674 685 1725 αἷς
717 1675 797 1731 γὰρ
841 1680 972 1730 μέλαν
1002 1680 1127 1733 νέφος
1165 1680 1240 1719 καί
1282 1681 1451 1730 συνεχὲς
1492 1679 1573 1719 τῶν

146 1745 321 1784 Σκυθῶν
348 1740 737 1784 ε’πεισπεπτωκότων
765 1738 860 1784 οὔτε
898 1744 1033 1784 ἵππων
1069 1745 1294 1797 ἐξελιγμοῖς
1325 1744 1572 1798 χρήσασθαι

239 1871 266 1892 ι.
301 1858 399 1902 ἔχων
435 1858 613 1905 madunt]
647 1857 889 1902 κατακρύψας
923 1860 974 1895 εἰς
1006 1858 1144 1896 τόπους
1179 1858 1478 1913 ἔγκρυματαίὸἐις
1508 1861 1573 1893 καὶ

235 1904 437 1951 λογγαίδεις
462 1905 501 1937 Β.
597 1914 655 1937 21.
680 1903 859 1951 δρέπανα]
886 1905 1112 1951 ἐδεσμοῦντο
1137 1904 1212 1939 α’πο
1237 1905 1456 1951 σφονδύλου
1479 1907 1517 1940 Β.

147 2006 218 2039 suis
242 2005 352 2049 copiis
378 2005 558 2048 angustias
584 2010 621 2038 et
643 2005 763 2038 fauces
791 2006 905 2046 subit,
934 2012 969 2039 et
990 2013 1071 2051 post
1104 2007 1195 2040 altos
1224 2007 1334 2040 colles
1374 2007 1571 2048 delitescit,

146 2053 185 2085 in
209 2051 247 2084 id
271 2052 448 2091 intentus,
473 2061 518 2083 ne
542 2062 640 2083 suam
663 2053 901 2096 praesentiam
925 2058 1071 2086 nossent
1098 2053 1227 2086 hostes.
1253 2059 1290 2086 et
1315 2065 1432 2086 rursus
1452 2065 1470 2086 e
1488 2054 1572 2097 Scy-

146 2098 242 2131 thica
266 2097 442 2142 phalange
477 2097 535 2130 cui
559 2097 665 2130 cozas
695 2104 878 2143 praeerat,
915 2100 1112 2143 complures
1147 2100 1185 2132 in
1225 2105 1337 2132 castra
1362 2100 1570 2133 Latinorum

146 2145 271 2183 mittit,
296 2143 455 2176 hortatus
482 2149 522 2176 ut
557 2144 694 2188 priores
726 2145 951 2177 imitarentur
985 2146 1181 2191 eademque
1216 2147 1272 2178 via
1298 2152 1568 2179 reverterentur.

146 2191 266 2224 Latini
292 2190 430 2233 Scythis
455 2189 572 2222 denuo
610 2190 717 2230 visis,
752 2202 870 2224 rursus
908 2192 1119 2225 festinanter
1151 2193 1276 2225 armati
1310 2193 1436 2225 maiori
1461 2204 1569 2238 quam

148 2236 282 2269 dudum
306 2237 536 2269 contentione
559 2235 676 2269 hastas
701 2237 740 2269 in
774 2248 833 2270 eos
855 2237 1000 2271 vibrant
1030 2244 1066 2271 et
1103 2250 1242 2271 cursum
1272 2238 1474 2272 intendunt.
1507 2239 1571 2272 sed

147 2294 228 2316 cum
256 2282 407 2326 Scythae
431 2283 536 2315 facile
561 2288 846 2324 anteverterent‚
871 2289 911 2316 ut
941 2290 978 2317 et
1003 2285 1129 2317 leviter
1153 2285 1278 2318 armati
1309 2291 1345 2318 et
1371 2285 1573 2330 expeditio-

148 2329 247 2362 ribus
273 2329 375 2373 equis
398 2329 615 2371 insidentes,
640 2340 681 2362 ac
705 2330 822 2362 nullas
849 2329 923 2363 fore
948 2332 1093 2375 sagittas
1120 2337 1212 2364 retro
1245 2332 1473 2373 emittente-53
1505 2332 1573 2364 La-

148 2375 216 2408 tini
238 2385 302 2418 per
324 2374 598 2419 imprudentiam
625 2376 828 2419 longissime
854 2379 1011 2420 provecti
1038 2378 1075 2410 in
1102 2389 1142 2410 ea
1168 2379 1269 2419 loca,
1299 2379 1337 2410 in
1361 2378 1493 2422 quibus
1520 2378 1572 2409 la-

149 2421 235 2465 quei
260 2426 296 2454 et
317 2421 469 2453 insidiae
494 2427 616 2461 erant,
642 2428 679 2455 et
707 2423 744 2454 in
770 2428 929 2455 recentes
954 2423 1133 2467 Scythicas
1157 2424 1320 2457 cohortes
1346 2423 1570 2462 inciderunt,

151 2471 188 2500 et
211 2466 279 2510 ipsi
306 2472 344 2499 et
367 2468 451 2511 equi
476 2468 547 2500 iam
571 2469 802 2501 contentione
829 2469 969 2502 itineris
993 2470 1099 2514 plane
1124 2471 1280 2514 fatigati,
1316 2476 1352 2503 et
1386 2470 1423 2501 in
1452 2469 1571 2500 medio

150 2511 358 2555 Scytharum
391 2513 620 2547 circumventi
652 2520 743 2547 sunt.
776 2526 926 2559 quorum
959 2515 1216 2557 multitudine,
1255 2528 1333 2548 cum
1367 2514 1412 2546 ad
1449 2525 1572 2547 manus

149 2563 296 2590 ventum
323 2563 433 2598 esset,
458 2561 616 2604 oppressi
642 2562 744 2605 equis
768 2561 1021 2602 deturbantur,
1048 2563 1169 2595 multis
1192 2562 1347 2605 singulos
1372 2559 1575 2592 invadenti-

150 2603 231 2645 bus;
261 2608 298 2636 et
321 2603 430 2636 durae
455 2606 598 2639 cervicis
622 2605 784 2640 homines
808 2608 916 2641 falces
950 2615 987 2642 et
1010 2609 1156 2653 laqueos
1189 2609 1227 2640 in
1252 2608 1344 2639 colla
1376 2605 1571 2649 recipiunt,

153 2650 238 2694 equi
262 2649 483 2682 occiduntur.
507 2655 676 2696 tanquam
706 2654 799 2686 enim
824 2660 898 2687 atra
923 2660 960 2687 et
984 2661 1156 2699 perpetua
1185 2653 1296 2686 nubes
1312 2677 1322 2692 ‚
1347 2651 1398 2684 ita
1421 2651 1571 2694 Scythae

153 2695 359 2740 irruebant,
385 2701 427 2729 ut
447 2707 567 2742 neque
591 2699 766 2743 explicare
791 2710 867 2733 sese
897 2711 1015 2745 neque
1040 2700 1210 2744 diffugere
1243 2703 1398 2744 possent.
1430 2697 1572 2730 cecide-
