<?xml version="1.0" encoding="UTF-8"?>
<!DOCTYPE html PUBLIC "-//W3C//DTD XHTML 1.0 Transitional//EN"
    "http://www.w3.org/TR/xhtml1/DTD/xhtml1-transitional.dtd">
<html xmlns="http://www.w3.org/1999/xhtml" xml:lang="en" lang="en">
 <head>
  <title>
</title>
<meta http-equiv="Content-Type" content="text/html;charset=utf-8" />
  <meta name='ocr-system' content='tesseract 3.04.00' />
  <meta name='ocr-capabilities' content='ocr_page ocr_carea ocr_par ocr_line ocrx_word'/>
</head>
<body>
  <div class='ocr_page' id='page_1' title='image "./corpusscriptorum41niebuoft/corpusscriptorum41niebuoft_0661.png"; bbox 0 0 1878 3230; ppageno 0'>
   <div class='ocr_carea' id='block_1_1' title="bbox 318 147 1597 208">
    <p class='ocr_par' dir='ltr' id='par_1_1' title="bbox 318 147 1597 208">
     <span class='ocr_line' id='line_1_1' title="bbox 318 147 1597 208; baseline -0.002 -2"><span class='ocrx_word' id='word_1_1' title='bbox 318 167 390 206; x_wconf 85' lang='lat' dir='ltr'><strong><em>DE</em></strong></span> <span class='ocrx_word' id='word_1_2' title='bbox 427 164 624 206; x_wconf 77' lang='lat' dir='ltr'>ALExio</span> <span class='ocrx_word' id='word_1_3' title='bbox 669 164 864 206; x_wconf 68' lang='lat' dir='ltr'>isAAcn</span> <span class='ocrx_word' id='word_1_4' title='bbox 906 165 1102 206; x_wconf 74' lang='lat' dir='ltr'>ANGEL!</span> <span class='ocrx_word' id='word_1_5' title='bbox 1142 166 1228 208; x_wconf 75' lang='lat' dir='ltr'><strong><em>m.</em></strong></span> <span class='ocrx_word' id='word_1_6' title='bbox 1263 165 1362 205; x_wconf 76' lang='lat' dir='ltr'><strong><em>Lm.</em></strong></span> <span class='ocrx_word' id='word_1_7' title='bbox 1389 166 1424 205; x_wconf 80' lang='grc' dir='ltr'><strong><em>ι.</em></strong></span> <span class='ocrx_word' id='word_1_8' title='bbox 1490 147 1597 203; x_wconf 84' lang='grc' dir='ltr'><strong><em>63ι</em></strong></span> 
     </span>
    </p>
   </div>
   <div class='ocr_carea' id='block_1_2' title="bbox 100 259 1748 1757">
    <p class='ocr_par' dir='ltr' id='par_1_2' title="bbox 100 259 1748 1757">
     <span class='ocr_line' id='line_1_2' title="bbox 177 259 1608 319; baseline 0 -14"><span class='ocrx_word' id='word_1_9' title='bbox 177 265 341 313; x_wconf 79' lang='grc' dir='ltr'><strong><em>οἰκείοις</em></strong></span> <span class='ocrx_word' id='word_1_10' title='bbox 369 264 566 317; x_wconf 80' lang='grc' dir='ltr'><em>ὀψωνίοις</em></span> <span class='ocrx_word' id='word_1_11' title='bbox 594 263 669 318; x_wconf 71' lang='grc' dir='ltr'><strong><em>τήν</em></strong></span> <span class='ocrx_word' id='word_1_12' title='bbox 708 265 979 319; x_wconf 78' lang='grc' dir='ltr'><em>προκειμένην</em></span> <span class='ocrx_word' id='word_1_13' title='bbox 1005 266 1164 318; x_wconf 75' lang='grc' dir='ltr'><strong><em>παρῆκε</em></strong></span> <span class='ocrx_word' id='word_1_14' title='bbox 1191 265 1454 305; x_wconf 73' lang='grc' dir='ltr'><strong><em>στείλασθαι.</em></strong></span> <span class='ocrx_word' id='word_1_15' title='bbox 1508 259 1608 305; x_wconf 76' lang='grc' dir='ltr'><strong><em>ὅθεν</em></strong></span> 
     </span>
     <span class='ocr_line' id='line_1_3' title="bbox 176 326 1611 385; baseline -0.001 -14"><span class='ocrx_word' id='word_1_16' title='bbox 176 329 379 385; x_wconf 77' lang='grc' dir='ltr'><strong><em>ἐποφθείς</em></strong></span> <span class='ocrx_word' id='word_1_17' title='bbox 406 330 547 379; x_wconf 88' lang='grc' dir='ltr'><strong><em>καινός</em></strong></span> <span class='ocrx_word' id='word_1_18' title='bbox 576 345 639 379; x_wconf 88' lang='grc' dir='ltr'><strong><em>τις</em></strong></span> <span class='ocrx_word' id='word_1_19' title='bbox 667 329 739 371; x_wconf 84' lang='grc' dir='ltr'><strong><em>καί</em></strong></span> <span class='ocrx_word' id='word_1_20' title='bbox 764 328 932 379; x_wconf 75' lang='grc' dir='ltr'><strong><em>ἔξαλλος</em></strong></span> <span class='ocrx_word' id='word_1_21' title='bbox 958 328 1211 384; x_wconf 70' lang='grc' dir='ltr'><strong><em>πρεσβευτὴς</em></strong></span> <span class='ocrx_word' id='word_1_22' title='bbox 1248 329 1302 369; x_wconf 80' lang='grc' dir='ltr'><strong><em>ου’</em></strong></span> <span class='ocrx_word' id='word_1_23' title='bbox 1325 326 1454 381; x_wconf 86' lang='grc' dir='ltr'><strong><em>μόνον</em></strong></span> <span class='ocrx_word' id='word_1_24' title='bbox 1489 330 1611 370; x_wconf 73' lang='grc' dir='ltr'><strong><em>οὐδέν</em></strong></span> 
     </span>
     <span class='ocr_line' id='line_1_4' title="bbox 176 391 1610 450; baseline 0 -15"><span class='ocrx_word' id='word_1_25' title='bbox 176 410 215 435; x_wconf 87' lang='grc' dir='ltr'><strong><em>τι</em></strong></span> <span class='ocrx_word' id='word_1_26' title='bbox 243 394 357 450; x_wconf 77' lang='grc' dir='ltr'><strong><em>παρὰ</em></strong></span> <span class='ocrx_word' id='word_1_27' title='bbox 384 394 483 444; x_wconf 81' lang='grc' dir='ltr'><strong><em>τούς</em></strong></span> <span class='ocrx_word' id='word_1_28' title='bbox 521 395 719 450; x_wconf 85' lang='grc' dir='ltr'><strong><em>πρότερον</em></strong></span> <span class='ocrx_word' id='word_1_29' title='bbox 745 397 942 448; x_wconf 83' lang='grc' dir='ltr'><strong><em>πρέσβεις</em></strong></span> <span class='ocrx_word' id='word_1_30' title='bbox 972 396 1181 448; x_wconf 88' lang='grc' dir='ltr'><strong><em>τετίμητο,</em></strong></span> <span class='ocrx_word' id='word_1_31' title='bbox 1225 391 1334 436; x_wconf 81' lang='grc' dir='ltr'><strong><em>οἷλλοὶ</em></strong></span> <span class='ocrx_word' id='word_1_32' title='bbox 1372 396 1443 436; x_wconf 84' lang='grc' dir='ltr'><strong><em>καί</em></strong></span> <span class='ocrx_word' id='word_1_33' title='bbox 1480 396 1610 448; x_wconf 82' lang='grc' dir='ltr'><strong><em>γέλων</em></strong></span> 
     </span>
     <span class='ocr_line' id='line_1_5' title="bbox 176 453 1610 518; baseline 0.001 -18"><span class='ocrx_word' id='word_1_34' title='bbox 176 453 293 514; x_wconf 64' lang='grc' dir='ltr'><strong><em>ὦφλε</em></strong></span> <span class='ocrx_word' id='word_1_35' title='bbox 319 461 378 518; x_wconf 71' lang='grc' dir='ltr'><strong><em>τῷ</em></strong></span> <span class='ocrx_word' id='word_1_36' title='bbox 408 458 535 514; x_wconf 75' lang='grc' dir='ltr'><strong><em>α’ήθει</em></strong></span> <span class='ocrx_word' id='word_1_37' title='bbox 573 462 650 502; x_wconf 81' lang='grc' dir='ltr'><strong><em>τοῦ</em></strong></span> <span class='ocrx_word' id='word_1_38' title='bbox 677 458 994 514; x_wconf 79' lang='grc' dir='ltr'><strong><em>περιβλήματος.</em></strong></span> <span class='ocrx_word' id='word_1_39' title='bbox 1052 461 1145 501; x_wconf 80' lang='grc' dir='ltr'><strong><em>ἐπεί</em></strong></span> <span class='ocrx_word' id='word_1_40' title='bbox 1170 461 1217 501; x_wconf 79' lang='grc' dir='ltr'><strong><em>δὲ</em></strong></span> <span class='ocrx_word' id='word_1_41' title='bbox 1254 458 1303 500; x_wconf 83' lang='grc' dir='ltr'><strong><em>τὰ</em></strong></span> <span class='ocrx_word' id='word_1_42' title='bbox 1337 461 1410 514; x_wconf 78' lang='grc' dir='ltr'><strong><em>τῆς</em></strong></span> <span class='ocrx_word' id='word_1_43' title='bbox 1446 457 1610 515; x_wconf 74' lang='grc' dir='ltr'><strong><em>εἰρήνης</em></strong></span> 
     </span>
     <span class='ocr_line' id='line_1_6' title="bbox 139 523 1609 580; baseline -0.002 -13"><span class='ocrx_word' id='word_1_44' title='bbox 139 525 294 567; x_wconf 73' lang='grc' dir='ltr'><strong><em>5ἓνεκα</em></strong></span> <span class='ocrx_word' id='word_1_45' title='bbox 321 524 587 580; x_wconf 71' lang='grc' dir='ltr'><strong><em>δοθησόμενα</em></strong></span> <span class='ocrx_word' id='word_1_46' title='bbox 611 525 811 580; x_wconf 79' lang='grc' dir='ltr'><strong><em>χρήματα</em></strong></span> <span class='ocrx_word' id='word_1_47' title='bbox 849 525 909 572; x_wconf 84' lang='grc' dir='ltr'><strong><em>εἰς</em></strong></span> <span class='ocrx_word' id='word_1_48' title='bbox 951 526 1049 566; x_wconf 87' lang='grc' dir='ltr'><strong><em>δέκα</em></strong></span> <span class='ocrx_word' id='word_1_49' title='bbox 1079 523 1183 577; x_wconf 85' lang='grc' dir='ltr'><strong><em>πρὸς</em></strong></span> <span class='ocrx_word' id='word_1_50' title='bbox 1222 531 1308 573; x_wconf 83' lang='grc' dir='ltr'><strong><em>τοῖς</em></strong></span> <span class='ocrx_word' id='word_1_51' title='bbox 1344 527 1388 575; x_wconf 74' lang='grc' dir='ltr'><strong><em>ἓξ</em></strong></span> <span class='ocrx_word' id='word_1_52' title='bbox 1428 526 1609 579; x_wconf 86' lang='grc' dir='ltr'><strong><em>χρυσίου</em></strong></span> 
     </span>
     <span class='ocr_line' id='line_1_7' title="bbox 172 586 1610 645; baseline 0 -16"><span class='ocrx_word' id='word_1_53' title='bbox 172 592 449 645; x_wconf 85' lang='grc' dir='ltr'><strong><em>περιέστησαν</em></strong></span> <span class='ocrx_word' id='word_1_54' title='bbox 487 590 754 645; x_wconf 82' lang='grc' dir='ltr'><strong><em>κεντηνάρια,</em></strong></span> <span class='ocrx_word' id='word_1_55' title='bbox 785 586 807 629; x_wconf 82' lang='grc' dir='ltr'>ὅ</span> <span class='ocrx_word' id='word_1_56' title='bbox 845 591 924 641; x_wconf 76' lang='grc' dir='ltr'><strong><em>μὲν</em></strong></span> <span class='ocrx_word' id='word_1_57' title='bbox 951 588 1191 644; x_wconf 77' lang='grc' dir='ltr'><strong><em>Φιλοκάλης</em></strong></span> <span class='ocrx_word' id='word_1_58' title='bbox 1222 588 1298 644; x_wconf 74' lang='grc' dir='ltr'><strong><em>την</em></strong></span> <span class='ocrx_word' id='word_1_59' title='bbox 1325 588 1480 631; x_wconf 81' lang='grc' dir='ltr'><strong><em>τούτων</em></strong></span> <span class='ocrx_word' id='word_1_60' title='bbox 1507 590 1610 632; x_wconf 68' lang='grc' dir='ltr'><strong><em>ἄπο·</em></strong></span> 
     </span>
     <span class='ocr_line' id='line_1_8' title="bbox 174 653 1613 710; baseline -0.001 -14"><span class='ocrx_word' id='word_1_61' title='bbox 174 655 323 710; x_wconf 69' lang='grc' dir='ltr'><strong><em>στολὴν</em></strong></span> <span class='ocrx_word' id='word_1_62' title='bbox 349 654 452 698; x_wconf 76' lang='grc' dir='ltr'><strong><em>κατὰ</em></strong></span> <span class='ocrx_word' id='word_1_63' title='bbox 475 657 668 696; x_wconf 76' lang='grc' dir='ltr'><strong><em>Σικελίαν</em></strong></span> <span class='ocrx_word' id='word_1_64' title='bbox 693 656 865 706; x_wconf 76' lang='grc' dir='ltr'><strong><em>ἐπέμενε</em></strong></span> <span class='ocrx_word' id='word_1_65' title='bbox 892 656 1131 709; x_wconf 73' lang='grc' dir='ltr'><strong><em>προσδοκῶν</em></strong></span> <span class='ocrx_word' id='word_1_66' title='bbox 1156 653 1260 696; x_wconf 78' lang='grc' dir='ltr'><strong><em>ἔνθα</em></strong></span> <span class='ocrx_word' id='word_1_67' title='bbox 1287 657 1343 710; x_wconf 76' lang='grc' dir='ltr'><strong><em>τῷ</em></strong></span> <span class='ocrx_word' id='word_1_68' title='bbox 1372 654 1469 710; x_wconf 77' lang='grc' dir='ltr'><strong><em>ῥηγί</em></strong></span> <span class='ocrx_word' id='word_1_69' title='bbox 1489 669 1613 697; x_wconf 82' lang='grc' dir='ltr'><strong><em>συνε-</em></strong></span> 
     </span>
     <span class='ocr_line' id='line_1_9' title="bbox 172 718 1748 775; baseline 0.001 -15"><span class='ocrx_word' id='word_1_70' title='bbox 172 722 335 773; x_wconf 86' lang='grc' dir='ltr'><strong><em>γένετο,</em></strong></span> <span class='ocrx_word' id='word_1_71' title='bbox 363 718 564 774; x_wconf 71' lang='grc' dir='ltr'><strong><em>βασιλεύς</em></strong></span> <span class='ocrx_word' id='word_1_72' title='bbox 592 721 638 761; x_wconf 80' lang='grc' dir='ltr'><strong><em>δὲ</em></strong></span> <span class='ocrx_word' id='word_1_73' title='bbox 663 720 833 775; x_wconf 80' lang='grc' dir='ltr'><strong><em>φάσκων</em></strong></span> <span class='ocrx_word' id='word_1_74' title='bbox 865 720 1037 774; x_wconf 85' lang='grc' dir='ltr'><strong><em>α’πορεῖν</em></strong></span> <span class='ocrx_word' id='word_1_75' title='bbox 1065 719 1293 775; x_wconf 83' lang='grc' dir='ltr'><strong><em>χρημάτων</em></strong></span> <span class='ocrx_word' id='word_1_76' title='bbox 1331 721 1405 770; x_wconf 80' lang='grc' dir='ltr'><strong><em>τάς</em></strong></span> <span class='ocrx_word' id='word_1_77' title='bbox 1442 736 1486 762; x_wconf 87' lang='grc' dir='ltr'><strong><em>τε</em></strong></span> <span class='ocrx_word' id='word_1_78' title='bbox 1524 718 1610 774; x_wconf 76' lang='grc' dir='ltr'><strong><em>χιό·</em></strong></span> <span class='ocrx_word' id='word_1_79' title='bbox 1622 729 1656 762; x_wconf 83' lang='grc' dir='ltr'><strong><em>Ρ.</em></strong></span> <span class='ocrx_word' id='word_1_80' title='bbox 1681 733 1748 769; x_wconf 75' lang='lat'><strong><em>308</em></strong></span> 
     </span>
     <span class='ocr_line' id='line_1_10' title="bbox 173 782 1609 841; baseline 0.001 -15"><span class='ocrx_word' id='word_1_81' title='bbox 173 800 250 838; x_wconf 88' lang='grc' dir='ltr'><strong><em>ρας</em></strong></span> <span class='ocrx_word' id='word_1_82' title='bbox 275 783 530 841; x_wconf 84' lang='grc' dir='ltr'><strong><em>έφορολόγει,</em></strong></span> <span class='ocrx_word' id='word_1_83' title='bbox 558 784 603 826; x_wconf 86' lang='grc' dir='ltr'><strong><em>τὸ</em></strong></span> <span class='ocrx_word' id='word_1_84' title='bbox 633 782 886 837; x_wconf 80' lang='grc' dir='ltr'><strong><em>καλούμενον</em></strong></span> <span class='ocrx_word' id='word_1_85' title='bbox 905 784 1166 840; x_wconf 78' lang='grc' dir='ltr'><strong><em>εἰσπράττων</em></strong></span> <span class='ocrx_word' id='word_1_86' title='bbox 1193 785 1485 838; x_wconf 86' lang='grc' dir='ltr'><strong><em>Ἀλαμανικόν,</em></strong></span> <span class='ocrx_word' id='word_1_87' title='bbox 1513 785 1609 827; x_wconf 89' lang='grc' dir='ltr'><strong><em>τότε</em></strong></span> 
     </span>
     <span class='ocr_line' id='line_1_11' title="bbox 111 849 1608 906; baseline 0.001 -15"><span class='ocrx_word' id='word_1_88' title='bbox 111 861 158 887; x_wconf 81' lang='lat'><strong><em>10</em></strong></span> <span class='ocrx_word' id='word_1_89' title='bbox 171 853 389 892; x_wconf 84' lang='grc' dir='ltr'><strong><em>καινισθὲν</em></strong></span> <span class='ocrx_word' id='word_1_90' title='bbox 415 850 604 906; x_wconf 83' lang='grc' dir='ltr'><strong><em>πρώτως,</em></strong></span> <span class='ocrx_word' id='word_1_91' title='bbox 630 850 703 892; x_wconf 83' lang='grc' dir='ltr'>καί</span> <span class='ocrx_word' id='word_1_92' title='bbox 725 849 770 892; x_wconf 84' lang='grc' dir='ltr'><strong><em>τὸ</em></strong></span> <span class='ocrx_word' id='word_1_93' title='bbox 805 852 878 905; x_wconf 79' lang='grc' dir='ltr'><strong><em>τῆς</em></strong></span> <span class='ocrx_word' id='word_1_94' title='bbox 906 849 1062 899; x_wconf 87' lang='grc' dir='ltr'><strong><em>πόλεως</em></strong></span> <span class='ocrx_word' id='word_1_95' title='bbox 1085 849 1358 906; x_wconf 78' lang='grc' dir='ltr'><strong><em>ἐκκλησιάσας</em></strong></span> <span class='ocrx_word' id='word_1_96' title='bbox 1388 850 1608 906; x_wconf 70' lang='grc' dir='ltr'><strong><em>πλήρωμα,</em></strong></span> 
     </span>
     <span class='ocr_line' id='line_1_12' title="bbox 169 913 1610 971; baseline 0.002 -16"><span class='ocrx_word' id='word_1_97' title='bbox 169 913 214 956; x_wconf 86' lang='grc' dir='ltr'><strong><em>τό</em></strong></span> <span class='ocrx_word' id='word_1_98' title='bbox 243 930 285 956; x_wconf 87' lang='grc' dir='ltr'><strong><em>τε</em></strong></span> <span class='ocrx_word' id='word_1_99' title='bbox 311 913 582 970; x_wconf 82' lang='grc' dir='ltr'><strong><em>γερουσιάζον</em></strong></span> <span class='ocrx_word' id='word_1_100' title='bbox 614 916 688 959; x_wconf 82' lang='grc' dir='ltr'><em>καί</em></span> <span class='ocrx_word' id='word_1_101' title='bbox 714 913 810 958; x_wconf 74' lang='grc' dir='ltr'><strong><em>ὅσον</em></strong></span> <span class='ocrx_word' id='word_1_102' title='bbox 830 917 905 956; x_wconf 82' lang='grc' dir='ltr'><strong><em>τοῦ</em></strong></span> <span class='ocrx_word' id='word_1_103' title='bbox 921 914 1105 970; x_wconf 78' lang='grc' dir='ltr'><strong><em>βήματος</em></strong></span> <span class='ocrx_word' id='word_1_104' title='bbox 1122 915 1328 971; x_wconf 81' lang='grc' dir='ltr'><strong><em>τρόφιμον</em></strong></span> <span class='ocrx_word' id='word_1_105' title='bbox 1344 920 1416 957; x_wconf 79' lang='grc' dir='ltr'><strong><em>καί</em></strong></span> <span class='ocrx_word' id='word_1_106' title='bbox 1433 913 1530 958; x_wconf 82' lang='grc' dir='ltr'><strong><em>ὅσον</em></strong></span> <span class='ocrx_word' id='word_1_107' title='bbox 1550 920 1610 965; x_wconf 85' lang='grc' dir='ltr'><strong><em>είς</em></strong></span> 
     </span>
     <span class='ocr_line' id='line_1_13' title="bbox 167 978 1609 1038; baseline 0.001 -17"><span class='ocrx_word' id='word_1_108' title='bbox 167 978 401 1036; x_wconf 80' lang='grc' dir='ltr'><strong><em>διαφόρους</em></strong></span> <span class='ocrx_word' id='word_1_109' title='bbox 421 984 571 1034; x_wconf 80' lang='grc' dir='ltr'><strong><em>τέχνας</em></strong></span> <span class='ocrx_word' id='word_1_110' title='bbox 589 984 662 1024; x_wconf 86' lang='grc' dir='ltr'><strong><em>καί</em></strong></span> <span class='ocrx_word' id='word_1_111' title='bbox 676 979 907 1036; x_wconf 79' lang='grc' dir='ltr'><strong><em>ἐπιστήμας</em></strong></span> <span class='ocrx_word' id='word_1_112' title='bbox 920 983 1151 1036; x_wconf 77' lang='grc' dir='ltr'><strong><em>μερίζεται,</em></strong></span> <span class='ocrx_word' id='word_1_113' title='bbox 1170 980 1321 1035; x_wconf 80' lang='grc' dir='ltr'><strong><em>ἔρανον</em></strong></span> <span class='ocrx_word' id='word_1_114' title='bbox 1336 980 1480 1038; x_wconf 82' lang='grc' dir='ltr'><strong><em>α’πῄτει</em></strong></span> <span class='ocrx_word' id='word_1_115' title='bbox 1496 984 1609 1035; x_wconf 86' lang='grc' dir='ltr'><strong><em>γενέ-</em></strong></span> 
     </span>
     <span class='ocr_line' id='line_1_14' title="bbox 167 1045 1608 1100; baseline 0.001 -13"><span class='ocrx_word' id='word_1_116' title='bbox 167 1048 272 1087; x_wconf 86' lang='grc' dir='ltr'><strong><em>σθαι</em></strong></span> <span class='ocrx_word' id='word_1_117' title='bbox 298 1047 372 1088; x_wconf 82' lang='grc' dir='ltr'><strong><em>καί</em></strong></span> <span class='ocrx_word' id='word_1_118' title='bbox 399 1045 626 1100; x_wconf 81' lang='grc' dir='ltr'><strong><em>οἷπόδασμά</em></strong></span> <span class='ocrx_word' id='word_1_119' title='bbox 651 1063 690 1088; x_wconf 85' lang='grc' dir='ltr'><strong><em>τι</em></strong></span> <span class='ocrx_word' id='word_1_120' title='bbox 717 1049 984 1088; x_wconf 70' lang='grc' dir='ltr'><strong><em>καταθέσθαι</em></strong></span> <span class='ocrx_word' id='word_1_121' title='bbox 1012 1049 1085 1100; x_wconf 79' lang='grc' dir='ltr'><strong><em>τῆς</em></strong></span> <span class='ocrx_word' id='word_1_122' title='bbox 1112 1048 1261 1095; x_wconf 83' lang='grc' dir='ltr'><strong><em>ου’σίας</em></strong></span> <span class='ocrx_word' id='word_1_123' title='bbox 1289 1049 1471 1088; x_wconf 76' lang='grc' dir='ltr'><strong><em>ἕκαστον.</em></strong></span> <span class='ocrx_word' id='word_1_124' title='bbox 1498 1046 1608 1100; x_wconf 72' lang='grc' dir='ltr'><strong><em>ὁρῶν</em></strong></span> 
     </span>
     <span class='ocr_line' id='line_1_15' title="bbox 168 1111 1605 1167; baseline -0.001 -16"><span class='ocrx_word' id='word_1_125' title='bbox 168 1111 215 1151; x_wconf 81' lang='grc' dir='ltr'><strong><em>δὲ</em></strong></span> <span class='ocrx_word' id='word_1_126' title='bbox 243 1111 300 1160; x_wconf 75' lang='grc' dir='ltr'><strong><em>ὥς</em></strong></span> <span class='ocrx_word' id='word_1_127' title='bbox 328 1112 448 1153; x_wconf 84' lang='grc' dir='ltr'><strong><em>ου’δέν</em></strong></span> <span class='ocrx_word' id='word_1_128' title='bbox 469 1127 511 1153; x_wconf 91' lang='grc' dir='ltr'><strong><em>τι</em></strong></span> <span class='ocrx_word' id='word_1_129' title='bbox 537 1114 724 1164; x_wconf 87' lang='grc' dir='ltr'><strong><em>περαίνει</em></strong></span> <span class='ocrx_word' id='word_1_130' title='bbox 753 1113 842 1153; x_wconf 75' lang='grc' dir='ltr'><strong><em>ἄλλ’</em></strong></span> <span class='ocrx_word' id='word_1_131' title='bbox 871 1112 962 1167; x_wconf 81' lang='grc' dir='ltr'><strong><em>εἰκῇ</em></strong></span> <span class='ocrx_word' id='word_1_132' title='bbox 990 1111 1042 1153; x_wconf 83' lang='grc' dir='ltr'><strong><em>τὰ</em></strong></span> <span class='ocrx_word' id='word_1_133' title='bbox 1072 1115 1248 1154; x_wconf 82' lang='grc' dir='ltr'><strong><em>τοιαῦτα</em></strong></span> <span class='ocrx_word' id='word_1_134' title='bbox 1273 1114 1460 1165; x_wconf 83' lang='grc' dir='ltr'><strong><em>μέτεισι,</em></strong></span> <span class='ocrx_word' id='word_1_135' title='bbox 1487 1126 1605 1153; x_wconf 88' lang='grc' dir='ltr'><strong><em>κενο-</em></strong></span> 
     </span>
     <span class='ocr_line' id='line_1_16' title="bbox 107 1174 1741 1231; baseline 0.004 -15"><span class='ocrx_word' id='word_1_136' title='bbox 107 1174 154 1216; x_wconf 88' lang='lat'><strong><em>15</em></strong></span> <span class='ocrx_word' id='word_1_137' title='bbox 170 1177 298 1229; x_wconf 80' lang='grc' dir='ltr'><strong><em>λογῶν</em></strong></span> <span class='ocrx_word' id='word_1_138' title='bbox 329 1178 535 1230; x_wconf 80' lang='grc' dir='ltr'><strong><em>α’τεχνῶς,</em></strong></span> <span class='ocrx_word' id='word_1_139' title='bbox 566 1179 639 1218; x_wconf 82' lang='grc' dir='ltr'><strong><em>καί</em></strong></span> <span class='ocrx_word' id='word_1_140' title='bbox 669 1176 766 1226; x_wconf 80' lang='grc' dir='ltr'><strong><em>τούς</em></strong></span> <span class='ocrx_word' id='word_1_141' title='bbox 806 1181 973 1225; x_wconf 86' lang='grc' dir='ltr'><strong><em>πλείους</em></strong></span> <span class='ocrx_word' id='word_1_142' title='bbox 1011 1178 1057 1218; x_wconf 84' lang='grc' dir='ltr'><strong><em>δὲ</em></strong></span> <span class='ocrx_word' id='word_1_143' title='bbox 1098 1175 1362 1231; x_wconf 77' lang='grc' dir='ltr'><strong><em>κραυγάσους</em></strong></span> <span class='ocrx_word' id='word_1_144' title='bbox 1400 1175 1473 1218; x_wconf 81' lang='grc' dir='ltr'><strong><em>καί</em></strong></span> <span class='ocrx_word' id='word_1_145' title='bbox 1507 1187 1741 1224; x_wconf 80' lang='lat' dir='ltr'>ota-v.253</span> 
     </span>
     <span class='ocr_line' id='line_1_17' title="bbox 165 1237 1606 1298; baseline 0.001 -16"><span class='ocrx_word' id='word_1_146' title='bbox 165 1242 332 1290; x_wconf 80' lang='grc' dir='ltr'><strong><em>σιώδεις</em></strong></span> <span class='ocrx_word' id='word_1_147' title='bbox 361 1242 564 1298; x_wconf 80' lang='grc' dir='ltr'><strong><em>εὑρίσκων</em></strong></span> <span class='ocrx_word' id='word_1_148' title='bbox 593 1237 661 1283; x_wconf 81' lang='grc' dir='ltr'><strong><em>οἶα</em></strong></span> <span class='ocrx_word' id='word_1_149' title='bbox 688 1244 896 1297; x_wconf 75' lang='grc' dir='ltr'><strong><em>μηδαμῶς</em></strong></span> <span class='ocrx_word' id='word_1_150' title='bbox 932 1242 1082 1283; x_wconf 73' lang='grc' dir='ltr'><strong><em>ἀνεκτὰ</em></strong></span> <span class='ocrx_word' id='word_1_151' title='bbox 1112 1241 1369 1295; x_wconf 72' lang='grc' dir='ltr'><strong><em>ἡγουμένους</em></strong></span> <span class='ocrx_word' id='word_1_152' title='bbox 1409 1239 1458 1283; x_wconf 76' lang='grc' dir='ltr'><strong><em>τὰ</em></strong></span> <span class='ocrx_word' id='word_1_153' title='bbox 1499 1257 1606 1297; x_wconf 82' lang='grc' dir='ltr'><strong><em>φορ-</em></strong></span> 
     </span>
     <span class='ocr_line' id='line_1_18' title="bbox 163 1300 1606 1362; baseline 0.001 -16"><span class='ocrx_word' id='word_1_154' title='bbox 163 1300 258 1347; x_wconf 75' lang='grc' dir='ltr'><strong><em>τικοὶ</em></strong></span> <span class='ocrx_word' id='word_1_155' title='bbox 285 1308 417 1350; x_wconf 80' lang='grc' dir='ltr'><strong><em>ταῦτα</em></strong></span> <span class='ocrx_word' id='word_1_156' title='bbox 445 1307 518 1349; x_wconf 83' lang='grc' dir='ltr'>καί</span> <span class='ocrx_word' id='word_1_157' title='bbox 545 1308 659 1362; x_wconf 74' lang='grc' dir='ltr'><strong><em>ἀήθη</em></strong></span> <span class='ocrx_word' id='word_1_158' title='bbox 688 1306 978 1361; x_wconf 78' lang='grc' dir='ltr'><strong><em>ἐπιτάγματα,</em></strong></span> <span class='ocrx_word' id='word_1_159' title='bbox 1015 1305 1097 1348; x_wconf 71' lang='grc' dir='ltr'><strong><em>ὑπὸ</em></strong></span> <span class='ocrx_word' id='word_1_160' title='bbox 1139 1323 1264 1349; x_wconf 87' lang='grc' dir='ltr'><strong><em>τινων</em></strong></span> <span class='ocrx_word' id='word_1_161' title='bbox 1305 1309 1351 1348; x_wconf 79' lang='grc' dir='ltr'><strong><em>δὲ</em></strong></span> <span class='ocrx_word' id='word_1_162' title='bbox 1387 1309 1460 1349; x_wconf 71' lang='grc' dir='ltr'><strong><em>καί</em></strong></span> <span class='ocrx_word' id='word_1_163' title='bbox 1493 1311 1606 1361; x_wconf 88' lang='grc' dir='ltr'><strong><em>λογι-</em></strong></span> 
     </span>
     <span class='ocr_line' id='line_1_19' title="bbox 163 1371 1607 1427; baseline 0 -13"><span class='ocrx_word' id='word_1_164' title='bbox 163 1371 411 1425; x_wconf 87' lang='grc' dir='ltr'><strong><em>στευόμενος</em></strong></span> <span class='ocrx_word' id='word_1_165' title='bbox 441 1372 498 1422; x_wconf 77' lang='grc' dir='ltr'><strong><em>ὥς</em></strong></span> <span class='ocrx_word' id='word_1_166' title='bbox 529 1371 579 1415; x_wconf 79' lang='grc' dir='ltr'><strong><em>τὰ</em></strong></span> <span class='ocrx_word' id='word_1_167' title='bbox 606 1371 726 1415; x_wconf 77' lang='grc' dir='ltr'><strong><em>κοινὰ</em></strong></span> <span class='ocrx_word' id='word_1_168' title='bbox 755 1374 1042 1416; x_wconf 79' lang='grc' dir='ltr'><strong><em>κατασπαθῶν</em></strong></span> <span class='ocrx_word' id='word_1_169' title='bbox 1070 1373 1143 1414; x_wconf 77' lang='grc' dir='ltr'><strong><em>καί</em></strong></span> <span class='ocrx_word' id='word_1_170' title='bbox 1164 1379 1249 1421; x_wconf 86' lang='grc' dir='ltr'><strong><em>τοῖς</em></strong></span> <span class='ocrx_word' id='word_1_171' title='bbox 1279 1374 1496 1427; x_wconf 78' lang='grc' dir='ltr'><strong><em>συγγενέσι</em></strong></span> <span class='ocrx_word' id='word_1_172' title='bbox 1532 1371 1607 1420; x_wconf 80' lang='grc' dir='ltr'><strong><em>τοὶς</em></strong></span> 
     </span>
     <span class='ocr_line' id='line_1_20' title="bbox 163 1434 1642 1493; baseline 0.002 -16"><span class='ocrx_word' id='word_1_173' title='bbox 163 1438 370 1492; x_wconf 79' lang='grc' dir='ltr'><strong><em>ἐπαρχίας</em></strong></span> <span class='ocrx_word' id='word_1_174' title='bbox 397 1437 718 1491; x_wconf 82' lang='grc' dir='ltr'><strong><em>διανειμάμενος</em></strong></span> <span class='ocrx_word' id='word_1_175' title='bbox 744 1439 931 1493; x_wconf 72' lang='grc' dir='ltr'><strong><em>ἀχρείοις</em></strong></span> <span class='ocrx_word' id='word_1_176' title='bbox 967 1434 1065 1480; x_wconf 76' lang='grc' dir='ltr'><strong><em>οὖσι·</em></strong></span> <span class='ocrx_word' id='word_1_177' title='bbox 1094 1439 1198 1480; x_wconf 79' lang='grc' dir='ltr'><strong><em>πᾶσι</em></strong></span> <span class='ocrx_word' id='word_1_178' title='bbox 1237 1439 1311 1480; x_wconf 77' lang='grc' dir='ltr'><em>καί</em></span> <span class='ocrx_word' id='word_1_179' title='bbox 1344 1438 1642 1491; x_wconf 72' lang='grc' dir='ltr'><strong><em>ἄπεσβεσμέ-Β</em></strong></span> 
     </span>
     <span class='ocr_line' id='line_1_21' title="bbox 100 1501 1604 1558; baseline 0.001 -15"><span class='ocrx_word' id='word_1_180' title='bbox 100 1512 151 1541; x_wconf 79' lang='lat'><strong><em>20</em></strong></span> <span class='ocrx_word' id='word_1_181' title='bbox 163 1517 249 1550; x_wconf 88' lang='grc' dir='ltr'><strong><em>νοις</em></strong></span> <span class='ocrx_word' id='word_1_182' title='bbox 280 1502 375 1552; x_wconf 70' lang='grc' dir='ltr'><strong><em>τοιῖς</em></strong></span> <span class='ocrx_word' id='word_1_183' title='bbox 406 1501 585 1557; x_wconf 76' lang='grc' dir='ltr'><strong><em>λύχνους</em></strong></span> <span class='ocrx_word' id='word_1_184' title='bbox 613 1505 688 1544; x_wconf 77' lang='grc' dir='ltr'><strong><em>τοῦ</em></strong></span> <span class='ocrx_word' id='word_1_185' title='bbox 719 1501 940 1557; x_wconf 81' lang='grc' dir='ltr'><strong><em>σώματος,</em></strong></span> <span class='ocrx_word' id='word_1_186' title='bbox 982 1505 1052 1558; x_wconf 78' lang='grc' dir='ltr'><strong><em>τῆς</em></strong></span> <span class='ocrx_word' id='word_1_187' title='bbox 1079 1506 1157 1555; x_wconf 79' lang='grc' dir='ltr'><strong><em>μὲν</em></strong></span> <span class='ocrx_word' id='word_1_188' title='bbox 1184 1504 1424 1558; x_wconf 82' lang='grc' dir='ltr'><strong><em>προθέσεως</em></strong></span> <span class='ocrx_word' id='word_1_189' title='bbox 1450 1502 1604 1556; x_wconf 84' lang='grc' dir='ltr'><strong><em>ταύτης</em></strong></span> 
     </span>
     <span class='ocr_line' id='line_1_22' title="bbox 103 1564 1603 1625; baseline 0 -18"><span class='ocrx_word' id='word_1_190' title='bbox 103 1592 107 1596; x_wconf 81' lang='lat'><em>-</em></span> <span class='ocrx_word' id='word_1_191' title='bbox 161 1570 262 1619; x_wconf 81' lang='grc' dir='ltr'><strong><em>μεθ’</em></strong></span> <span class='ocrx_word' id='word_1_192' title='bbox 289 1565 385 1623; x_wconf 81' lang='grc' dir='ltr'><strong><em>ὅλης</em></strong></span> <span class='ocrx_word' id='word_1_193' title='bbox 412 1572 626 1617; x_wconf 85' lang='grc' dir='ltr'><strong><em>συντονίας</em></strong></span> <span class='ocrx_word' id='word_1_194' title='bbox 656 1569 815 1625; x_wconf 80' lang='grc' dir='ltr'><strong><em>οἶπῇρε,</em></strong></span> <span class='ocrx_word' id='word_1_195' title='bbox 844 1571 1001 1622; x_wconf 77' lang='grc' dir='ltr'><strong><em>μικροῦ</em></strong></span> <span class='ocrx_word' id='word_1_196' title='bbox 1026 1570 1125 1622; x_wconf 81' lang='grc' dir='ltr'><strong><em>μηδ’</em></strong></span> <span class='ocrx_word' id='word_1_197' title='bbox 1154 1567 1283 1616; x_wconf 74' lang='grc' dir='ltr'><strong><em>αὐτὸς</em></strong></span> <span class='ocrx_word' id='word_1_198' title='bbox 1308 1564 1416 1608; x_wconf 80' lang='grc' dir='ltr'><strong><em>εἶναι</em></strong></span> <span class='ocrx_word' id='word_1_199' title='bbox 1445 1569 1603 1608; x_wconf 79' lang='grc' dir='ltr'><strong><em>διατει-</em></strong></span> 
     </span>
     <span class='ocr_line' id='line_1_23' title="bbox 161 1629 1601 1687; baseline -0.001 -14"><span class='ocrx_word' id='word_1_200' title='bbox 161 1633 331 1685; x_wconf 84' lang='grc' dir='ltr'><strong><em>νόμενος</em></strong></span> <span class='ocrx_word' id='word_1_201' title='bbox 365 1632 386 1673; x_wconf 80' lang='grc' dir='ltr'><strong><em>ὅ</em></strong></span> <span class='ocrx_word' id='word_1_202' title='bbox 419 1632 465 1674; x_wconf 83' lang='grc' dir='ltr'><strong><em>τὸ</em></strong></span> <span class='ocrx_word' id='word_1_203' title='bbox 497 1635 662 1686; x_wconf 86' lang='grc' dir='ltr'><strong><em>σκέμμα</em></strong></span> <span class='ocrx_word' id='word_1_204' title='bbox 691 1632 785 1674; x_wconf 84' lang='grc' dir='ltr'><strong><em>τότε</em></strong></span> <span class='ocrx_word' id='word_1_205' title='bbox 814 1631 1170 1686; x_wconf 77' lang='grc' dir='ltr'><strong><em>εἰσενεγκάμενος,</em></strong></span> <span class='ocrx_word' id='word_1_206' title='bbox 1198 1629 1346 1687; x_wconf 71' lang='grc' dir='ltr'><strong><em>ἑτέραν</em></strong></span> <span class='ocrx_word' id='word_1_207' title='bbox 1374 1633 1419 1672; x_wconf 84' lang='grc' dir='ltr'><strong><em>δὲ</em></strong></span> <span class='ocrx_word' id='word_1_208' title='bbox 1447 1633 1601 1686; x_wconf 88' lang='grc' dir='ltr'><strong><em>τραπό-</em></strong></span> 
     </span>
     <span class='ocr_line' id='line_1_24' title="bbox 161 1697 1599 1757; baseline -0.002 -16"><span class='ocrx_word' id='word_1_209' title='bbox 161 1715 284 1752; x_wconf 86' lang='grc' dir='ltr'><strong><em>μενος</em></strong></span> <span class='ocrx_word' id='word_1_210' title='bbox 311 1701 441 1757; x_wconf 74' lang='grc' dir='ltr'><strong><em>ᾐτεΐτο</em></strong></span> <span class='ocrx_word' id='word_1_211' title='bbox 479 1702 560 1743; x_wconf 75' lang='grc' dir='ltr'><strong><em>ταῖν</em></strong></span> <span class='ocrx_word' id='word_1_212' title='bbox 588 1701 782 1753; x_wconf 85' lang='grc' dir='ltr'><strong><em>χρυσέων</em></strong></span> <span class='ocrx_word' id='word_1_213' title='bbox 809 1697 882 1740; x_wconf 79' lang='grc' dir='ltr'><strong><em>καί</em></strong></span> <span class='ocrx_word' id='word_1_214' title='bbox 908 1699 1124 1754; x_wconf 82' lang='grc' dir='ltr'><strong><em>α’ργυρέων</em></strong></span> <span class='ocrx_word' id='word_1_215' title='bbox 1155 1697 1436 1752; x_wconf 82' lang='grc' dir='ltr'><strong><em>α’ναθημὰτων</em></strong></span> <span class='ocrx_word' id='word_1_216' title='bbox 1464 1697 1599 1739; x_wconf 79' lang='grc' dir='ltr'><strong><em>ὁπόσα</em></strong></span> 
     </span>
    </p>
   </div>
   <div class='ocr_carea' id='block_1_3' title="bbox 249 1819 1600 1961">
    <p class='ocr_par' dir='ltr' id='par_1_3' title="bbox 249 1819 1600 1961">
     <span class='ocr_line' id='line_1_25' title="bbox 253 1819 1600 1870; baseline 0 -16"><span class='ocrx_word' id='word_1_217' title='bbox 253 1832 286 1856; x_wconf 86' lang='lat'><strong><em>2.</em></strong></span> <span class='ocrx_word' id='word_1_218' title='bbox 303 1820 467 1870; x_wconf 76' lang='grc' dir='ltr'><strong><em>ἴξαλλος]</em></strong></span> <span class='ocrx_word' id='word_1_219' title='bbox 493 1821 695 1866; x_wconf 80' lang='grc' dir='ltr'><strong><em>ξενόχροος</em></strong></span> <span class='ocrx_word' id='word_1_220' title='bbox 721 1820 1022 1866; x_wconf 69' lang='grc' dir='ltr'><strong><em>ἀποκρισιιίριος</em></strong></span> <span class='ocrx_word' id='word_1_221' title='bbox 1034 1821 1071 1853; x_wconf 87' lang='lat' dir='ltr'><strong><em>B.</em></strong></span> <span class='ocrx_word' id='word_1_222' title='bbox 1117 1822 1149 1855; x_wconf 87' lang='lat'><strong><em>8.</em></strong></span> <span class='ocrx_word' id='word_1_223' title='bbox 1168 1821 1234 1858; x_wconf 78' lang='grc' dir='ltr'><strong><em>τοίς</em></strong></span> <span class='ocrx_word' id='word_1_224' title='bbox 1251 1820 1302 1866; x_wconf 77' lang='grc' dir='ltr'><strong><em>τε]</em></strong></span> <span class='ocrx_word' id='word_1_225' title='bbox 1322 1819 1529 1855; x_wconf 70' lang='grc' dir='ltr'><strong><em>κατάθεσιν</em></strong></span> <span class='ocrx_word' id='word_1_226' title='bbox 1546 1821 1600 1858; x_wconf 79' lang='grc' dir='ltr'><strong><em>εἰς</em></strong></span> 
     </span>
     <span class='ocr_line' id='line_1_26' title="bbox 251 1863 1597 1914; baseline -0.001 -12"><span class='ocrx_word' id='word_1_227' title='bbox 251 1867 319 1906; x_wconf 79' lang='grc' dir='ltr'><strong><em>τὰς</em></strong></span> <span class='ocrx_word' id='word_1_228' title='bbox 343 1869 468 1914; x_wconf 75' lang='grc' dir='ltr'><strong><em>χώρας</em></strong></span> <span class='ocrx_word' id='word_1_229' title='bbox 491 1868 609 1902; x_wconf 77' lang='grc' dir='ltr'><strong><em>αὐτοῦ</em></strong></span> <span class='ocrx_word' id='word_1_230' title='bbox 639 1868 791 1910; x_wconf 76' lang='grc' dir='ltr'><strong><em>ἐποίησε</em></strong></span> <span class='ocrx_word' id='word_1_231' title='bbox 817 1868 854 1905; x_wconf 85' lang='grc' dir='ltr'><strong><em>Β.</em></strong></span> <span class='ocrx_word' id='word_1_232' title='bbox 948 1868 1002 1900; x_wconf 81' lang='lat'><strong><em>23.</em></strong></span> <span class='ocrx_word' id='word_1_233' title='bbox 1028 1869 1102 1903; x_wconf 76' lang='grc' dir='ltr'><strong><em>τῶν</em></strong></span> <span class='ocrx_word' id='word_1_234' title='bbox 1127 1867 1314 1914; x_wconf 76' lang='grc' dir='ltr'><strong><em>χρυσέων]</em></strong></span> <span class='ocrx_word' id='word_1_235' title='bbox 1340 1864 1384 1900; x_wconf 74' lang='grc' dir='ltr'><strong><em>τὰ</em></strong></span> <span class='ocrx_word' id='word_1_236' title='bbox 1413 1867 1526 1909; x_wconf 84' lang='grc' dir='ltr'><strong><em>σκεύη</em></strong></span> <span class='ocrx_word' id='word_1_237' title='bbox 1551 1863 1597 1900; x_wconf 60' lang='lat' dir='ltr'><strong><em>nx*</em></strong></span> 
     </span>
     <span class='ocr_line' id='line_1_27' title="bbox 249 1913 799 1961; baseline -0.004 -13"><span class='ocrx_word' id='word_1_238' title='bbox 249 1913 406 1961; x_wconf 81' lang='grc' dir='ltr'><strong><em>περιττοὶ</em></strong></span> <span class='ocrx_word' id='word_1_239' title='bbox 433 1916 508 1950; x_wconf 71' lang='grc' dir='ltr'><strong><em>τῶν</em></strong></span> <span class='ocrx_word' id='word_1_240' title='bbox 531 1915 739 1957; x_wconf 76' lang='grc' dir='ltr'><strong><em>ἐκκλησιῶν</em></strong></span> <span class='ocrx_word' id='word_1_241' title='bbox 762 1915 799 1946; x_wconf 90' lang='grc' dir='ltr'><strong><em>Β.</em></strong></span> 
     </span>
    </p>
   </div>
   <div class='ocr_carea' id='block_1_4' title="bbox 154 2021 1598 2764">
    <p class='ocr_par' dir='ltr' id='par_1_4' title="bbox 154 2021 1598 2764">
     <span class='ocr_line' id='line_1_28' title="bbox 159 2021 1598 2067; baseline -0.001 -10"><span class='ocrx_word' id='word_1_242' title='bbox 159 2024 232 2057; x_wconf 83' lang='lat' dir='ltr'>suis</span> <span class='ocrx_word' id='word_1_243' title='bbox 247 2034 327 2056; x_wconf 87' lang='lat' dir='ltr'><strong><em>eum</em></strong></span> <span class='ocrx_word' id='word_1_244' title='bbox 341 2022 543 2067; x_wconf 83' lang='lat' dir='ltr'><strong>sumptibus</strong></span> <span class='ocrx_word' id='word_1_245' title='bbox 557 2022 781 2067; x_wconf 86' lang='lat' dir='ltr'>propositum</span> <span class='ocrx_word' id='word_1_246' title='bbox 795 2023 865 2057; x_wconf 85' lang='lat' dir='ltr'>iter</span> <span class='ocrx_word' id='word_1_247' title='bbox 877 2022 1052 2056; x_wconf 83' lang='lat' dir='ltr'>conficere</span> <span class='ocrx_word' id='word_1_248' title='bbox 1063 2032 1188 2066; x_wconf 82' lang='lat' dir='ltr'>passus</span> <span class='ocrx_word' id='word_1_249' title='bbox 1208 2025 1271 2054; x_wconf 84' lang='lat' dir='ltr'>est.</span> <span class='ocrx_word' id='word_1_250' title='bbox 1289 2022 1340 2057; x_wconf 73' lang='lat' dir='ltr'><strong><em>ita</em></strong></span> <span class='ocrx_word' id='word_1_251' title='bbox 1353 2021 1417 2054; x_wconf 88' lang='lat' dir='ltr'>ille</span> <span class='ocrx_word' id='word_1_252' title='bbox 1432 2022 1598 2055; x_wconf 75' lang='lat' dir='ltr'>insolitus</span> 
     </span>
     <span class='ocr_line' id='line_1_29' title="bbox 159 2068 1598 2114; baseline -0.001 -11"><span class='ocrx_word' id='word_1_253' title='bbox 159 2082 200 2104; x_wconf 81' lang='lat' dir='ltr'>ac</span> <span class='ocrx_word' id='word_1_254' title='bbox 224 2070 344 2114; x_wconf 87' lang='lat' dir='ltr'>potius</span> <span class='ocrx_word' id='word_1_255' title='bbox 370 2069 528 2102; x_wconf 84' lang='lat' dir='ltr'>insolens</span> <span class='ocrx_word' id='word_1_256' title='bbox 554 2070 692 2112; x_wconf 83' lang='lat' dir='ltr'>legatus</span> <span class='ocrx_word' id='word_1_257' title='bbox 715 2081 790 2102; x_wconf 90' lang='lat' dir='ltr'><strong><em>non</em></strong></span> <span class='ocrx_word' id='word_1_258' title='bbox 815 2069 923 2102; x_wconf 82' lang='lat' dir='ltr'><strong><em>modo</em></strong></span> <span class='ocrx_word' id='word_1_259' title='bbox 951 2080 1025 2102; x_wconf 87' lang='lat' dir='ltr'><strong><em>non</em></strong></span> <span class='ocrx_word' id='word_1_260' title='bbox 1054 2069 1190 2101; x_wconf 88' lang='lat' dir='ltr'>maiore</span> <span class='ocrx_word' id='word_1_261' title='bbox 1221 2079 1328 2113; x_wconf 84' lang='lat' dir='ltr'>quam</span> <span class='ocrx_word' id='word_1_262' title='bbox 1362 2070 1495 2102; x_wconf 78' lang='lat' dir='ltr'>caeteri</span> <span class='ocrx_word' id='word_1_263' title='bbox 1530 2068 1598 2101; x_wconf 78' lang='lat' dir='ltr'><strong><em>ho-</em></strong></span> 
     </span>
     <span class='ocr_line' id='line_1_30' title="bbox 157 2114 1592 2158; baseline -0.001 -8"><span class='ocrx_word' id='word_1_264' title='bbox 157 2128 244 2150; x_wconf 85' lang='lat' dir='ltr'>nore</span> <span class='ocrx_word' id='word_1_265' title='bbox 269 2118 415 2149; x_wconf 81' lang='lat' dir='ltr'>affectus</span> <span class='ocrx_word' id='word_1_266' title='bbox 440 2121 516 2157; x_wconf 80' lang='lat' dir='ltr'>est,</span> <span class='ocrx_word' id='word_1_267' title='bbox 542 2116 606 2149; x_wconf 88' lang='lat' dir='ltr'><strong><em>sed</em></strong></span> <span class='ocrx_word' id='word_1_268' title='bbox 629 2116 768 2149; x_wconf 88' lang='lat' dir='ltr'>derisus</span> <span class='ocrx_word' id='word_1_269' title='bbox 798 2116 907 2149; x_wconf 83' lang='lat' dir='ltr'>etiam</span> <span class='ocrx_word' id='word_1_270' title='bbox 933 2114 980 2149; x_wconf 91' lang='lat' dir='ltr'><strong><em>ob</em></strong></span> <span class='ocrx_word' id='word_1_271' title='bbox 1003 2115 1155 2148; x_wconf 85' lang='lat' dir='ltr'>vestitus</span> <span class='ocrx_word' id='word_1_272' title='bbox 1188 2115 1352 2158; x_wconf 65' lang='lat' dir='ltr'>inusitati</span> <span class='ocrx_word' id='word_1_273' title='bbox 1385 2116 1592 2148; x_wconf 82' lang='lat' dir='ltr'>novitatem.</span> 
     </span>
     <span class='ocr_line' id='line_1_31' title="bbox 157 2161 1596 2207; baseline -0.001 -11"><span class='ocrx_word' id='word_1_274' title='bbox 157 2170 336 2196; x_wconf 86' lang='lat' dir='ltr'>caeterum</span> <span class='ocrx_word' id='word_1_275' title='bbox 362 2163 536 2207; x_wconf 84' lang='lat' dir='ltr'>pecunia,</span> <span class='ocrx_word' id='word_1_276' title='bbox 560 2173 653 2207; x_wconf 89' lang='lat' dir='ltr'>quae</span> <span class='ocrx_word' id='word_1_277' title='bbox 680 2163 778 2207; x_wconf 83' lang='lat' dir='ltr'><strong>pacis</strong></span> <span class='ocrx_word' id='word_1_278' title='bbox 803 2174 909 2195; x_wconf 86' lang='lat' dir='ltr'>causa</span> <span class='ocrx_word' id='word_1_279' title='bbox 936 2161 1055 2194; x_wconf 84' lang='lat' dir='ltr'>(landa</span> <span class='ocrx_word' id='word_1_280' title='bbox 1083 2167 1196 2202; x_wconf 79' lang='lat' dir='ltr'>esset,</span> <span class='ocrx_word' id='word_1_281' title='bbox 1231 2161 1277 2194; x_wconf 82' lang='lat' dir='ltr'>ad</span> <span class='ocrx_word' id='word_1_282' title='bbox 1307 2161 1387 2194; x_wconf 79' lang='lat' dir='ltr'><strong><em>XVI</em></strong></span> <span class='ocrx_word' id='word_1_283' title='bbox 1423 2163 1502 2194; x_wconf 85' lang='lat' dir='ltr'>auri</span> <span class='ocrx_word' id='word_1_284' title='bbox 1541 2168 1596 2195; x_wconf 76' lang='lat' dir='ltr'><strong><em>ta-</em></strong></span> 
     </span>
     <span class='ocr_line' id='line_1_32' title="bbox 156 2208 1596 2253; baseline -0.001 -11"><span class='ocrx_word' id='word_1_285' title='bbox 156 2210 255 2243; x_wconf 85' lang='lat' dir='ltr'>lenta</span> <span class='ocrx_word' id='word_1_286' title='bbox 282 2209 444 2250; x_wconf 77' lang='lat' dir='ltr'>redacta,</span> <span class='ocrx_word' id='word_1_287' title='bbox 470 2209 667 2245; x_wconf 81' lang='lat' dir='ltr'>Philocales</span> <span class='ocrx_word' id='word_1_288' title='bbox 696 2210 735 2242; x_wconf 88' lang='lat' dir='ltr'><strong><em>in</em></strong></span> <span class='ocrx_word' id='word_1_289' title='bbox 759 2209 905 2249; x_wconf 81' lang='lat' dir='ltr'>Sicilia,</span> <span class='ocrx_word' id='word_1_290' title='bbox 930 2208 995 2241; x_wconf 86' lang='lat' dir='ltr'><strong><em>ubi</em></strong></span> <span class='ocrx_word' id='word_1_291' title='bbox 1023 2219 1139 2251; x_wconf 77' lang='lat' dir='ltr'>regem</span> <span class='ocrx_word' id='word_1_292' title='bbox 1165 2214 1402 2249; x_wconf 84' lang='lat' dir='ltr'>convenerat,</span> <span class='ocrx_word' id='word_1_293' title='bbox 1427 2214 1596 2253; x_wconf 77' lang='lat' dir='ltr'>expecta-</span> 
     </span>
     <span class='ocr_line' id='line_1_33' title="bbox 155 2255 1594 2300; baseline -0.002 -11"><span class='ocrx_word' id='word_1_294' title='bbox 155 2256 221 2289; x_wconf 84' lang='lat' dir='ltr'><strong><em>bat</em></strong></span> <span class='ocrx_word' id='word_1_295' title='bbox 245 2256 330 2290; x_wconf 84' lang='lat' dir='ltr'><strong><em>dum</em></strong></span> <span class='ocrx_word' id='word_1_296' title='bbox 360 2267 402 2288; x_wconf 82' lang='lat' dir='ltr'>ea</span> <span class='ocrx_word' id='word_1_297' title='bbox 423 2256 663 2290; x_wconf 80' lang='lat' dir='ltr'>mitterentur.</span> <span class='ocrx_word' id='word_1_298' title='bbox 689 2256 883 2300; x_wconf 85' lang='lat' dir='ltr'>imperator</span> <span class='ocrx_word' id='word_1_299' title='bbox 905 2266 989 2288; x_wconf 85' lang='lat' dir='ltr'>vero</span> <span class='ocrx_word' id='word_1_300' title='bbox 1020 2255 1196 2299; x_wconf 83' lang='lat' dir='ltr'>pecuniae</span> <span class='ocrx_word' id='word_1_301' title='bbox 1221 2255 1382 2299; x_wconf 84' lang='lat' dir='ltr'>inopiam</span> <span class='ocrx_word' id='word_1_302' title='bbox 1408 2261 1594 2295; x_wconf 74' lang='lat' dir='ltr'>causatus,</span> 
     </span>
     <span class='ocr_line' id='line_1_34' title="bbox 156 2301 1596 2346; baseline -0.001 -12"><span class='ocrx_word' id='word_1_303' title='bbox 156 2313 178 2334; x_wconf 84' lang='lat' dir='ltr'>a</span> <span class='ocrx_word' id='word_1_304' title='bbox 202 2302 393 2346; x_wconf 87' lang='lat' dir='ltr'>provinciis</span> <span class='ocrx_word' id='word_1_305' title='bbox 417 2302 593 2335; x_wconf 88' lang='lat' dir='ltr'>tributum</span> <span class='ocrx_word' id='word_1_306' title='bbox 626 2302 793 2346; x_wconf 79' lang='lat' dir='ltr'>exigebat</span> <span class='ocrx_word' id='word_1_307' title='bbox 826 2301 924 2346; x_wconf 90' lang='lat' dir='ltr'>quod</span> <span class='ocrx_word' id='word_1_308' title='bbox 946 2301 1218 2334; x_wconf 81' lang='lat' dir='ltr'>Alemannicum</span> <span class='ocrx_word' id='word_1_309' title='bbox 1249 2302 1478 2346; x_wconf 81' lang='lat' dir='ltr'>appellatur,</span> <span class='ocrx_word' id='word_1_310' title='bbox 1517 2307 1596 2337; x_wconf 78' lang='lat' dir='ltr'>tum</span> 
     </span>
     <span class='ocr_line' id='line_1_35' title="bbox 154 2347 1594 2393; baseline -0.001 -13"><span class='ocrx_word' id='word_1_311' title='bbox 154 2348 308 2391; x_wconf 84' lang='lat' dir='ltr'>primum</span> <span class='ocrx_word' id='word_1_312' title='bbox 333 2349 538 2382; x_wconf 84' lang='lat' dir='ltr'>institutum</span> <span class='ocrx_word' id='word_1_313' title='bbox 553 2374 563 2390; x_wconf 85' lang='lat'><strong>,</strong></span> <span class='ocrx_word' id='word_1_314' title='bbox 588 2354 625 2382; x_wconf 87' lang='lat' dir='ltr'>et</span> <span class='ocrx_word' id='word_1_315' title='bbox 646 2349 784 2381; x_wconf 76' lang='lat' dir='ltr'>urbano</span> <span class='ocrx_word' id='word_1_316' title='bbox 811 2348 959 2393; x_wconf 90' lang='lat' dir='ltr'>populo,</span> <span class='ocrx_word' id='word_1_317' title='bbox 986 2354 1114 2381; x_wconf 81' lang='lat' dir='ltr'>senatu</span> <span class='ocrx_word' id='word_1_318' title='bbox 1140 2353 1178 2381; x_wconf 89' lang='lat' dir='ltr'>et</span> <span class='ocrx_word' id='word_1_319' title='bbox 1204 2353 1310 2380; x_wconf 86' lang='lat' dir='ltr'>coetu</span> <span class='ocrx_word' id='word_1_320' title='bbox 1336 2347 1594 2386; x_wconf 83' lang='lat' dir='ltr'>ecclesiastico,</span> 
     </span>
     <span class='ocr_line' id='line_1_36' title="bbox 157 2394 1593 2439; baseline 0.001 -14"><span class='ocrx_word' id='word_1_321' title='bbox 157 2394 345 2438; x_wconf 80' lang='lat' dir='ltr'>opificibus</span> <span class='ocrx_word' id='word_1_322' title='bbox 373 2396 460 2428; x_wconf 90' lang='lat' dir='ltr'>item</span> <span class='ocrx_word' id='word_1_323' title='bbox 484 2401 522 2429; x_wconf 91' lang='lat' dir='ltr'>et</span> <span class='ocrx_word' id='word_1_324' title='bbox 548 2396 746 2428; x_wconf 80' lang='lat' dir='ltr'>artificibus</span> <span class='ocrx_word' id='word_1_325' title='bbox 778 2395 892 2428; x_wconf 83' lang='lat' dir='ltr'>omnis</span> <span class='ocrx_word' id='word_1_326' title='bbox 928 2395 1069 2438; x_wconf 69' lang='lat' dir='ltr'>generis</span> <span class='ocrx_word' id='word_1_327' title='bbox 1108 2395 1340 2435; x_wconf 83' lang='lat' dir='ltr'>convocatis,</span> <span class='ocrx_word' id='word_1_328' title='bbox 1371 2394 1523 2439; x_wconf 85' lang='lat' dir='ltr'>petebat</span> <span class='ocrx_word' id='word_1_329' title='bbox 1553 2399 1593 2426; x_wconf 85' lang='lat' dir='ltr'>ut</span> 
     </span>
     <span class='ocr_line' id='line_1_37' title="bbox 157 2440 1590 2486; baseline 0 -15"><span class='ocrx_word' id='word_1_330' title='bbox 157 2440 311 2484; x_wconf 84' lang='lat' dir='ltr'>quisque</span> <span class='ocrx_word' id='word_1_331' title='bbox 334 2441 378 2474; x_wconf 82' lang='lat' dir='ltr'><strong><em>de</em></strong></span> <span class='ocrx_word' id='word_1_332' title='bbox 403 2441 637 2475; x_wconf 82' lang='lat' dir='ltr'>facultatibus</span> <span class='ocrx_word' id='word_1_333' title='bbox 656 2443 728 2475; x_wconf 79' lang='lat' dir='ltr'>suis</span> <span class='ocrx_word' id='word_1_334' title='bbox 753 2447 890 2486; x_wconf 85' lang='lat' dir='ltr'>partem</span> <span class='ocrx_word' id='word_1_335' title='bbox 918 2441 1078 2485; x_wconf 83' lang='lat' dir='ltr'>aliquam</span> <span class='ocrx_word' id='word_1_336' title='bbox 1102 2441 1206 2485; x_wconf 84' lang='lat' dir='ltr'>stipis</span> <span class='ocrx_word' id='word_1_337' title='bbox 1228 2441 1375 2474; x_wconf 90' lang='lat' dir='ltr'>nomine</span> <span class='ocrx_word' id='word_1_338' title='bbox 1401 2441 1590 2473; x_wconf 84' lang='lat' dir='ltr'>conferret.</span> 
     </span>
     <span class='ocr_line' id='line_1_38' title="bbox 156 2485 1591 2533; baseline 0 -15"><span class='ocrx_word' id='word_1_339' title='bbox 156 2485 222 2518; x_wconf 82' lang='lat' dir='ltr'><strong><em>sed</em></strong></span> <span class='ocrx_word' id='word_1_340' title='bbox 248 2497 326 2519; x_wconf 89' lang='lat' dir='ltr'><strong><em>cum</em></strong></span> <span class='ocrx_word' id='word_1_341' title='bbox 353 2498 390 2520; x_wconf 85' lang='lat' dir='ltr'><strong><em>se</em></strong></span> <span class='ocrx_word' id='word_1_342' title='bbox 421 2487 515 2521; x_wconf 86' lang='lat' dir='ltr'>nihil</span> <span class='ocrx_word' id='word_1_343' title='bbox 541 2488 714 2533; x_wconf 82' lang='lat' dir='ltr'>proficere</span> <span class='ocrx_word' id='word_1_344' title='bbox 743 2499 784 2520; x_wconf 80' lang='lat' dir='ltr'>ac</span> <span class='ocrx_word' id='word_1_345' title='bbox 809 2488 940 2522; x_wconf 81' lang='lat' dir='ltr'>frustra</span> <span class='ocrx_word' id='word_1_346' title='bbox 973 2487 1108 2520; x_wconf 82' lang='lat' dir='ltr'>talibus</span> <span class='ocrx_word' id='word_1_347' title='bbox 1146 2487 1252 2520; x_wconf 88' lang='lat' dir='ltr'>rebus</span> <span class='ocrx_word' id='word_1_348' title='bbox 1287 2487 1357 2520; x_wconf 88' lang='lat' dir='ltr'>niti</span> <span class='ocrx_word' id='word_1_349' title='bbox 1398 2492 1435 2519; x_wconf 86' lang='lat' dir='ltr'>et</span> <span class='ocrx_word' id='word_1_350' title='bbox 1468 2486 1591 2518; x_wconf 78' lang='lat' dir='ltr'>inania</span> 
     </span>
     <span class='ocr_line' id='line_1_39' title="bbox 154 2532 1589 2579; baseline -0.001 -16"><span class='ocrx_word' id='word_1_351' title='bbox 154 2532 266 2564; x_wconf 83' lang='lat' dir='ltr'>verba</span> <span class='ocrx_word' id='word_1_352' title='bbox 291 2532 440 2566; x_wconf 79' lang='lat' dir='ltr'>fundere</span> <span class='ocrx_word' id='word_1_353' title='bbox 464 2540 644 2575; x_wconf 84' lang='lat' dir='ltr'>cerneret,</span> <span class='ocrx_word' id='word_1_354' title='bbox 672 2535 858 2579; x_wconf 87' lang='lat' dir='ltr'>plerisque</span> <span class='ocrx_word' id='word_1_355' title='bbox 889 2534 998 2566; x_wconf 77' lang='lat' dir='ltr'>etiam</span> <span class='ocrx_word' id='word_1_356' title='bbox 1028 2533 1312 2566; x_wconf 83' lang='lat' dir='ltr'>vociferantibus</span> <span class='ocrx_word' id='word_1_357' title='bbox 1341 2539 1378 2566; x_wconf 90' lang='lat' dir='ltr'>et</span> <span class='ocrx_word' id='word_1_358' title='bbox 1412 2533 1589 2564; x_wconf 81' lang='lat' dir='ltr'>tumultu-</span> 
     </span>
     <span class='ocr_line' id='line_1_40' title="bbox 157 2578 1588 2625; baseline -0.002 -14"><span class='ocrx_word' id='word_1_359' title='bbox 157 2578 302 2612; x_wconf 83' lang='lat' dir='ltr'>antibus</span> <span class='ocrx_word' id='word_1_360' title='bbox 330 2578 376 2610; x_wconf 94' lang='lat' dir='ltr'><strong><em>ob</em></strong></span> <span class='ocrx_word' id='word_1_361' title='bbox 400 2580 571 2613; x_wconf 83' lang='lat' dir='ltr'>inusitata</span> <span class='ocrx_word' id='word_1_362' title='bbox 595 2582 664 2614; x_wconf 82' lang='lat' dir='ltr'>ista</span> <span class='ocrx_word' id='word_1_363' title='bbox 688 2587 725 2614; x_wconf 89' lang='lat' dir='ltr'>et</span> <span class='ocrx_word' id='word_1_364' title='bbox 747 2581 874 2625; x_wconf 85' lang='lat' dir='ltr'>iniqua</span> <span class='ocrx_word' id='word_1_365' title='bbox 899 2581 1048 2620; x_wconf 85' lang='lat' dir='ltr'>tributa,</span> <span class='ocrx_word' id='word_1_366' title='bbox 1071 2580 1257 2612; x_wconf 87' lang='lat' dir='ltr'>nonnullis</span> <span class='ocrx_word' id='word_1_367' title='bbox 1282 2591 1364 2612; x_wconf 75' lang='lat' dir='ltr'>vero</span> <span class='ocrx_word' id='word_1_368' title='bbox 1391 2579 1588 2610; x_wconf 81' lang='lat' dir='ltr'>censoriam</span> 
     </span>
     <span class='ocr_line' id='line_1_41' title="bbox 157 2624 1590 2671; baseline -0.002 -13"><span class='ocrx_word' id='word_1_369' title='bbox 157 2625 192 2658; x_wconf 88' lang='lat' dir='ltr'><strong><em>ei</em></strong></span> <span class='ocrx_word' id='word_1_370' title='bbox 218 2629 339 2657; x_wconf 86' lang='lat' dir='ltr'>notam</span> <span class='ocrx_word' id='word_1_371' title='bbox 363 2625 601 2667; x_wconf 77' lang='lat' dir='ltr'>ium-entibus,</span> <span class='ocrx_word' id='word_1_372' title='bbox 627 2627 725 2671; x_wconf 82' lang='lat' dir='ltr'>quod</span> <span class='ocrx_word' id='word_1_373' title='bbox 753 2637 825 2659; x_wconf 80' lang='lat' dir='ltr'><strong><em>rem</em></strong></span> <span class='ocrx_word' id='word_1_374' title='bbox 852 2627 1036 2671; x_wconf 84' lang='lat' dir='ltr'>publicam</span> <span class='ocrx_word' id='word_1_375' title='bbox 1057 2638 1122 2670; x_wconf 86' lang='lat' dir='ltr'><strong><em>per</em></strong></span> <span class='ocrx_word' id='word_1_376' title='bbox 1144 2627 1267 2658; x_wconf 78' lang='lat' dir='ltr'>luxum</span> <span class='ocrx_word' id='word_1_377' title='bbox 1291 2624 1469 2669; x_wconf 83' lang='lat' dir='ltr'>perderet,</span> <span class='ocrx_word' id='word_1_378' title='bbox 1495 2624 1590 2655; x_wconf 84' lang='lat' dir='ltr'>iuter</span> 
     </span>
     <span class='ocr_line' id='line_1_42' title="bbox 157 2670 1589 2718; baseline -0.002 -15"><span class='ocrx_word' id='word_1_379' title='bbox 157 2675 324 2714; x_wconf 81' lang='lat' dir='ltr'>cognatos</span> <span class='ocrx_word' id='word_1_380' title='bbox 348 2671 547 2715; x_wconf 81' lang='lat' dir='ltr'>provincias</span> <span class='ocrx_word' id='word_1_381' title='bbox 575 2673 748 2717; x_wconf 84' lang='lat' dir='ltr'>partitus,</span> <span class='ocrx_word' id='word_1_382' title='bbox 774 2674 836 2718; x_wconf 87' lang='lat' dir='ltr'><strong><em>qui</em></strong></span> <span class='ocrx_word' id='word_1_383' title='bbox 863 2673 1030 2705; x_wconf 73' lang='lat' dir='ltr'>extinctis</span> <span class='ocrx_word' id='word_1_384' title='bbox 1058 2672 1173 2705; x_wconf 90' lang='lat' dir='ltr'>oculis</span> <span class='ocrx_word' id='word_1_385' title='bbox 1201 2682 1324 2703; x_wconf 85' lang='lat' dir='ltr'>omues</span> <span class='ocrx_word' id='word_1_386' title='bbox 1354 2674 1474 2702; x_wconf 75' lang='lat' dir='ltr'>essent</span> <span class='ocrx_word' id='word_1_387' title='bbox 1507 2670 1589 2701; x_wconf 90' lang='lat' dir='ltr'>inu-</span> 
     </span>
     <span class='ocr_line' id='line_1_43' title="bbox 156 2714 1589 2764; baseline -0.001 -12"><span class='ocrx_word' id='word_1_388' title='bbox 156 2717 262 2758; x_wconf 76' lang='lat' dir='ltr'>tiles,</span> <span class='ocrx_word' id='word_1_389' title='bbox 287 2717 330 2751; x_wconf 83' lang='lat' dir='ltr'>ab</span> <span class='ocrx_word' id='word_1_390' title='bbox 357 2727 399 2750; x_wconf 77' lang='lat' dir='ltr'><strong><em>eo</em></strong></span> <span class='ocrx_word' id='word_1_391' title='bbox 426 2716 572 2762; x_wconf 82' lang='lat' dir='ltr'>quidem</span> <span class='ocrx_word' id='word_1_392' title='bbox 597 2719 763 2754; x_wconf 78' lang='lat' dir='ltr'>instituto</span> <span class='ocrx_word' id='word_1_393' title='bbox 795 2725 872 2752; x_wconf 86' lang='lat' dir='ltr'>toto</span> <span class='ocrx_word' id='word_1_394' title='bbox 899 2719 1035 2764; x_wconf 85' lang='lat' dir='ltr'>impetu</span> <span class='ocrx_word' id='word_1_395' title='bbox 1066 2718 1219 2758; x_wconf 75' lang='lat' dir='ltr'>resiliit,</span> <span class='ocrx_word' id='word_1_396' title='bbox 1256 2727 1297 2750; x_wconf 80' lang='lat' dir='ltr'>ac</span> <span class='ocrx_word' id='word_1_397' title='bbox 1325 2714 1589 2762; x_wconf 82' lang='lat' dir='ltr'>propemodum</span> 
     </span>
    </p>
   </div>
  </div>
 </body>
</html>
