1838 3210
290 187 309 221 1
322 164 391 222 0'2
713 181 942 225 mcETAE
986 181 1296 224 cHoNlATAE

281 285 365 336 λῶν
398 282 628 338 χρημάτων
662 277 790 331 οὔσας
818 279 1087 335 ύπερβριθεΐς
1117 281 1188 322 καί
1223 281 1294 334 τῆς
1321 276 1406 321 ἄνω
1437 280 1617 335 εἰρεσίας
1644 280 1713 334 ἐγ..

280 348 356 403 γύς
383 365 464 392 που
492 348 756 400 βαπτομένας
782 349 838 402 τῷ
864 344 1058 402 ῥεύματι.

390 429 433 455 2.
495 409 636 453 Ταῦτά
673 427 719 452 τε
748 408 836 467 ,οὖν
864 413 910 454 ἐν
952 411 1055 453 εὸσίν
1086 409 1215 466 ἔνηχα
1244 405 1341 453 ὄντα
1368 410 1512 452 ἐλύπει
1537 409 1608 452 τὸν
1639 411 1715 452 av’-

280 476 512 531 τοκράτορα
532 473 762 530 Μανουήλ,
790 478 864 518 καί
893 475 999 518 κατὰ
1015 477 1099 519 Δία
1128 478 1256 519 ἐποίει
1287 472 1597 530 τὸνὍμηρικὸν
1625 475 1718 516 α’τε-

277 544 415 596 χνῶς,
454 539 592 594 συχνά
633 540 680 583 τὸ
717 543 908 597 ποιητέον
943 547 1035 592 ταῖς
1063 542 1192 598 φρεσὶ
1215 540 1552 597 μερμηρίζοντα,
1585 535 1614 596 ἢ
1644 537 1753 582 τὸνό

282 606 516 654 Νεοκλέους
546 607 843 662 Θεμιστοκλῆν,
876 607 946 650 ezel
973 606 1044 649 ἐπὶ
1068 606 1260 656 συννοίας
1288 605 1497 662 ὁρώμενον
1540 604 1612 647 καὶ
1636 602 1718 647 di?-

279 685 409 719 πνους
436 670 585 720 νύκτας
625 671 800 715 ἰαύοντα
827 671 901 714 καὶ
926 670 1032 724 πρὸς
1058 670 1156 721 τούς
1183 672 1522 724 πυνθανομένους
1545 670 1719 725 ἀποκρι-

278 736 450 789 νόμενον
476 736 534 784 ὦς
562 736 787 779 καθεύδειν
815 737 891 779 οῦκ
923 737 1003 794 ἐῴη
1032 737 1276 779 Μιλτιάδου
1307 735 1354 778 τὸ
1385 736 1596 791 τρόπαιον.
1624 739 1720 786 ξυν-

279 801 419 842 εκάλει
454 804 592 844 τοίνυν
642 804 702 852 εἷς
740 802 815 858 τὴν
852 805 928 845 τοῦ
968 804 1241 858 γενησομένου
1280 801 1437 856 βουλὴν
1481 801 1615 844 πάντα
1648 800 1720 844 τὸν

174 877 209 910 Ρ.
224 876 267 910 52
281 867 486 908 τακτικῶν
524 869 782 923 ἐπιστήμονα
809 870 883 910 καί
914 867 1145 923 δημηγόρον
1174 865 1315 909 εἰδότα
1343 869 1474 921 λέγειν
1492 868 1573 909 τῶν
1596 863 1719 923 νιφά-
1737 883 1782 909 ιο

282 933 368 974 δων
409 931 672 988 πυκνότερον.
708 935 786 986 μία
825 929 901 975 οὖν
939 936 985 975 ἐκ
1011 934 1172 974 πολλῶν
1206 932 1355 987 ἀρίστη
1394 934 1559 974 δέδοκτο
1587 930 1716 987 βουλὴ

278 996 353 1038 καί
377 999 433 1053 τῷ
464 996 741 1055 αὐτοκράτορι
769 999 1050 1055 ἕπεψὴφιστο,
1081 995 1405 1051 μετελεύσεσθαι
1433 1000 1595 1054 πολέμῳ
1622 995 1720 1046 τούς

280 1062 479 1112 Σικελούς
519 1062 622 1105 κατά
650 1079 695 1106 τε
740 1062 871 1119 ξηράν
912 1066 1236 1118 συγκροτηθέντι
1263 1061 1369 1105 κατά
1396 1078 1440 1104 τε
1468 1061 1688 1105 θάλασσαν
1706 1094 1721 1116 ,

281 1124 347 1169 ὅτι
374 1127 447 1169 καί
465 1125 487 1168 ὃ
508 1128 621 1182 α’γών
642 1130 839 1182 ου’δαμαῖς
864 1127 940 1180 τοὶς
958 1131 1130 1178 ἐλπίδας
1155 1126 1322 1183 α’γαθὰς
1350 1127 1601 1180 ύπετείνετο,
1629 1127 1722 1169 οὔδ’

279 1193 492 1247 ὑπέβαλλε
518 1197 684 1248 βραχέα
709 1194 763 1236 τὰ
795 1192 1135 1250 προσιστάμενα,
1165 1195 1359 1248 μέγιστος
1390 1192 1721 1248 ἀναφαινόμενος
1738 1198 1784 1238 15

280 1259 353 1300 καί
377 1263 463 1307 τοῖς
490 1257 621 1301 πάλαι
656 1256 933 1315 οἷπειρημένος
956 1259 1174 1312 Ῥωμαίων
1205 1255 1342 1309 ἄναξι.
1372 1259 1615 1311 συλλέγεται
1648 1254 1722 1301 οὖν

226 1360 228 1362 ,
279 1322 334 1365 τά
365 1321 448 1381 ἑῷα
488 1323 561 1366 καί
597 1323 773 1380 ἑσπέρια
803 1325 1006 1380 τάγματα.
1066 1323 1111 1366 αἱ
1147 1327 1225 1377 μὲν
1252 1322 1604 1375 ἐπισκευάζονται
1641 1325 1722 1367 τῶν

280 1390 506 1444 τριηρέων,
535 1389 579 1431 αἱ
608 1392 655 1432 δὲ
683 1389 834 1433 νεωστὶ
859 1391 1111 1446 πήγνυνται,
1159 1389 1232 1431 καί
1256 1388 1357 1444 πρὸς
1384 1388 1456 1431 τὸν
1485 1393 1615 1431 πλοῦν
1645 1391 1723 1446 οἶρ-ν
1748 1381 1750 1383 ’

280 1453 428 1497 τίωσιν
454 1457 656 1509 δέχονται.
714 1455 758 1497 αἶ
785 1454 998 1512 πυρφόροι
1025 1454 1070 1497 τὸ
1109 1454 1238 1511 ὑγρὸν
1276 1456 1537 1508 εἰσδέχονται
1564 1455 1647 1510 πῦρ
1673 1453 1718 1497 τὸ

279 1520 384 1570 τέως
409 1520 592 1575 η’ρεμοῦν
621 1521 882 1575 οἷδιέκχυτον.
940 1520 1210 1575 ἀθροίζονται
1240 1519 1549 1576 πεντηκόντοροι
1568 1551 1581 1574 ‚
1609 1517 1723 1574 οἶγεί-
1735 1536 1787 1564 20

281 1601 428 1640 ρονται
461 1585 750 1641 μυοπάρωνες.
807 1585 851 1627 αἱ
879 1587 1113 1640 ἱππαγωγοὶ
1137 1587 1464 1642 α’σφαλτοῦνται,
1495 1584 1539 1627 αἱ
1563 1601 1723 1642 φορτα-

238 1658 269 1698 ’Β
281 1652 412 1704 γωγοί
455 1652 713 1706 πληροῦνται
750 1652 832 1693 τῶν
859 1653 1103 1705 ἐδωδίμων,
1133 1649 1172 1692 οἱ
1207 1652 1550 1706 ἐπακτροκέλητες
1581 1648 1723 1708 εὔτρε-

169 1718 482 1772 ν,[μπίζονται.
553 1714 687 1758 πάντα
716 1717 763 1758 δὲ
789 1714 841 1757 τά
881 1716 1023 1773 σκάφη
1051 1721 1137 1766 τοῖς
1181 1714 1328 1765 ἱστίοις
1368 1718 1633 1771 πτερωθέντα
1677 1718 1724 1760 ἔκ

278 1783 352 1836 τῆς
379 1781 503 1838 ᾐόνος
545 1780 787 1836 ἀνάγονται,
816 1784 882 1838 ἐφ’
923 1778 972 1836 ἧς
999 1778 1106 1838 ἦσαν
1136 1780 1372 1824 σαλεύοντα.
1428 1780 1721 1837 συγκεκρότητο

278 1850 381 1901 γοῦν
409 1846 432 1888 ὅ
461 1847 608 1898 στόλος
648 1849 782 1902 οἷγχοῢ
806 1863 887 1889 που
915 1851 999 1890 τῶν
1023 1850 1173 1902 χιλίων
1203 1848 1379 1901 πλοίων,
1412 1846 1457 1889 αἱ
1485 1849 1532 1890 δὲ
1558 1848 1786 1898 πεζικαιάὄ

279 1909 479 1966 δυνάμεις
501 1914 544 1962 ἐς
572 1911 784 1969 μυριάδας
827 1913 1130 1969 η’θροιῖιθησαν.
1187 1912 1363 1970 ἐτ’φριξαν
1392 1909 1445 1955 ἂν
1471 1914 1546 1954 καί
1569 1910 1610 1954 Γ
1607 1913 1721 1967 ι’γαν-

373 2034 402 2057 1.
429 2022 506 2069 καὶ]
533 2015 594 2056 οἷα
616 2024 678 2055 καὶ
691 2024 731 2055 Α.
849 2025 880 2057 3.
910 2023 961 2070 τε]
985 2024 1056 2069 μὲν
1071 2025 1108 2057 Α.
1225 2025 1256 2058 5.
1286 2022 1421 2070 συχνιὲ]
1449 2020 1657 2060 διαπαντός
1679 2024 1720 2057 Α.

366 2069 646 2125 μερμηρίζοντα
659 2069 961 2147 ]Ι.σκεπτο’μενον
984 2070 1024 2103 A.
1163 2081 1213 2104 ιι.
1237 2070 1398 2117 πολλῶν]
1425 2069 1578 2105 πάντων
1605 2069 1654 2108 ὥς
1680 2071 1720 2104 A.

373 2117 424 2160 ¹4·
450 2115 523 2161 οτι]
547 2115 582 2147 εἰ
606 2126 663 2147 ma
680 2127 729 2148 im
754 2127 833 2148 eum
858 2116 895 2148 B.

277 2204 465 2249 depressas
497 2203 670 2245 vidisset,
707 2204 905 2237 rectissime
939 2204 1090 2237 dixisset
1127 2214 1201 2237 non
1226 2214 1335 2238 naves
1361 2214 1438 2238 esse
1463 2205 1632 2250 piraticas
1656 2205 1720 2240 sed

277 2251 482 2291 onerarias,
507 2251 679 2284 mercium
707 2262 813 2284 omne
841 2262 952 2295 genus
981 2250 1165 2284 vehentes.

372 2308 405 2330 2.
454 2297 538 2342 Quo
564 2298 695 2332 nuntio
721 2298 887 2331 turbatus
902 2297 1052 2330 Manuel
1075 2298 1273 2342 imperator
1298 2308 1372 2330 non
1398 2308 1499 2331 secus
1525 2309 1564 2330 ac
1587 2298 1722 2331 Home-

277 2345 373 2378 ricus
408 2344 472 2376 ille
504 2345 662 2388 Iupiter,
700 2350 764 2378 aut
798 2344 1061 2377 Themistocles
1087 2344 1269 2376 insomnes
1301 2349 1425 2377 noctes
1459 2344 1506 2376 ob
1543 2345 1721 2389 Miltiadis

277 2396 466 2435 tropaeum
493 2401 618 2434 agenS,
659 2391 814 2423 sollicite
842 2390 932 2435 quid
958 2390 1134 2434 agendum
1159 2395 1254 2423 esset
1278 2391 1397 2423 animo
1423 2391 1593 2434 agitabat.
1612 2392 1722 2435 igitur

276 2438 363 2471 viris
391 2442 428 2469 et
462 2437 512 2469 rei
538 2437 705 2470 militaris
738 2437 864 2482 peritis
893 2443 930 2470 et
966 2437 1175 2482 eloquentia
1200 2437 1303 2469 claris
1336 2438 1534 2478 accersitis,
1565 2449 1675 2470 unum
1700 2449 1721 2471 e

274 2483 400 2520 multis
427 2484 618 2516 consilium
641 2483 877 2528 approbavit,
914 2483 1054 2516 Siculos
1090 2489 1184 2516 terra
1209 2484 1372 2528 marique
1400 2482 1500 2516 bello
1523 2484 1720 2527 petendos,

275 2541 392 2575 eoque
413 2530 548 2562 maiore
572 2536 758 2575 apparatu,
782 2529 882 2575 quod
907 2529 947 2563 id
978 2529 1115 2563 bellum
1139 2541 1202 2575 spe
1227 2541 1302 2563 non
1326 2530 1462 2574 optima
1484 2530 1662 2563 niteretur
1685 2535 1722 2564 et

274 2578 390 2610 multa
416 2576 676 2621 impedimenta
692 2576 900 2609 habiturum
918 2576 1123 2618 videretur,
1148 2577 1283 2622 quippe
1308 2576 1353 2609 de
1377 2587 1449 2621 quo
1474 2587 1517 2609 ex
1540 2577 1722 2611 sententia

273 2623 498 2657 conficiendo
536 2629 675 2657 veteres
708 2634 854 2668 quoque
899 2624 1134 2668 imperatores
1174 2623 1433 2668 desperassent.
1481 2629 1722 2656 convocantur

272 2669 477 2703 orientales
497 2675 532 2703 et
546 2670 797 2704 occidentales
821 2670 1003 2714 1egiones3
1026 2671 1187 2703 triremes
1202 2670 1331 2714 partim
1346 2670 1566 2712 reficiuntur,
1590 2669 1721 2715 partim

273 2727 387 2749 novae
413 2716 659 2750 aedificantur.
694 2718 732 2750 in
757 2722 872 2750 certas
895 2717 986 2760 ignis
1013 2728 1156 2761 graecus
1185 2717 1405 2761 imponitur,
1431 2717 1493 2762 qui
1518 2717 1626 2760 longo
1648 2716 1720 2750 iam

275 2767 435 2809 tempore
461 2762 606 2798 abditus
637 2764 804 2798 latuerat.
826 2765 943 2796 omnis
963 2764 1100 2808 generis
1129 2764 1266 2808 navigia
1296 2763 1436 2796 circiter
1458 2763 1558 2797 mille
1581 2769 1655 2797 tam
1673 2761 1720 2797 ad
