1878 3230
502 170 557 211 m
594 168 844 211 mci-:nm
870 165 1206 210 cnomATAM.
1470 150 1575 225 891

154 272 413 327 profecturos
458 271 500 311 in
541 270 649 311 idem
690 270 841 311 mulum
883 269 1068 310 incidisse
1116 275 1156 310 et
1183 267 1226 312 ia
1268 268 1416 310 itinere
1446 284 1584 314 caesos

153 342 249 371 esse.

125 378 130 383 ’
261 381 311 425 Ρ.
339 381 432 431 830,
462 393 522 434 19.
588 380 689 420 alter
715 382 776 432 (A)
811 379 863 420 de
909 379 1119 429 militibus,
1151 379 1256 421 alter
1288 379 1349 431 (B)
1373 379 1427 429 de
1448 382 1584 422 muni-

150 436 332 476 tionibus
358 436 550 489 loquitur.
580 435 646 474 hic
674 437 794 474 etiam
828 441 1009 475 vetustus
1034 436 1162 475 codex
1192 437 1251 487 (Β)
1281 449 1350 475 nos
1377 435 1578 487 destituit,

151 491 253 531 soliis
290 491 565 544 compluribus
603 492 788 539 resectis;
831 490 871 529 in
902 504 985 544 quo
1026 491 1271 530 conferendo
1299 497 1342 531 et
1367 505 1514 544 genere
1541 499 1583 532 et

151 545 312 600 ingenio
335 546 479 585 nobilis
506 544 732 584 adolescens
759 544 938 597 Raphael
968 546 1159 586 Sailerius
1189 560 1253 586 me
1280 545 1450 586 adiuvit.

258 601 307 641 P.
335 601 430 650 832,
474 615 507 644 ι.
571 599 666 639 καθ’
707 598 871 651 ἡλικίαν
908 596 1244 651 ἤχμαλώτευσαν
1274 602 1387 640 omni
1414 616 1514 641 sexu
1542 611 1583 642 et

152 663 286 695 aetate
316 664 450 710 capta.
495 656 573 696 hoc
600 656 644 698 ,si
666 657 731 694 cui
760 655 945 708 displicet
965 684 977 707 ,
1006 663 1178 709 quaerat
1207 656 1418 696 meliorem
1445 659 1580 697 inter-

148 711 427 764 pretationem.

256 765 307 805 P.
334 764 429 817 833,
456 766 500 816 4.
557 759 635 805 κᾶν
660 763 850 812 ἐξέπεσον
889 762 973 804 ταῖν
1022 761 1124 804 κατὰ
1154 759 1319 819 σκοπόν]
1376 765 1578 819 interpre-

146 826 253 859 tatus
290 834 378 859 sum
416 818 721 874 α’ποφαντικῶς.
763 818 876 873 quod
914 821 947 858 si
969 820 1038 858 'cui
1082 819 1291 873 displicet,
1316 817 1578 868 ὑποθετικῶς

148 881 322 927 exponat
349 874 468 925 licet,
498 876 578 915 hoc
610 874 751 914 modo:
781 888 829 912 ac
855 888 1027 914 successu
1052 876 1245 914 caruisset
1271 875 1319 914 id
1340 877 1576 926 eonsilium,

145 930 180 967 si
209 930 252 969 in
279 931 448 969 cohortes
477 931 583 970 alias
610 936 688 970 etc.
712 929 950 970 incidissent.
984 930 1109 983 paulo
1137 938 1255 983 post,
1285 927 1342 976 ὥς
1368 927 1441 969 διὰ
1468 931 1576 983 βρα·

143 984 264 1035 χέος,
293 981 340 1023 τὸ
368 983 427 1031 οὖς
454 985 682 1026 redundare
709 984 884 1026 videtur.

253 1038 304 1077 P.
332 1038 429 1090 834,
462 1041 520 1079 15.
576 1039 673 1092 μηδ’
701 1034 836 1084 ἄλλως
863 1034 944 1078 ὑπὸ
975 1035 1174 1080 Λατίνων
1207 1031 1332 1079 οὖσαι
1357 1036 1578 1079 ‹hemund-

143 1091 284 1147 πητοι]
341 1095 524 1134 converti
558 1093 833 1140 ὑποθετικῶςε
875 1095 921 1132 ni
962 1103 1047 1133 tam
1091 1095 1272 1134 munitae
1280 1095 1480 1144 finissent,
1509 1108 1580 1134 nec

139 1147 383 1188 Latinorum
423 1151 691 1204 rapacitatem
733 1150 935 1188 vitatur-as
955 1149 1102 1200 fici-sse.
1133 1150 1164 1188 si
1190 1149 1257 1190 cui
1286 1163 1381 1189 vero
1407 1144 1452 1188 τὸ
1480 1148 1581 1201 μηδ’

145 1193 282 1249 ἄλλως
307 1218 378 1256 pro
417 1199 578 1245 ἅλλωσε
605 1203 702 1257 μηδ’
740 1203 959 1256 intelligere
987 1203 1110 1255 magis
1138 1204 1294 1256 placet,
1333 1205 1391 1243 sic
1422 1211 1580 1243 vertat:

138 1260 376 1312 praesertim
417 1273 508 1299 cum
548 1273 620 1299 nec
657 1271 688 1298 a
709 1259 867 1297 Latinis
898 1258 1204 1310 negligerentur.
1245 1258 1389 1299 dubito
1420 1271 1472 1297 an
1502 1273 1580 1311 pro

142 1311 245 1363 ’μηδ’
271 1305 407 1359 ἄλλως
443 1313 576 1366 potius
605 1315 657 1353 sit
685 1312 896 1368 legendum
931 1313 1033 1364 μηδ’
1063 1306 1193 1359 ὅλωςε
1222 1328 1317 1353 nam
1345 1314 1486 1353 herilis
1514 1326 1580 1353 co-

145 1366 247 1417 dex,
276 1368 347 1406 etsi
384 1367 492 1408 solus
534 1369 713 1421 integer,
752 1375 886 1407 tamen
914 1366 1160 1420 negligenter
1190 1370 1360 1422 scriptus
1389 1375 1480 1419 est,
1509 1364 1579 1407 ὑπ’

140 1418 447 1475 Ἐμμανουήλου
476 1418 763 1474 ὄμβαιβενίδος
780 1422 855 1461 τοῦ
874 1421 918 1461 ἐκ
943 1422 1232 1473 μονεμβασάκς
1258 1421 1366 1475 μετὰ
1395 1421 1468 1476 τὴν
1494 1438 1578 1462 πα-

144 1472 320 1528 ράὸοσιν
346 1477 419 1527 τῆς
444 1471 598 1517 ἑαυτοῦ
624 1476 838 1530 πατρίδος.

250 1531 301 1573 P.
333 1530 428 1578 836,
457 1531 495 1575 5.
549 1530 743 1584 θωράκια
795 1530 981 1570 tibicines
1023 1533 1152 1581 verti,
1184 1546 1266 1571 non
1296 1532 1408 1586 quod
1436 1546 1578 1572 verum
1591 1539 1627 1573 P.
1642 1539 1707 1582 451

142 1592 310 1637 putem,
350 1585 420 1625 sed
463 1586 576 1641 quod
614 1587 762 1626 solidae
800 1585 1037 1639 columnae,
1073 1595 1119 1627 ut
1146 1586 1309 1641 Virgilii
1337 1589 1427 1627 ioco
1456 1595 1578 1640 utar,

142 1641 326 1679 nondum
355 1641 618 1681 advenerunt.

257 1696 306 1736 P.
333 1695 429 1744 836,
461 1710 502 1751 9.
560 1690 587 1748 ἢ
622 1695 724 1747 γοῦν
759 1694 842 1734 τῶν
881 1688 1012 1736 ὄντων
1037 1689 1186 1749 ἑτέραν
1228 1695 1482 1750 παραγωγήν
1508 1708 1583 1739 aut-

143 1749 276 1788 aliam
306 1765 439 1789 rerum
480 1752 741 1791 creationem.
770 1751 934 1802 respicit
970 1751 1023 1790 ad
1056 1766 1174 1805 agros
1204 1758 1244 1791 et
1288 1753 1405 1791 urbes
1448 1753 1581 1793 culto-

142 1805 255 1843 ribus
295 1819 454 1849 vacuas.
491 1812 694 1846 verteram
730 1807 930 1860 principio
957 1815 1029 1846 aut
1066 1821 1202 1845 rerum
1230 1815 1416 1846 naturam
1447 1809 1501 1847 ab
1532 1823 1579 1849 eo

139 1859 342 1899 diversam
359 1889 371 1910 ,
396 1875 474 1915 qua
502 1863 612 1900 imsit
636 1868 715 1901 etc.
751 1861 946 1915 putabam
984 1862 1090 1900 enim
1120 1876 1211 1900 eum
1239 1861 1350 1914 loqui
1380 1862 1430 1902 de
1459 1864 1580 1902 vasti-

140 1918 224 1953 tate
267 1915 466 1955 Thraciae
507 1916 703 1956 incendiis
751 1917 987 1956 deformata.
1014 1917 1082 1955 sed
1112 1917 1217 1956 hanc
1245 1919 1484 1957 sententiam
1511 1932 1580 1957 re-

141 1969 282 2019 pudio,
328 1971 438 2022 quod
477 1971 659 2024 sequitur
699 1966 719 2010 ὅ
763 1971 799 2010 ‹5’
838 1966 1060 2023 ἄνθρωπος
1100 1969 1174 2009 οὐκ
1213 1963 1287 2023 ἦν,
1329 1974 1441 2024 quasi
1470 1973 1578 2013 dicat

140 2023 338 2063 Thraciae
365 2025 486 2065 fuisse
505 2039 594 2065 eam
622 2026 763 2066 faciem
794 2041 897 2080 quae
926 2026 1100 2066 recentis
1128 2026 1269 2065 mundi
1296 2026 1416 2067 fuerit
1445 2029 1576 2068 culto-

141 2078 254 2118 ribus
283 2079 415 2119 vacui.

249 2132 299 2172 P.
328 2133 426 2186 838,
459 2133 524 2176 15.
581 2132 892 2188 διαπεμπούσης
919 2137 1006 2182 τοῖς
1029 2131 1270 2190 πόρρωθεν]
1300 2138 1575 2178 transmittere

141 2186 190 2226 ad
219 2194 400 2241 posteros
427 2197 528 2229 esset
553 2193 640 2236 τοῖς
661 2190 896 2239 μετέπειτα.
936 2190 989 2229 ad
1016 2205 1138 2243 quam
1165 2192 1496 2245 significationem
1523 2191 1570 2234 τὸ

140 2238 359 2295 πόρρωθεν
386 2258 467 2284 non
494 2245 588 2284 satis
616 2245 827 2284 commode
852 2245 1091 2286 deflectitur.

248 2297 298 2338 P.
326 2298 425 2351 841,
455 2300 493 2342 5.
550 2297 623 2338 καί
666 2299 867 2346 Λατίνοις
910 2297 956 2340 τὸ
990 2295 1131 2340 καινὸν
1158 2299 1379 2341 ἐσπένδετο
1416 2302 1573 2341 novitas

137 2351 224 2401 illa,
253 2350 330 2392 hoc
349 2360 421 2401 est,
452 2354 547 2393 novi
576 2354 742 2409 tyranni
769 2369 862 2394 cum
891 2355 1045 2394 Latinis
1072 2356 1395 2408 paciscebantur.
1426 2357 1573 2395 fortas..

137 2405 191 2445 sis
218 2405 428 2459 legendum
464 2405 511 2448 τὸ
547 2406 783 2450 καινότατον
811 2408 1052 2449 ἐσπένδοντο
1062 2441 1075 2460 ‚
1103 2412 1210 2465 quod
1235 2413 1414 2451 maxime
1447 2411 1569 2449 mire-

137 2461 216 2510 ris,
248 2467 294 2500 ut
320 2458 366 2500 τὸ
396 2462 591 2515 μέγιστον
630 2471 863 2516 usurpatur.
894 2479 967 2518 ego
994 2466 1099 2505 verti
1127 2462 1174 2505 τὰ
1204 2463 1346 2505 καινὸν
1375 2479 1449 2518 pro
1477 2477 1570 2502 και-

138 2514 229 2562 νιὸς.
259 2523 453 2569 sequatur
510 2519 648 2572 uisque
677 2519 786 2572 quod
818 2519 1016 2572 probarit.

246 2570 299 2611 P.
330 2569 426 2620 841,
461 2585 474 2611 ι
512 2600 524 2611 .
589 2574 669 2613 τῶν
695 2573 992 2628 θρεψαμένων]
1033 2574 1138 2613 idem
1180 2573 1288 2626 quod
1317 2573 1398 2612 τῶν
1422 2567 1702 2623 πατρί-Ἄπι)

140 2621 371 2716 δῖωνῖΓείουίῑ
410 2620 437 2677 ἦ
476 2625 747 2681 ἑνεγκαμένη,
794 2630 849 2668 ita
889 2626 933 2669 et.⁴
955 2629 1020 2669 hic
1062 2626 1087 2680 ἦ
1118 2626 1363 2681 θρεψαμένῃ
1393 2628 1569 2680 patriam

137 2692 166 2718 si
201 2687 347 2717 micat.

173 2693 196 2731 g
249 2733 312 2791 Pr
332 2731 409 2785 845
431 2763 441 2782 ,
465 2749 504 2773 a.
579 2736 701 2787 νῆψις
726 2743 783 2776 est
825 2737 1044 2787 sobrieta53
1078 2750 1181 2790 quae
1209 2735 1305 2789 quid
1332 2734 1411 2775 huc
1437 2735 1565 2785 faciat,
