<?xml version="1.0" encoding="UTF-8"?>
<!DOCTYPE html PUBLIC "-//W3C//DTD XHTML 1.0 Transitional//EN"
    "http://www.w3.org/TR/xhtml1/DTD/xhtml1-transitional.dtd">
<html xmlns="http://www.w3.org/1999/xhtml" xml:lang="en" lang="en">
 <head>
  <title>
</title>
<meta http-equiv="Content-Type" content="text/html;charset=utf-8" />
  <meta name='ocr-system' content='tesseract 3.04.00' />
  <meta name='ocr-capabilities' content='ocr_page ocr_carea ocr_par ocr_line ocrx_word'/>
</head>
<body>
  <div class='ocr_page' id='page_1' title='image "./corpusscriptorum41niebuoft/corpusscriptorum41niebuoft_0191.png"; bbox 0 0 1838 3210; ppageno 0'>
   <div class='ocr_carea' id='block_1_1' title="bbox 433 137 1599 198">
    <p class='ocr_par' dir='ltr' id='par_1_1' title="bbox 433 137 1599 198">
     <span class='ocr_line' id='line_1_1' title="bbox 433 137 1599 198; baseline -0.004 -2"><span class='ocrx_word' id='word_1_1' title='bbox 433 155 503 196; x_wconf 83' lang='lat' dir='ltr'>DE</span> <span class='ocrx_word' id='word_1_2' title='bbox 540 154 792 196; x_wconf 82' lang='lat' dir='ltr'><strong>MANUELE</strong></span> <span class='ocrx_word' id='word_1_3' title='bbox 830 153 1092 198; x_wconf 83' lang='lat' dir='ltr'>COMNENO</span> <span class='ocrx_word' id='word_1_4' title='bbox 1133 156 1231 196; x_wconf 72' lang='lat' dir='ltr'>tm.</span> <span class='ocrx_word' id='word_1_5' title='bbox 1261 156 1334 196; x_wconf 86' lang='lat'>111.</span> <span class='ocrx_word' id='word_1_6' title='bbox 1502 137 1599 192; x_wconf 81' lang='lat'>161</span> 
     </span>
    </p>
   </div>
   <div class='ocr_carea' id='block_1_2' title="bbox 108 251 1716 1822">
    <p class='ocr_par' dir='ltr' id='par_1_2' title="bbox 108 251 1716 1822">
     <span class='ocr_line' id='line_1_2' title="bbox 173 251 1612 308; baseline -0.001 -14"><span class='ocrx_word' id='word_1_7' title='bbox 173 266 294 304; x_wconf 83' lang='grc' dir='ltr'><em>μενος</em></span> <span class='ocrx_word' id='word_1_8' title='bbox 338 253 409 294; x_wconf 85' lang='grc' dir='ltr'>καί</span> <span class='ocrx_word' id='word_1_9' title='bbox 445 253 712 307; x_wconf 81' lang='grc' dir='ltr'><em>γραψάμενος</em></span> <span class='ocrx_word' id='word_1_10' title='bbox 754 254 915 295; x_wconf 79' lang='grc' dir='ltr'><em>ἐκεῖθεν</em></span> <span class='ocrx_word' id='word_1_11' title='bbox 944 251 1074 295; x_wconf 73' lang='grc' dir='ltr'><em>αὔτὸν</em></span> <span class='ocrx_word' id='word_1_12' title='bbox 1100 252 1309 308; x_wconf 77' lang='grc' dir='ltr'><em>ἐξήλασεν.</em></span> <span class='ocrx_word' id='word_1_13' title='bbox 1366 252 1508 294; x_wconf 76' lang='grc' dir='ltr'><em>ἔπειτα</em></span> <span class='ocrx_word' id='word_1_14' title='bbox 1540 252 1612 293; x_wconf 76' lang='grc' dir='ltr'><em>καὶ</em></span> 
     </span>
     <span class='ocr_line' id='line_1_3' title="bbox 173 316 1652 374; baseline 0.001 -16"><span class='ocrx_word' id='word_1_15' title='bbox 173 316 246 359; x_wconf 80' lang='grc' dir='ltr'>τὸν</span> <span class='ocrx_word' id='word_1_16' title='bbox 273 318 421 359; x_wconf 79' lang='grc' dir='ltr'><em>σι’κεΐον</em></span> <span class='ocrx_word' id='word_1_17' title='bbox 460 318 660 374; x_wconf 76' lang='grc' dir='ltr'><em>ὖφὲρπων</em></span> <span class='ocrx_word' id='word_1_18' title='bbox 698 320 949 372; x_wconf 76' lang='grc' dir='ltr'><em>κασίγνητον</em></span> <span class='ocrx_word' id='word_1_19' title='bbox 979 317 1238 374; x_wconf 74' lang='grc' dir='ltr'><em>μετανάστην</em></span> <span class='ocrx_word' id='word_1_20' title='bbox 1263 319 1447 360; x_wconf 74' lang='grc' dir='ltr'><em>κάκεῖνον</em></span> <span class='ocrx_word' id='word_1_21' title='bbox 1475 318 1607 361; x_wconf 78' lang='grc' dir='ltr'><em>ἔθετο.</em></span> <span class='ocrx_word' id='word_1_22' title='bbox 1625 332 1652 364; x_wconf 85' lang='grc' dir='ltr'>ι)</span> 
     </span>
     <span class='ocr_line' id='line_1_4' title="bbox 174 382 1613 439; baseline 0.002 -15"><span class='ocrx_word' id='word_1_23' title='bbox 174 382 212 424; x_wconf 85' lang='grc' dir='ltr'><em>οἱ</em></span> <span class='ocrx_word' id='word_1_24' title='bbox 240 385 286 425; x_wconf 84' lang='grc' dir='ltr'>δὲ</span> <span class='ocrx_word' id='word_1_25' title='bbox 317 385 502 439; x_wconf 80' lang='grc' dir='ltr'><em>φυγάδες</em></span> <span class='ocrx_word' id='word_1_26' title='bbox 528 383 630 437; x_wconf 74' lang='grc' dir='ltr'><em>πρὸς</em></span> <span class='ocrx_word' id='word_1_27' title='bbox 658 383 730 425; x_wconf 85' lang='grc' dir='ltr'>τόν</span> <span class='ocrx_word' id='word_1_28' title='bbox 753 383 1044 439; x_wconf 68' lang='grc' dir='ltr'><em>αὐτοκράτορα</em></span> <span class='ocrx_word' id='word_1_29' title='bbox 1072 386 1222 430; x_wconf 82' lang='grc' dir='ltr'><em>ἵκοντο.</em></span> <span class='ocrx_word' id='word_1_30' title='bbox 1277 387 1351 427; x_wconf 82' lang='grc' dir='ltr'><em>καί</em></span> <span class='ocrx_word' id='word_1_31' title='bbox 1379 386 1510 427; x_wconf 69' lang='grc' dir='ltr'><em>ταῦτα</em></span> <span class='ocrx_word' id='word_1_32' title='bbox 1534 386 1613 437; x_wconf 77' lang='grc' dir='ltr'><em>μὲν</em></span> 
     </span>
     <span class='ocr_line' id='line_1_5' title="bbox 172 446 1613 505; baseline 0 -14"><span class='ocrx_word' id='word_1_33' title='bbox 172 452 430 505; x_wconf 75' lang='grc' dir='ltr'><em>συμβέβηκεν</em></span> <span class='ocrx_word' id='word_1_34' title='bbox 457 446 632 505; x_wconf 74' lang='grc' dir='ltr'><em>ὕστερον</em></span> <span class='ocrx_word' id='word_1_35' title='bbox 651 464 660 473; x_wconf 91' lang='grc'><em>·</em></span> <span class='ocrx_word' id='word_1_36' title='bbox 689 446 780 491; x_wconf 85' lang='grc' dir='ltr'><em>τότε</em></span> <span class='ocrx_word' id='word_1_37' title='bbox 823 450 869 490; x_wconf 81' lang='grc' dir='ltr'>δὲ</span> <span class='ocrx_word' id='word_1_38' title='bbox 894 448 1186 503; x_wconf 79' lang='grc' dir='ltr'><em>πολυδύναμος</em></span> <span class='ocrx_word' id='word_1_39' title='bbox 1226 450 1402 505; x_wconf 78' lang='grc' dir='ltr'><em>γεγονώς</em></span> <span class='ocrx_word' id='word_1_40' title='bbox 1433 449 1481 492; x_wconf 83' lang='grc' dir='ltr'>τὸ</span> <span class='ocrx_word' id='word_1_41' title='bbox 1511 449 1613 504; x_wconf 84' lang='grc' dir='ltr'><em>πρὸς</em></span> 
     </span>
     <span class='ocr_line' id='line_1_6' title="bbox 138 513 1614 573; baseline 0.001 -17"><span class='ocrx_word' id='word_1_42' title='bbox 138 513 241 562; x_wconf 87' lang='grc' dir='ltr'><em>5τὸν</em></span> <span class='ocrx_word' id='word_1_43' title='bbox 274 516 451 568; x_wconf 85' lang='grc' dir='ltr'><strong><em>βασιλέα</em></strong></span> <span class='ocrx_word' id='word_1_44' title='bbox 491 516 667 569; x_wconf 78' lang='grc' dir='ltr'><em>αἰδῆμον</em></span> <span class='ocrx_word' id='word_1_45' title='bbox 703 514 962 566; x_wconf 76' lang='grc' dir='ltr'><em>οἷπεξύσατο,</em></span> <span class='ocrx_word' id='word_1_46' title='bbox 1001 514 1074 556; x_wconf 86' lang='grc' dir='ltr'><em>καί</em></span> <span class='ocrx_word' id='word_1_47' title='bbox 1117 513 1169 569; x_wconf 77' lang='grc' dir='ltr'><em>ἢν</em></span> <span class='ocrx_word' id='word_1_48' title='bbox 1208 516 1330 564; x_wconf 75' lang='grc' dir='ltr'><em>αὐτὸς</em></span> <span class='ocrx_word' id='word_1_49' title='bbox 1382 518 1614 573; x_wconf 74' lang='grc' dir='ltr'><em>θεραπείαν</em></span> 
     </span>
     <span class='ocr_line' id='line_1_7' title="bbox 173 579 1614 636; baseline 0.001 -16"><span class='ocrx_word' id='word_1_50' title='bbox 173 582 360 635; x_wconf 75' lang='grc' dir='ltr'><em>προσῆγε</em></span> <span class='ocrx_word' id='word_1_51' title='bbox 385 586 476 628; x_wconf 86' lang='grc' dir='ltr'><em>ταῖς</em></span> <span class='ocrx_word' id='word_1_52' title='bbox 504 582 586 621; x_wconf 77' lang='grc' dir='ltr'>τῶν</span> <span class='ocrx_word' id='word_1_53' title='bbox 627 579 882 636; x_wconf 82' lang='grc' dir='ltr'><em>πραγμάτων</em></span> <span class='ocrx_word' id='word_1_54' title='bbox 910 580 1149 629; x_wconf 87' lang='grc' dir='ltr'><em>δυσκολιάις</em></span> <span class='ocrx_word' id='word_1_55' title='bbox 1180 581 1433 635; x_wconf 72' lang='grc' dir='ltr'><em>ἀγχόμενος,</em></span> <span class='ocrx_word' id='word_1_56' title='bbox 1463 579 1614 636; x_wconf 80' lang='grc' dir='ltr'><em>ταύτην</em></span> 
     </span>
     <span class='ocr_line' id='line_1_8' title="bbox 173 643 1614 702; baseline 0.001 -15"><span class='ocrx_word' id='word_1_57' title='bbox 173 646 351 702; x_wconf 77' lang='grc' dir='ltr'><em>ἐξῃτεῖτό</em></span> <span class='ocrx_word' id='word_1_58' title='bbox 393 644 432 687; x_wconf 83' lang='grc' dir='ltr'><em>οἱ</em></span> <span class='ocrx_word' id='word_1_59' title='bbox 471 648 672 701; x_wconf 78' lang='grc' dir='ltr'><em>παρέχειν</em></span> <span class='ocrx_word' id='word_1_60' title='bbox 708 645 780 687; x_wconf 86' lang='grc' dir='ltr'>τὸν</span> <span class='ocrx_word' id='word_1_61' title='bbox 808 643 1124 701; x_wconf 71' lang='grc' dir='ltr'><em>αὐτοκράτορα,</em></span> <span class='ocrx_word' id='word_1_62' title='bbox 1164 650 1434 702; x_wconf 74' lang='grc' dir='ltr'><em>βαρβαρικῶς</em></span> <span class='ocrx_word' id='word_1_63' title='bbox 1461 651 1614 701; x_wconf 74' lang='grc' dir='ltr'><em>μεταλ·</em></span> 
     </span>
     <span class='ocr_line' id='line_1_9' title="bbox 172 709 1614 769; baseline 0.001 -17"><span class='ocrx_word' id='word_1_64' title='bbox 172 709 412 764; x_wconf 78' lang='grc' dir='ltr'><em>λοιούμενος</em></span> <span class='ocrx_word' id='word_1_65' title='bbox 436 714 494 768; x_wconf 79' lang='grc' dir='ltr'>τῷ</span> <span class='ocrx_word' id='word_1_66' title='bbox 519 713 673 769; x_wconf 69' lang='grc' dir='ltr'><em>καιρῷ,</em></span> <span class='ocrx_word' id='word_1_67' title='bbox 702 713 776 753; x_wconf 82' lang='grc' dir='ltr'>καί</span> <span class='ocrx_word' id='word_1_68' title='bbox 802 712 955 766; x_wconf 79' lang='grc' dir='ltr'><em>δεῆσαν</em></span> <span class='ocrx_word' id='word_1_69' title='bbox 979 711 1082 767; x_wconf 78' lang='grc' dir='ltr'><em>ὑπὲρ</em></span> <span class='ocrx_word' id='word_1_70' title='bbox 1111 709 1156 753; x_wconf 83' lang='grc' dir='ltr'>τὸ</span> <span class='ocrx_word' id='word_1_71' title='bbox 1186 714 1280 754; x_wconf 83' lang='grc' dir='ltr'><em>δέον</em></span> <span class='ocrx_word' id='word_1_72' title='bbox 1307 713 1614 766; x_wconf 79' lang='grc' dir='ltr'><em>ὑποστελλόμε-</em></span> 
     </span>
     <span class='ocr_line' id='line_1_10' title="bbox 172 772 1616 836; baseline 0.003 -19"><span class='ocrx_word' id='word_1_73' title='bbox 172 792 264 829; x_wconf 89' lang='grc' dir='ltr'><em>νος,</em></span> <span class='ocrx_word' id='word_1_74' title='bbox 311 775 384 818; x_wconf 83' lang='grc' dir='ltr'><em>καί</em></span> <span class='ocrx_word' id='word_1_75' title='bbox 409 779 562 832; x_wconf 82' lang='grc' dir='ltr'><em>πτεροῦ</em></span> <span class='ocrx_word' id='word_1_76' title='bbox 604 772 734 826; x_wconf 71' lang='grc' dir='ltr'><em>αὖθις</em></span> <span class='ocrx_word' id='word_1_77' title='bbox 759 774 1087 833; x_wconf 81' lang='grc' dir='ltr'><em>ἐλαφριζόμενος</em></span> <span class='ocrx_word' id='word_1_78' title='bbox 1119 778 1416 834; x_wconf 70' lang='grc' dir='ltr'><em>εὐπετέστερον</em></span> <span class='ocrx_word' id='word_1_79' title='bbox 1427 812 1440 831; x_wconf 93' lang='grc'><em>,</em></span> <span class='ocrx_word' id='word_1_80' title='bbox 1470 778 1541 820; x_wconf 74' lang='grc' dir='ltr'>ὅτε</span> <span class='ocrx_word' id='word_1_81' title='bbox 1568 782 1616 836; x_wconf 80' lang='grc' dir='ltr'>τῇ</span> 
     </span>
     <span class='ocr_line' id='line_1_11' title="bbox 116 838 1618 901; baseline -0.001 -15"><span class='ocrx_word' id='word_1_82' title='bbox 116 861 161 886; x_wconf 85' lang='grc' dir='ltr'><em>ιο</em></span> <span class='ocrx_word' id='word_1_83' title='bbox 172 838 289 900; x_wconf 66' lang='grc' dir='ltr'><em>ἑτέρᾳ</em></span> <span class='ocrx_word' id='word_1_84' title='bbox 317 840 538 897; x_wconf 78' lang='grc' dir='ltr'><em>πλάστιγγι</em></span> <span class='ocrx_word' id='word_1_85' title='bbox 559 839 697 898; x_wconf 70' lang='grc' dir='ltr'><em>ῥοπὴν</em></span> <span class='ocrx_word' id='word_1_86' title='bbox 725 843 752 898; x_wconf 82' lang='grc' dir='ltr'><strong><em>ἦ</em></strong></span> <span class='ocrx_word' id='word_1_87' title='bbox 776 839 884 897; x_wconf 76' lang='grc' dir='ltr'><em>τύχη</em></span> <span class='ocrx_word' id='word_1_88' title='bbox 907 845 1128 897; x_wconf 57' lang='grc' dir='ltr'><em>παρειζχετο</em></span> <span class='ocrx_word' id='word_1_89' title='bbox 1147 877 1158 894; x_wconf 83' lang='grc'><em>,</em></span> <span class='ocrx_word' id='word_1_90' title='bbox 1184 850 1272 893; x_wconf 82' lang='grc' dir='ltr'><em>τοῖς</em></span> <span class='ocrx_word' id='word_1_91' title='bbox 1294 844 1618 901; x_wconf 85' lang='grc' dir='ltr'><em>παλινστρὸφοις</em></span> 
     </span>
     <span class='ocr_line' id='line_1_12' title="bbox 171 906 1618 966; baseline 0.001 -16"><span class='ocrx_word' id='word_1_92' title='bbox 171 908 442 963; x_wconf 81' lang='grc' dir='ltr'><em>βραβεύουσα</em></span> <span class='ocrx_word' id='word_1_93' title='bbox 486 906 715 964; x_wconf 79' lang='grc' dir='ltr'><em>πράγμασι.</em></span> <span class='ocrx_word' id='word_1_94' title='bbox 791 906 986 966; x_wconf 76' lang='grc' dir='ltr'><em>παττάλῳ</em></span> <span class='ocrx_word' id='word_1_95' title='bbox 1016 911 1055 950; x_wconf 81' lang='grc' dir='ltr'>δ’</span> <span class='ocrx_word' id='word_1_96' title='bbox 1082 909 1436 965; x_wconf 78' lang='grc' dir='ltr'><em>ὖπεκκρουόμενος</em></span> <span class='ocrx_word' id='word_1_97' title='bbox 1461 911 1618 952; x_wconf 82' lang='grc' dir='ltr'><em>πάττα-</em></span> 
     </span>
     <span class='ocr_line' id='line_1_13' title="bbox 173 969 1620 1030; baseline 0.001 -15"><span class='ocrx_word' id='word_1_98' title='bbox 173 989 243 1023; x_wconf 86' lang='grc' dir='ltr'><em>κος</em></span> <span class='ocrx_word' id='word_1_99' title='bbox 285 975 539 1026; x_wconf 79' lang='grc' dir='ltr'><em>ἐξομαλίζων</em></span> <span class='ocrx_word' id='word_1_100' title='bbox 580 969 632 1028; x_wconf 83' lang='grc' dir='ltr'><em>ἦν</em></span> <span class='ocrx_word' id='word_1_101' title='bbox 660 973 730 1016; x_wconf 88' lang='grc' dir='ltr'>τὸν</span> <span class='ocrx_word' id='word_1_102' title='bbox 769 975 947 1028; x_wconf 81' lang='grc' dir='ltr'><em>βασιλέα</em></span> <span class='ocrx_word' id='word_1_103' title='bbox 983 973 1056 1016; x_wconf 76' lang='grc' dir='ltr'>καὶ</span> <span class='ocrx_word' id='word_1_104' title='bbox 1079 973 1328 1030; x_wconf 76' lang='grc' dir='ltr'><em>θεραπεύων</em></span> <span class='ocrx_word' id='word_1_105' title='bbox 1355 978 1542 1030; x_wconf 77' lang='grc' dir='ltr'><em>ἐνιαχοῦ,</em></span> <span class='ocrx_word' id='word_1_106' title='bbox 1567 978 1620 1018; x_wconf 85' lang='grc' dir='ltr'><em>ου’</em></span> 
     </span>
     <span class='ocr_line' id='line_1_14' title="bbox 170 1037 1618 1096; baseline 0.001 -15"><span class='ocrx_word' id='word_1_107' title='bbox 170 1039 254 1096; x_wconf 75' lang='grc' dir='ltr'><em>μην</em></span> <span class='ocrx_word' id='word_1_108' title='bbox 283 1038 351 1082; x_wconf 71' lang='grc' dir='ltr'>ὑπ’</span> <span class='ocrx_word' id='word_1_109' title='bbox 381 1041 537 1082; x_wconf 82' lang='grc' dir='ltr'><em>ἐκείνου</em></span> <span class='ocrx_word' id='word_1_110' title='bbox 564 1037 931 1095; x_wconf 80' lang='grc' dir='ltr'><em>θηροκομούμενος</em></span> <span class='ocrx_word' id='word_1_111' title='bbox 959 1042 1234 1095; x_wconf 79' lang='grc' dir='ltr'><em>διεδεύινυτο,</em></span> <span class='ocrx_word' id='word_1_112' title='bbox 1262 1043 1336 1083; x_wconf 84' lang='grc' dir='ltr'>καί</span> <span class='ocrx_word' id='word_1_113' title='bbox 1363 1041 1489 1094; x_wconf 83' lang='grc' dir='ltr'><em>δόξαν</em></span> <span class='ocrx_word' id='word_1_114' title='bbox 1517 1043 1618 1084; x_wconf 77' lang='grc' dir='ltr'><em>ἄπο-</em></span> 
     </span>
     <span class='ocr_line' id='line_1_15' title="bbox 171 1102 1618 1164; baseline 0.001 -16"><span class='ocrx_word' id='word_1_115' title='bbox 171 1108 307 1159; x_wconf 85' lang='grc' dir='ltr'><em>νέμων</em></span> <span class='ocrx_word' id='word_1_116' title='bbox 339 1103 497 1160; x_wconf 83' lang='grc' dir='ltr'><em>πατρὸς</em></span> <span class='ocrx_word' id='word_1_117' title='bbox 534 1104 750 1154; x_wconf 74' lang='grc' dir='ltr'><em>υἱοθεσίας</em></span> <span class='ocrx_word' id='word_1_118' title='bbox 786 1103 911 1159; x_wconf 79' lang='grc' dir='ltr'><em>τιμήν</em></span> <span class='ocrx_word' id='word_1_119' title='bbox 955 1105 1187 1159; x_wconf 82' lang='grc' dir='ltr'><em>ἐλάμβανε·</em></span> <span class='ocrx_word' id='word_1_120' title='bbox 1258 1110 1330 1149; x_wconf 75' lang='grc' dir='ltr'>καί</span> <span class='ocrx_word' id='word_1_121' title='bbox 1354 1102 1405 1162; x_wconf 84' lang='grc' dir='ltr'><em>ἦν</em></span> <span class='ocrx_word' id='word_1_122' title='bbox 1433 1106 1487 1149; x_wconf 77' lang='grc' dir='ltr'>τὰ</span> <span class='ocrx_word' id='word_1_123' title='bbox 1517 1110 1618 1164; x_wconf 85' lang='grc' dir='ltr'><em>παρ’</em></span> 
     </span>
     <span class='ocr_line' id='line_1_16' title="bbox 115 1169 1716 1227; baseline -0.001 -12"><span class='ocrx_word' id='word_1_124' title='bbox 115 1170 364 1226; x_wconf 76' lang='grc' dir='ltr'><em>ι5οἷλλήλων</em></span> <span class='ocrx_word' id='word_1_125' title='bbox 387 1171 681 1227; x_wconf 80' lang='grc' dir='ltr'><em>χαραττόμενα</em></span> <span class='ocrx_word' id='word_1_126' title='bbox 725 1169 955 1226; x_wconf 87' lang='grc' dir='ltr'><em>γράμματα</em></span> <span class='ocrx_word' id='word_1_127' title='bbox 995 1173 1156 1226; x_wconf 84' lang='grc' dir='ltr'><em>πατέρα</em></span> <span class='ocrx_word' id='word_1_128' title='bbox 1184 1174 1362 1225; x_wconf 84' lang='grc' dir='ltr'><em>βασιλέα</em></span> <span class='ocrx_word' id='word_1_129' title='bbox 1401 1172 1473 1215; x_wconf 83' lang='grc' dir='ltr'>καί</span> <span class='ocrx_word' id='word_1_130' title='bbox 1492 1178 1617 1215; x_wconf 79' lang='grc' dir='ltr'><em>σουλ..</em></span> <span class='ocrx_word' id='word_1_131' title='bbox 1630 1181 1716 1215; x_wconf 85' lang='grc' dir='ltr'><em>Ρ.8ι</em></span> 
     </span>
     <span class='ocr_line' id='line_1_17' title="bbox 174 1235 1618 1294; baseline -0.001 -15"><span class='ocrx_word' id='word_1_132' title='bbox 174 1235 298 1279; x_wconf 84' lang='grc' dir='ltr'><em>τάνον</em></span> <span class='ocrx_word' id='word_1_133' title='bbox 324 1235 419 1279; x_wconf 78' lang='grc' dir='ltr'><em>υἱὸν</em></span> <span class='ocrx_word' id='word_1_134' title='bbox 447 1239 782 1290; x_wconf 83' lang='grc' dir='ltr'><em>καταγγέλλοντα.</em></span> <span class='ocrx_word' id='word_1_135' title='bbox 810 1235 918 1292; x_wconf 78' lang='grc' dir='ltr'><em>πλὴν</em></span> <span class='ocrx_word' id='word_1_136' title='bbox 945 1236 1036 1278; x_wconf 74' lang='grc' dir='ltr'><em>οὔδ’</em></span> <span class='ocrx_word' id='word_1_137' title='bbox 1066 1235 1196 1286; x_wconf 73' lang='grc' dir='ltr'><em>οὕτως</em></span> <span class='ocrx_word' id='word_1_138' title='bbox 1219 1239 1261 1286; x_wconf 81' lang='grc' dir='ltr'>ἐς</span> <span class='ocrx_word' id='word_1_139' title='bbox 1294 1241 1439 1293; x_wconf 76' lang='grc' dir='ltr'><em>φιλίαν</em></span> <span class='ocrx_word' id='word_1_140' title='bbox 1468 1240 1618 1294; x_wconf 83' lang='grc' dir='ltr'><em>α’κραι..</em></span> 
     </span>
     <span class='ocr_line' id='line_1_18' title="bbox 171 1298 1618 1360; baseline 0.001 -14"><span class='ocrx_word' id='word_1_141' title='bbox 171 1305 258 1360; x_wconf 76' lang='grc' dir='ltr'>φνῆ</span> <span class='ocrx_word' id='word_1_142' title='bbox 301 1301 605 1358; x_wconf 77' lang='grc' dir='ltr'><em>συνηρμόζοιτο</em></span> <span class='ocrx_word' id='word_1_143' title='bbox 655 1298 684 1357; x_wconf 78' lang='grc' dir='ltr'><em>ἢ</em></span> <span class='ocrx_word' id='word_1_144' title='bbox 725 1303 828 1356; x_wconf 73' lang='grc' dir='ltr'><em>γοῦν</em></span> <span class='ocrx_word' id='word_1_145' title='bbox 859 1301 935 1350; x_wconf 76' lang='grc' dir='ltr'><em>τὰς</em></span> <span class='ocrx_word' id='word_1_146' title='bbox 962 1301 1141 1351; x_wconf 78' lang='grc' dir='ltr'><em>σπονδὰς</em></span> <span class='ocrx_word' id='word_1_147' title='bbox 1173 1299 1222 1344; x_wconf 77' lang='grc' dir='ltr'><em>οὗ</em></span> <span class='ocrx_word' id='word_1_148' title='bbox 1256 1306 1459 1357; x_wconf 76' lang='grc' dir='ltr'><em>ξυνέχεον.</em></span> <span class='ocrx_word' id='word_1_149' title='bbox 1515 1303 1618 1348; x_wconf 82' lang='grc' dir='ltr'><em>ὅθεν</em></span> 
     </span>
     <span class='ocr_line' id='line_1_19' title="bbox 171 1365 1618 1425; baseline 0.001 -15"><span class='ocrx_word' id='word_1_150' title='bbox 171 1369 194 1410; x_wconf 78' lang='grc' dir='ltr'>ὅ</span> <span class='ocrx_word' id='word_1_151' title='bbox 219 1371 297 1423; x_wconf 83' lang='grc' dir='ltr'><em>μὲν</em></span> <span class='ocrx_word' id='word_1_152' title='bbox 341 1366 447 1410; x_wconf 73' lang='grc' dir='ltr'><em>κατὰ</em></span> <span class='ocrx_word' id='word_1_153' title='bbox 477 1367 741 1424; x_wconf 83' lang='grc' dir='ltr'><em>χειμάρρουν</em></span> <span class='ocrx_word' id='word_1_154' title='bbox 772 1366 1016 1424; x_wconf 74' lang='grc' dir='ltr'><em>πληθύοντα</em></span> <span class='ocrx_word' id='word_1_155' title='bbox 1045 1365 1072 1424; x_wconf 81' lang='grc' dir='ltr'><em>ἢ</em></span> <span class='ocrx_word' id='word_1_156' title='bbox 1099 1367 1203 1411; x_wconf 75' lang='grc' dir='ltr'><em>κατὰ</em></span> <span class='ocrx_word' id='word_1_157' title='bbox 1231 1368 1364 1411; x_wconf 80' lang='grc' dir='ltr'><em>πολλά</em></span> <span class='ocrx_word' id='word_1_158' title='bbox 1393 1368 1618 1425; x_wconf 83' lang='grc' dir='ltr'><em>ἐδηδοκὸτα</em></span> 
     </span>
     <span class='ocr_line' id='line_1_20' title="bbox 172 1432 1618 1492; baseline 0.002 -16"><span class='ocrx_word' id='word_1_159' title='bbox 172 1432 374 1492; x_wconf 86' lang='grc' dir='ltr'><em>φάρμακα</em></span> <span class='ocrx_word' id='word_1_160' title='bbox 405 1432 608 1490; x_wconf 84' lang='grc' dir='ltr'><em>δράκοντα</em></span> <span class='ocrx_word' id='word_1_161' title='bbox 638 1436 862 1486; x_wconf 82' lang='grc' dir='ltr'><em>κατέκλυζέ</em></span> <span class='ocrx_word' id='word_1_162' title='bbox 882 1450 927 1477; x_wconf 91' lang='grc' dir='ltr'>τε</span> <span class='ocrx_word' id='word_1_163' title='bbox 954 1433 1027 1476; x_wconf 83' lang='grc' dir='ltr'><strong><em>καί</em></strong></span> <span class='ocrx_word' id='word_1_164' title='bbox 1054 1438 1266 1491; x_wconf 84' lang='grc' dir='ltr'><em>παρέσυρε</em></span> <span class='ocrx_word' id='word_1_165' title='bbox 1292 1434 1336 1477; x_wconf 85' lang='grc' dir='ltr'>τὸ</span> <span class='ocrx_word' id='word_1_166' title='bbox 1366 1436 1618 1491; x_wconf 80' lang='grc' dir='ltr'><em>προστυχόν,</em></span> 
     </span>
     <span class='ocr_line' id='line_1_21' title="bbox 108 1500 1616 1557; baseline -0.003 -11"><span class='ocrx_word' id='word_1_167' title='bbox 108 1520 160 1546; x_wconf 87' lang='lat'>20</span> <span class='ocrx_word' id='word_1_168' title='bbox 172 1500 244 1543; x_wconf 75' lang='grc' dir='ltr'>καὶ</span> <span class='ocrx_word' id='word_1_169' title='bbox 271 1500 406 1556; x_wconf 80' lang='grc' dir='ltr'><em>συχνά</em></span> <span class='ocrx_word' id='word_1_170' title='bbox 437 1504 518 1543; x_wconf 77' lang='grc' dir='ltr'>τῶν</span> <span class='ocrx_word' id='word_1_171' title='bbox 546 1500 764 1557; x_wconf 76' lang='grc' dir='ltr'><em>ἡμετέρων</em></span> <span class='ocrx_word' id='word_1_172' title='bbox 789 1502 1015 1555; x_wconf 77' lang='grc' dir='ltr'><em>πολιχνίων</em></span> <span class='ocrx_word' id='word_1_173' title='bbox 1043 1503 1275 1554; x_wconf 82' lang='grc' dir='ltr'><em>κατέχασκε</em></span> <span class='ocrx_word' id='word_1_174' title='bbox 1293 1534 1304 1552; x_wconf 91' lang='grc'><em>,</em></span> <span class='ocrx_word' id='word_1_175' title='bbox 1337 1500 1410 1544; x_wconf 87' lang='grc' dir='ltr'><em>τόν</em></span> <span class='ocrx_word' id='word_1_176' title='bbox 1436 1505 1510 1557; x_wconf 83' lang='grc' dir='ltr'>τῆς</span> <span class='ocrx_word' id='word_1_177' title='bbox 1541 1519 1616 1543; x_wconf 88' lang='grc' dir='ltr'><em>κα..</em></span> 
     </span>
     <span class='ocr_line' id='line_1_22' title="bbox 176 1564 1616 1623; baseline 0.001 -14"><span class='ocrx_word' id='word_1_178' title='bbox 176 1569 269 1616; x_wconf 87' lang='grc' dir='ltr'><em>κίας</em></span> <span class='ocrx_word' id='word_1_179' title='bbox 294 1565 532 1622; x_wconf 44' lang='grc' dir='ltr'><em>,α’ποπτύων</em></span> <span class='ocrx_word' id='word_1_180' title='bbox 572 1564 656 1609; x_wconf 84' lang='grc' dir='ltr'><em>ἰόν·</em></span> <span class='ocrx_word' id='word_1_181' title='bbox 734 1566 756 1608; x_wconf 80' lang='grc' dir='ltr'>ὅ</span> <span class='ocrx_word' id='word_1_182' title='bbox 794 1568 841 1608; x_wconf 77' lang='grc' dir='ltr'>δὲ</span> <span class='ocrx_word' id='word_1_183' title='bbox 879 1565 1078 1621; x_wconf 75' lang='grc' dir='ltr'><em>βασιλεῦς</em></span> <span class='ocrx_word' id='word_1_184' title='bbox 1116 1567 1432 1623; x_wconf 84' lang='grc' dir='ltr'><em>περιεφράγμου</em></span> <span class='ocrx_word' id='word_1_185' title='bbox 1467 1568 1616 1610; x_wconf 77' lang='grc' dir='ltr'><em>τούτου</em></span> 
     </span>
     <span class='ocr_line' id='line_1_23' title="bbox 178 1631 1617 1689; baseline 0 -14"><span class='ocrx_word' id='word_1_186' title='bbox 178 1631 252 1683; x_wconf 72' lang='grc' dir='ltr'>τὰς</span> <span class='ocrx_word' id='word_1_187' title='bbox 279 1631 490 1683; x_wconf 73' lang='grc' dir='ltr'><em>διεξόδους</em></span> <span class='ocrx_word' id='word_1_188' title='bbox 510 1633 581 1675; x_wconf 85' lang='grc' dir='ltr'>καί</span> <span class='ocrx_word' id='word_1_189' title='bbox 598 1634 657 1683; x_wconf 83' lang='grc' dir='ltr'>εἷς</span> <span class='ocrx_word' id='word_1_190' title='bbox 678 1633 888 1689; x_wconf 75' lang='grc' dir='ltr'><em>ἄνάρρουν</em></span> <span class='ocrx_word' id='word_1_191' title='bbox 914 1631 961 1674; x_wconf 82' lang='grc' dir='ltr'>τὸ</span> <span class='ocrx_word' id='word_1_192' title='bbox 984 1634 1124 1687; x_wconf 81' lang='grc' dir='ltr'><em>ῥεῦμα</em></span> <span class='ocrx_word' id='word_1_193' title='bbox 1143 1633 1468 1685; x_wconf 80' lang='grc' dir='ltr'><em>ὑπανεστοίβαζε</em></span> <span class='ocrx_word' id='word_1_194' title='bbox 1495 1638 1617 1688; x_wconf 81' lang='grc' dir='ltr'><em>θριγ-</em></span> 
     </span>
     <span class='ocr_line' id='line_1_24' title="bbox 172 1697 1616 1756; baseline -0.001 -15"><span class='ocrx_word' id='word_1_195' title='bbox 172 1700 246 1756; x_wconf 82' lang='grc' dir='ltr'>γίῳ</span> <span class='ocrx_word' id='word_1_196' title='bbox 277 1700 458 1755; x_wconf 80' lang='grc' dir='ltr'><em>α’ρραγεῖ</em></span> <span class='ocrx_word' id='word_1_197' title='bbox 477 1700 787 1755; x_wconf 86' lang='grc' dir='ltr'><em>στρατοπέδου,</em></span> <span class='ocrx_word' id='word_1_198' title='bbox 831 1697 860 1753; x_wconf 79' lang='grc' dir='ltr'><em>ἢ</em></span> <span class='ocrx_word' id='word_1_199' title='bbox 886 1698 987 1755; x_wconf 79' lang='grc' dir='ltr'><em>ὁλκῇ</em></span> <span class='ocrx_word' id='word_1_200' title='bbox 1007 1701 1191 1753; x_wconf 84' lang='grc' dir='ltr'><em>χρυσίου</em></span> <span class='ocrx_word' id='word_1_201' title='bbox 1220 1701 1405 1754; x_wconf 74' lang='grc' dir='ltr'><em>ἐφολκοῦ</em></span> <span class='ocrx_word' id='word_1_202' title='bbox 1431 1703 1616 1741; x_wconf 84' lang='grc' dir='ltr'><em>κατεκοί-</em></span> 
     </span>
     <span class='ocr_line' id='line_1_25' title="bbox 171 1762 1616 1822; baseline 0 -16"><span class='ocrx_word' id='word_1_203' title='bbox 171 1766 268 1817; x_wconf 86' lang='grc' dir='ltr'><em>μιζε</em></span> <span class='ocrx_word' id='word_1_204' title='bbox 295 1763 398 1821; x_wconf 82' lang='grc' dir='ltr'><em>πρὸς</em></span> <span class='ocrx_word' id='word_1_205' title='bbox 432 1763 597 1820; x_wconf 82' lang='grc' dir='ltr'><em>εἰρήνην</em></span> <span class='ocrx_word' id='word_1_206' title='bbox 636 1763 683 1806; x_wconf 86' lang='grc' dir='ltr'>τὸ</span> <span class='ocrx_word' id='word_1_207' title='bbox 709 1763 859 1806; x_wconf 80' lang='grc' dir='ltr'><em>τούτου</em></span> <span class='ocrx_word' id='word_1_208' title='bbox 884 1765 1120 1819; x_wconf 85' lang='grc' dir='ltr'><em>βλέφαρον,</em></span> <span class='ocrx_word' id='word_1_209' title='bbox 1147 1763 1220 1805; x_wconf 82' lang='grc' dir='ltr'><strong><em>καί</em></strong></span> <span class='ocrx_word' id='word_1_210' title='bbox 1244 1762 1296 1818; x_wconf 80' lang='grc' dir='ltr'><em>ἣν</em></span> <span class='ocrx_word' id='word_1_211' title='bbox 1325 1766 1428 1813; x_wconf 88' lang='grc' dir='ltr'><em>τέως</em></span> <span class='ocrx_word' id='word_1_212' title='bbox 1456 1765 1514 1815; x_wconf 80' lang='grc' dir='ltr'>εἰς</span> <span class='ocrx_word' id='word_1_213' title='bbox 1543 1769 1616 1822; x_wconf 81' lang='grc' dir='ltr'>λῃ-</span> 
     </span>
    </p>
   </div>
   <div class='ocr_carea' id='block_1_3' title="bbox 260 1875 1615 1975">
    <p class='ocr_par' dir='ltr' id='par_1_3' title="bbox 260 1875 1615 1975">
     <span class='ocr_line' id='line_1_26' title="bbox 269 1875 1615 1935; baseline -0.002 -21"><span class='ocrx_word' id='word_1_214' title='bbox 269 1884 319 1916; x_wconf 82' lang='grc'>13.</span> <span class='ocrx_word' id='word_1_215' title='bbox 345 1880 682 1928; x_wconf 75' lang='grc' dir='ltr'><em>θυροκομούμενος</em></span> <span class='ocrx_word' id='word_1_216' title='bbox 707 1881 745 1914; x_wconf 79' lang='lat' dir='ltr'>A.</span> <span class='ocrx_word' id='word_1_217' title='bbox 827 1881 879 1934; x_wconf 51' lang='lat'>14.</span> <span class='ocrx_word' id='word_1_218' title='bbox 909 1878 1146 1935; x_wconf 63' lang='grc' dir='ltr'><em>α’νελιίμβανε</em></span> <span class='ocrx_word' id='word_1_219' title='bbox 1175 1880 1214 1912; x_wconf 75' lang='grc' dir='ltr'>Α.</span> <span class='ocrx_word' id='word_1_220' title='bbox 1284 1875 1287 1878; x_wconf 58' lang='grc'><strong>”</strong></span> <span class='ocrx_word' id='word_1_221' title='bbox 1323 1883 1373 1917; x_wconf 83' lang='grc' dir='ltr'>ι8.</span> <span class='ocrx_word' id='word_1_222' title='bbox 1399 1879 1615 1924; x_wconf 68' lang='grc' dir='ltr'><em>πληθύνον-</em></span> 
     </span>
     <span class='ocr_line' id='line_1_27' title="bbox 260 1926 1257 1975; baseline -0.003 -13"><span class='ocrx_word' id='word_1_223' title='bbox 260 1941 305 1962; x_wconf 77' lang='lat' dir='ltr'>ta</span> <span class='ocrx_word' id='word_1_224' title='bbox 321 1931 356 1962; x_wconf 79' lang='lat' dir='ltr'>A.</span> <span class='ocrx_word' id='word_1_225' title='bbox 493 1938 548 1961; x_wconf 82' lang='lat'>22.</span> <span class='ocrx_word' id='word_1_226' title='bbox 573 1926 758 1975; x_wconf 78' lang='grc' dir='ltr'><em>θριγγίῳ]</em></span> <span class='ocrx_word' id='word_1_227' title='bbox 782 1935 876 1973; x_wconf 83' lang='grc' dir='ltr'><em>μετα</em></span> <span class='ocrx_word' id='word_1_228' title='bbox 902 1928 972 1960; x_wconf 79' lang='grc' dir='ltr'><em>τοῦ·</em></span> <span class='ocrx_word' id='word_1_229' title='bbox 993 1935 1192 1972; x_wconf 85' lang='grc' dir='ltr'><em>φοσσατου</em></span> <span class='ocrx_word' id='word_1_230' title='bbox 1221 1926 1257 1959; x_wconf 84' lang='grc' dir='ltr'>Β.</span> 
     </span>
    </p>
   </div>
   <div class='ocr_carea' id='block_1_4' title="bbox 168 2021 1612 2767">
    <p class='ocr_par' dir='ltr' id='par_1_4' title="bbox 168 2021 1612 2767">
     <span class='ocr_line' id='line_1_28' title="bbox 171 2021 1612 2069; baseline 0 -12"><span class='ocrx_word' id='word_1_231' title='bbox 171 2030 227 2058; x_wconf 81' lang='lat' dir='ltr'>tus</span> <span class='ocrx_word' id='word_1_232' title='bbox 251 2024 354 2057; x_wconf 87' lang='lat' dir='ltr'>illum</span> <span class='ocrx_word' id='word_1_233' title='bbox 393 2034 558 2069; x_wconf 89' lang='lat' dir='ltr'>quoque,</span> <span class='ocrx_word' id='word_1_234' title='bbox 597 2023 692 2056; x_wconf 89' lang='lat' dir='ltr'>nihil</span> <span class='ocrx_word' id='word_1_235' title='bbox 716 2021 868 2056; x_wconf 82' lang='lat' dir='ltr'>eandem</span> <span class='ocrx_word' id='word_1_236' title='bbox 906 2022 1118 2066; x_wconf 82' lang='lat' dir='ltr'>religionem</span> <span class='ocrx_word' id='word_1_237' title='bbox 1142 2023 1296 2063; x_wconf 71' lang='lat' dir='ltr'>veritus,</span> <span class='ocrx_word' id='word_1_238' title='bbox 1327 2034 1435 2067; x_wconf 82' lang='lat' dir='ltr'>regno</span> <span class='ocrx_word' id='word_1_239' title='bbox 1462 2024 1612 2068; x_wconf 77' lang='lat' dir='ltr'><strong>expulit.</strong></span> 
     </span>
     <span class='ocr_line' id='line_1_29' title="bbox 171 2069 1611 2115; baseline 0 -11"><span class='ocrx_word' id='word_1_240' title='bbox 171 2071 303 2104; x_wconf 86' lang='lat' dir='ltr'>deinde</span> <span class='ocrx_word' id='word_1_241' title='bbox 341 2071 485 2104; x_wconf 82' lang='lat' dir='ltr'>fratrem</span> <span class='ocrx_word' id='word_1_242' title='bbox 521 2081 667 2115; x_wconf 89' lang='lat' dir='ltr'>quoque</span> <span class='ocrx_word' id='word_1_243' title='bbox 691 2082 795 2103; x_wconf 89' lang='lat' dir='ltr'>suum</span> <span class='ocrx_word' id='word_1_244' title='bbox 827 2069 954 2102; x_wconf 83' lang='lat' dir='ltr'>fraude</span> <span class='ocrx_word' id='word_1_245' title='bbox 978 2070 1260 2102; x_wconf 82' lang='lat' dir='ltr'>circumventum</span> <span class='ocrx_word' id='word_1_246' title='bbox 1289 2070 1326 2102; x_wconf 91' lang='lat' dir='ltr'>in</span> <span class='ocrx_word' id='word_1_247' title='bbox 1353 2070 1503 2103; x_wconf 76' lang='lat' dir='ltr'>exilium</span> <span class='ocrx_word' id='word_1_248' title='bbox 1528 2072 1611 2115; x_wconf 86' lang='lat' dir='ltr'>egit.</span> 
     </span>
     <span class='ocr_line' id='line_1_30' title="bbox 169 2116 1612 2162; baseline 0 -11"><span class='ocrx_word' id='word_1_249' title='bbox 169 2119 293 2152; x_wconf 84' lang='lat' dir='ltr'>exules</span> <span class='ocrx_word' id='word_1_250' title='bbox 318 2128 441 2151; x_wconf 89' lang='lat' dir='ltr'>omnes</span> <span class='ocrx_word' id='word_1_251' title='bbox 466 2116 512 2150; x_wconf 83' lang='lat' dir='ltr'>ad</span> <span class='ocrx_word' id='word_1_252' title='bbox 530 2118 782 2162; x_wconf 85' lang='lat' dir='ltr'>imperatorem</span> <span class='ocrx_word' id='word_1_253' title='bbox 807 2127 844 2150; x_wconf 91' lang='lat' dir='ltr'>se</span> <span class='ocrx_word' id='word_1_254' title='bbox 874 2116 1071 2149; x_wconf 81' lang='lat' dir='ltr'><strong>contulere.</strong></span> <span class='ocrx_word' id='word_1_255' title='bbox 1098 2121 1208 2160; x_wconf 85' lang='lat' dir='ltr'>atque</span> <span class='ocrx_word' id='word_1_256' title='bbox 1235 2116 1322 2149; x_wconf 87' lang='lat' dir='ltr'>haec</span> <span class='ocrx_word' id='word_1_257' title='bbox 1348 2118 1528 2161; x_wconf 79' lang='lat' dir='ltr'>posterius</span> <span class='ocrx_word' id='word_1_258' title='bbox 1553 2129 1612 2151; x_wconf 87' lang='lat' dir='ltr'>ac-</span> 
     </span>
     <span class='ocr_line' id='line_1_31' title="bbox 169 2162 1611 2208; baseline -0.001 -10"><span class='ocrx_word' id='word_1_259' title='bbox 169 2165 344 2198; x_wconf 85' lang='lat' dir='ltr'>ciderunt.</span> <span class='ocrx_word' id='word_1_260' title='bbox 370 2165 433 2198; x_wconf 87' lang='lat' dir='ltr'>sed</span> <span class='ocrx_word' id='word_1_261' title='bbox 456 2170 532 2198; x_wconf 89' lang='lat' dir='ltr'>tum</span> <span class='ocrx_word' id='word_1_262' title='bbox 558 2169 662 2197; x_wconf 84' lang='lat' dir='ltr'>aucta</span> <span class='ocrx_word' id='word_1_263' title='bbox 704 2163 869 2208; x_wconf 81' lang='lat' dir='ltr'>potentia</span> <span class='ocrx_word' id='word_1_264' title='bbox 888 2162 1143 2196; x_wconf 83' lang='lat' dir='ltr'>verecundiam</span> <span class='ocrx_word' id='word_1_265' title='bbox 1166 2163 1393 2206; x_wconf 84' lang='lat' dir='ltr'>imperatoris</span> <span class='ocrx_word' id='word_1_266' title='bbox 1418 2163 1611 2208; x_wconf 80' lang='lat' dir='ltr'>deposuit3</span> 
     </span>
     <span class='ocr_line' id='line_1_32' title="bbox 169 2209 1611 2257; baseline 0 -13"><span class='ocrx_word' id='word_1_267' title='bbox 169 2218 207 2245; x_wconf 89' lang='lat' dir='ltr'>et</span> <span class='ocrx_word' id='word_1_268' title='bbox 229 2223 301 2257; x_wconf 89' lang='lat' dir='ltr'>qua</span> <span class='ocrx_word' id='word_1_269' title='bbox 342 2211 568 2244; x_wconf 84' lang='lat' dir='ltr'>observantia</span> <span class='ocrx_word' id='word_1_270' title='bbox 607 2222 687 2243; x_wconf 89' lang='lat' dir='ltr'>eum</span> <span class='ocrx_word' id='word_1_271' title='bbox 724 2209 946 2255; x_wconf 81' lang='lat' dir='ltr'>temporibus</span> <span class='ocrx_word' id='word_1_272' title='bbox 978 2209 1154 2242; x_wconf 81' lang='lat' dir='ltr'>adductus</span> <span class='ocrx_word' id='word_1_273' title='bbox 1179 2210 1363 2249; x_wconf 82' lang='lat' dir='ltr'>coluerat,</span> <span class='ocrx_word' id='word_1_274' title='bbox 1390 2210 1542 2244; x_wconf 86' lang='lat' dir='ltr'>eandem</span> <span class='ocrx_word' id='word_1_275' title='bbox 1565 2211 1611 2244; x_wconf 84' lang='lat' dir='ltr'>ab</span> 
     </span>
     <span class='ocr_line' id='line_1_33' title="bbox 168 2256 1611 2303; baseline 0 -12"><span class='ocrx_word' id='word_1_276' title='bbox 168 2259 385 2303; x_wconf 81' lang='lat' dir='ltr'>imperatore</span> <span class='ocrx_word' id='word_1_277' title='bbox 408 2258 640 2303; x_wconf 85' lang='lat' dir='ltr'>postulabat,</span> <span class='ocrx_word' id='word_1_278' title='bbox 683 2257 1004 2300; x_wconf 69' lang='lat' dir='ltr'>barbarica,plane</span> <span class='ocrx_word' id='word_1_279' title='bbox 1029 2256 1282 2288; x_wconf 66' lang='lat' dir='ltr'>inconstantia.</span> <span class='ocrx_word' id='word_1_280' title='bbox 1313 2267 1396 2288; x_wconf 88' lang='lat' dir='ltr'>nam</span> <span class='ocrx_word' id='word_1_281' title='bbox 1418 2262 1460 2290; x_wconf 89' lang='lat' dir='ltr'>ut</span> <span class='ocrx_word' id='word_1_282' title='bbox 1486 2268 1611 2291; x_wconf 87' lang='lat' dir='ltr'>neces-</span> 
     </span>
     <span class='ocr_line' id='line_1_34' title="bbox 169 2301 1611 2349; baseline -0.001 -11"><span class='ocrx_word' id='word_1_283' title='bbox 169 2306 276 2338; x_wconf 83' lang='lat' dir='ltr'>sitate</span> <span class='ocrx_word' id='word_1_284' title='bbox 299 2311 448 2349; x_wconf 82' lang='lat' dir='ltr'>urgente</span> <span class='ocrx_word' id='word_1_285' title='bbox 480 2305 575 2338; x_wconf 89' lang='lat' dir='ltr'>ultra</span> <span class='ocrx_word' id='word_1_286' title='bbox 600 2303 768 2337; x_wconf 87' lang='lat' dir='ltr'>decorum</span> <span class='ocrx_word' id='word_1_287' title='bbox 806 2314 844 2336; x_wconf 89' lang='lat' dir='ltr'>se</span> <span class='ocrx_word' id='word_1_288' title='bbox 870 2302 1084 2343; x_wconf 77' lang='lat' dir='ltr'>demiserat,</span> <span class='ocrx_word' id='word_1_289' title='bbox 1112 2302 1164 2335; x_wconf 87' lang='lat' dir='ltr'>ita</span> <span class='ocrx_word' id='word_1_290' title='bbox 1186 2301 1293 2334; x_wconf 82' lang='lat' dir='ltr'>rebus</span> <span class='ocrx_word' id='word_1_291' title='bbox 1320 2303 1487 2336; x_wconf 86' lang='lat' dir='ltr'>secundis</span> <span class='ocrx_word' id='word_1_292' title='bbox 1511 2305 1611 2337; x_wconf 85' lang='lat' dir='ltr'>inso-</span> 
     </span>
     <span class='ocr_line' id='line_1_35' title="bbox 169 2349 1611 2395; baseline 0 -11"><span class='ocrx_word' id='word_1_293' title='bbox 169 2351 349 2392; x_wconf 87' lang='lat' dir='ltr'>lescebat,</span> <span class='ocrx_word' id='word_1_294' title='bbox 380 2352 499 2384; x_wconf 87' lang='lat' dir='ltr'>animo</span> <span class='ocrx_word' id='word_1_295' title='bbox 538 2362 609 2384; x_wconf 88' lang='lat' dir='ltr'>una</span> <span class='ocrx_word' id='word_1_296' title='bbox 634 2362 715 2384; x_wconf 89' lang='lat' dir='ltr'>cum</span> <span class='ocrx_word' id='word_1_297' title='bbox 737 2350 883 2383; x_wconf 86' lang='lat' dir='ltr'>fortuna</span> <span class='ocrx_word' id='word_1_298' title='bbox 906 2354 1055 2383; x_wconf 87' lang='lat' dir='ltr'>mutato.</span> <span class='ocrx_word' id='word_1_299' title='bbox 1083 2354 1206 2381; x_wconf 85' lang='lat' dir='ltr'>tamen</span> <span class='ocrx_word' id='word_1_300' title='bbox 1229 2349 1426 2394; x_wconf 86' lang='lat' dir='ltr'>aliquando</span> <span class='ocrx_word' id='word_1_301' title='bbox 1453 2351 1611 2395; x_wconf 57' lang='lat' dir='ltr'>imperass</span> 
     </span>
     <span class='ocr_line' id='line_1_36' title="bbox 169 2396 1608 2442; baseline 0 -11"><span class='ocrx_word' id='word_1_302' title='bbox 169 2403 284 2431; x_wconf 83' lang='lat' dir='ltr'>torem</span> <span class='ocrx_word' id='word_1_303' title='bbox 300 2399 555 2439; x_wconf 82' lang='lat' dir='ltr'>venerabatur3</span> <span class='ocrx_word' id='word_1_304' title='bbox 583 2402 620 2430; x_wconf 84' lang='lat' dir='ltr'>et</span> <span class='ocrx_word' id='word_1_305' title='bbox 636 2408 715 2430; x_wconf 91' lang='lat' dir='ltr'>cum</span> <span class='ocrx_word' id='word_1_306' title='bbox 735 2396 895 2430; x_wconf 89' lang='lat' dir='ltr'>belluam</span> <span class='ocrx_word' id='word_1_307' title='bbox 918 2397 1040 2441; x_wconf 85' lang='lat' dir='ltr'>potius</span> <span class='ocrx_word' id='word_1_308' title='bbox 1064 2401 1186 2439; x_wconf 81' lang='lat' dir='ltr'>ageret</span> <span class='ocrx_word' id='word_1_309' title='bbox 1201 2406 1308 2440; x_wconf 88' lang='lat' dir='ltr'>quam</span> <span class='ocrx_word' id='word_1_310' title='bbox 1335 2396 1471 2438; x_wconf 85' lang='lat' dir='ltr'>filium,</span> <span class='ocrx_word' id='word_1_311' title='bbox 1496 2399 1608 2442; x_wconf 82' lang='lat' dir='ltr'>patris</span> 
     </span>
     <span class='ocr_line' id='line_1_37' title="bbox 170 2442 1608 2488; baseline 0 -11"><span class='ocrx_word' id='word_1_312' title='bbox 170 2444 225 2477; x_wconf 89' lang='lat' dir='ltr'>illi</span> <span class='ocrx_word' id='word_1_313' title='bbox 243 2444 418 2478; x_wconf 84' lang='lat' dir='ltr'>honorem</span> <span class='ocrx_word' id='word_1_314' title='bbox 433 2443 617 2478; x_wconf 85' lang='lat' dir='ltr'>tribuebat</span> <span class='ocrx_word' id='word_1_315' title='bbox 634 2449 670 2477; x_wconf 87' lang='lat' dir='ltr'>et</span> <span class='ocrx_word' id='word_1_316' title='bbox 688 2444 755 2476; x_wconf 84' lang='lat' dir='ltr'>filii</span> <span class='ocrx_word' id='word_1_317' title='bbox 774 2442 935 2488; x_wconf 86' lang='lat' dir='ltr'>adoptivi</span> <span class='ocrx_word' id='word_1_318' title='bbox 950 2448 1224 2487; x_wconf 80' lang='lat' dir='ltr'>cognomentum</span> <span class='ocrx_word' id='word_1_319' title='bbox 1244 2442 1394 2476; x_wconf 87' lang='lat' dir='ltr'>serebat.</span> <span class='ocrx_word' id='word_1_320' title='bbox 1415 2443 1452 2477; x_wconf 86' lang='lat' dir='ltr'>in</span> <span class='ocrx_word' id='word_1_321' title='bbox 1477 2444 1608 2477; x_wconf 79' lang='lat' dir='ltr'>litteris</span> 
     </span>
     <span class='ocr_line' id='line_1_38' title="bbox 171 2488 1608 2536; baseline 0 -12"><span class='ocrx_word' id='word_1_322' title='bbox 171 2491 316 2535; x_wconf 88' lang='lat' dir='ltr'>quidem</span> <span class='ocrx_word' id='word_1_323' title='bbox 329 2498 432 2536; x_wconf 87' lang='lat' dir='ltr'>pater</span> <span class='ocrx_word' id='word_1_324' title='bbox 445 2488 641 2536; x_wconf 71' lang='lat' dir='ltr'>imperator</span> <span class='ocrx_word' id='word_1_325' title='bbox 653 2516 662 2531; x_wconf 94' lang='lat'>,</span> <span class='ocrx_word' id='word_1_326' title='bbox 688 2495 724 2523; x_wconf 89' lang='lat' dir='ltr'>et</span> <span class='ocrx_word' id='word_1_327' title='bbox 740 2490 910 2523; x_wconf 87' lang='lat' dir='ltr'>Sultanus</span> <span class='ocrx_word' id='word_1_328' title='bbox 927 2489 1023 2522; x_wconf 84' lang='lat' dir='ltr'>filius</span> <span class='ocrx_word' id='word_1_329' title='bbox 1037 2489 1298 2522; x_wconf 85' lang='lat' dir='ltr'>scribebantur.</span> <span class='ocrx_word' id='word_1_330' title='bbox 1322 2501 1390 2523; x_wconf 89' lang='lat' dir='ltr'>nec</span> <span class='ocrx_word' id='word_1_331' title='bbox 1403 2496 1524 2524; x_wconf 88' lang='lat' dir='ltr'>tamen</span> <span class='ocrx_word' id='word_1_332' title='bbox 1540 2491 1608 2524; x_wconf 87' lang='lat' dir='ltr'>hae</span> 
     </span>
     <span class='ocr_line' id='line_1_39' title="bbox 171 2535 1609 2582; baseline 0 -12"><span class='ocrx_word' id='word_1_333' title='bbox 171 2538 433 2582; x_wconf 82' lang='lat' dir='ltr'>appellationes</span> <span class='ocrx_word' id='word_1_334' title='bbox 454 2539 628 2571; x_wconf 83' lang='lat' dir='ltr'>sinceram</span> <span class='ocrx_word' id='word_1_335' title='bbox 648 2537 743 2570; x_wconf 85' lang='lat' dir='ltr'>inter</span> <span class='ocrx_word' id='word_1_336' title='bbox 770 2547 829 2570; x_wconf 89' lang='lat' dir='ltr'>eos</span> <span class='ocrx_word' id='word_1_337' title='bbox 854 2536 1048 2569; x_wconf 83' lang='lat' dir='ltr'>amicitiam</span> <span class='ocrx_word' id='word_1_338' title='bbox 1066 2535 1311 2569; x_wconf 86' lang='lat' dir='ltr'>conciliabant</span> <span class='ocrx_word' id='word_1_339' title='bbox 1334 2542 1398 2569; x_wconf 82' lang='lat' dir='ltr'>aut</span> <span class='ocrx_word' id='word_1_340' title='bbox 1432 2545 1535 2581; x_wconf 77' lang='lat' dir='ltr'>pacta</span> <span class='ocrx_word' id='word_1_341' title='bbox 1572 2544 1609 2570; x_wconf 87' lang='lat' dir='ltr'>et</span> 
     </span>
     <span class='ocr_line' id='line_1_40' title="bbox 171 2581 1608 2618; baseline 0.001 -3"><span class='ocrx_word' id='word_1_342' title='bbox 171 2590 344 2617; x_wconf 78' lang='lat' dir='ltr'>conventa</span> <span class='ocrx_word' id='word_1_343' title='bbox 366 2584 611 2618; x_wconf 83' lang='lat' dir='ltr'>stablliebant.</span> <span class='ocrx_word' id='word_1_344' title='bbox 632 2595 714 2617; x_wconf 90' lang='lat' dir='ltr'>nam</span> <span class='ocrx_word' id='word_1_345' title='bbox 738 2583 802 2616; x_wconf 84' lang='lat' dir='ltr'>ille</span> <span class='ocrx_word' id='word_1_346' title='bbox 827 2583 939 2617; x_wconf 87' lang='lat' dir='ltr'>instar</span> <span class='ocrx_word' id='word_1_347' title='bbox 963 2581 1179 2615; x_wconf 81' lang='lat' dir='ltr'>exundantis</span> <span class='ocrx_word' id='word_1_348' title='bbox 1200 2583 1370 2615; x_wconf 87' lang='lat' dir='ltr'>torrentis</span> <span class='ocrx_word' id='word_1_349' title='bbox 1397 2589 1460 2616; x_wconf 85' lang='lat' dir='ltr'>aut</span> <span class='ocrx_word' id='word_1_350' title='bbox 1483 2583 1608 2616; x_wconf 80' lang='lat' dir='ltr'>draco-</span> 
     </span>
     <span class='ocr_line' id='line_1_41' title="bbox 171 2629 1607 2676; baseline 0 -14"><span class='ocrx_word' id='word_1_351' title='bbox 171 2629 227 2662; x_wconf 87' lang='lat' dir='ltr'>nis</span> <span class='ocrx_word' id='word_1_352' title='bbox 250 2641 387 2664; x_wconf 75' lang='lat' dir='ltr'>veneno</span> <span class='ocrx_word' id='word_1_353' title='bbox 410 2632 605 2676; x_wconf 81' lang='lat' dir='ltr'>turgentis,</span> <span class='ocrx_word' id='word_1_354' title='bbox 641 2630 747 2663; x_wconf 88' lang='lat' dir='ltr'>obvia</span> <span class='ocrx_word' id='word_1_355' title='bbox 783 2640 949 2675; x_wconf 82' lang='lat' dir='ltr'>quaeque</span> <span class='ocrx_word' id='word_1_356' title='bbox 985 2629 1171 2662; x_wconf 76' lang='lat' dir='ltr'>inficiebat</span> <span class='ocrx_word' id='word_1_357' title='bbox 1195 2634 1231 2662; x_wconf 86' lang='lat' dir='ltr'>et</span> <span class='ocrx_word' id='word_1_358' title='bbox 1258 2629 1476 2674; x_wconf 79' lang='lat' dir='ltr'>abripiebat,</span> <span class='ocrx_word' id='word_1_359' title='bbox 1514 2631 1607 2662; x_wconf 86' lang='lat' dir='ltr'>mul-</span> 
     </span>
     <span class='ocr_line' id='line_1_42' title="bbox 171 2676 1603 2723; baseline 0.001 -15"><span class='ocrx_word' id='word_1_360' title='bbox 171 2681 281 2720; x_wconf 87' lang='lat' dir='ltr'>taque</span> <span class='ocrx_word' id='word_1_361' title='bbox 318 2682 439 2710; x_wconf 82' lang='lat' dir='ltr'>nostra</span> <span class='ocrx_word' id='word_1_362' title='bbox 473 2677 607 2723; x_wconf 83' lang='lat' dir='ltr'>oppida</span> <span class='ocrx_word' id='word_1_363' title='bbox 643 2676 861 2717; x_wconf 84' lang='lat' dir='ltr'>devorabat,</span> <span class='ocrx_word' id='word_1_364' title='bbox 894 2676 1137 2721; x_wconf 86' lang='lat' dir='ltr'>improbitatis</span> <span class='ocrx_word' id='word_1_365' title='bbox 1171 2687 1256 2717; x_wconf 84' lang='lat' dir='ltr'>suae</span> <span class='ocrx_word' id='word_1_366' title='bbox 1283 2677 1378 2709; x_wconf 79' lang='lat' dir='ltr'>virus</span> <span class='ocrx_word' id='word_1_367' title='bbox 1404 2677 1603 2721; x_wconf 79' lang='lat' dir='ltr'>expuendo.</span> 
     </span>
     <span class='ocr_line' id='line_1_43' title="bbox 173 2722 1605 2767; baseline 0.001 -12"><span class='ocrx_word' id='word_1_368' title='bbox 173 2723 367 2767; x_wconf 84' lang='lat' dir='ltr'>imperator</span> <span class='ocrx_word' id='word_1_369' title='bbox 388 2734 471 2757; x_wconf 87' lang='lat' dir='ltr'>vero</span> <span class='ocrx_word' id='word_1_370' title='bbox 494 2725 569 2758; x_wconf 80' lang='lat' dir='ltr'>vias</span> <span class='ocrx_word' id='word_1_371' title='bbox 594 2724 653 2760; x_wconf 83' lang='lat' dir='ltr'>illi</span> <span class='ocrx_word' id='word_1_372' title='bbox 677 2724 764 2758; x_wconf 78' lang='lat' dir='ltr'>alias</span> <span class='ocrx_word' id='word_1_373' title='bbox 790 2724 933 2758; x_wconf 81' lang='lat' dir='ltr'>invictis</span> <span class='ocrx_word' id='word_1_374' title='bbox 959 2722 1188 2765; x_wconf 77' lang='lat' dir='ltr'>exercitibus,</span> <span class='ocrx_word' id='word_1_375' title='bbox 1213 2723 1303 2755; x_wconf 76' lang='lat' dir='ltr'>alias</span> <span class='ocrx_word' id='word_1_376' title='bbox 1328 2734 1414 2756; x_wconf 87' lang='lat' dir='ltr'>auro</span> <span class='ocrx_word' id='word_1_377' title='bbox 1440 2723 1605 2757; x_wconf 77' lang='lat' dir='ltr'>obstrue-</span> 
     </span>
    </p>
   </div>
   <div class='ocr_carea' id='block_1_5' title="bbox 247 2794 1352 2831">
    <p class='ocr_par' dir='ltr' id='par_1_5' title="bbox 247 2794 1352 2831">
     <span class='ocr_line' id='line_1_44' title="bbox 247 2794 1352 2831; baseline -0.008 0"><span class='ocrx_word' id='word_1_378' title='bbox 247 2796 392 2831; x_wconf 75' lang='lat' dir='ltr'>Nicetas</span> <span class='ocrx_word' id='word_1_379' title='bbox 419 2794 627 2829; x_wconf 72' lang='lat' dir='ltr'>choniates.</span> <span class='ocrx_word' id='word_1_380' title='bbox 1317 2801 1352 2822; x_wconf 84' lang='lat'>11</span> 
     </span>
    </p>
   </div>
  </div>
 </body>
</html>
