1838 3210
407 196 478 236 DE
515 193 771 236 MANUELE
814 191 1074 235 COMNENO
1111 194 1210 233 Llss.
1229 194 1304 233 111.
1471 173 1572 250 ¹57

145 312 274 353 ρυγας
302 299 361 348 εἷς
391 296 550 352 κίνησιν
569 295 756 350 πτήσεως
781 292 1069 347 ὑπεστείλατο,
1102 291 1149 334 τὸ
1177 293 1338 346 πνεῦμα
1365 309 1576 348 μεταπεμ-

144 362 333 417 πόμενος.
407 359 502 404 ἐπεὶ
546 364 593 404 δέ
617 375 715 403 ποτε
741 358 875 415 φορὸν
897 365 1095 414 παρεῖναι
1122 361 1194 401 καί
1219 355 1360 414 οῧριον
1386 361 1575 413 δέδοκτο,

144 429 453 472 διατινάσσεται
495 428 648 482 πτηνοῦ
692 425 809 480 δίκην
825 457 837 477 ,
876 424 1120 479 ἆεροβατεῖν
1155 425 1328 480 οἰηθείς.
1394 427 1484 469 ἀλλ’
1525 422 1577 481 ἦν

144 496 451 551 ούρανοδρόμος
470 491 633 549 Ἰκάρου
661 490 945 544 ἐλεεινότερος.
1015 492 1086 535 καὶ
1114 489 1173 541 ὥς
1202 493 1325 545 σῶμα
1356 496 1576 549 κεντροβα-

103 562 214 615 5ρὲς
249 557 544 615 χαμαιριφής,
582 557 663 611 οὐχ
700 556 758 606 ὥς
798 558 956 612 κοῦφος
997 555 1244 610 ἱπτάμενος,
1280 559 1354 600 καί
1387 561 1504 608 τέλος
1529 561 1578 601 δὲ

142 625 597 679 καταπεσώνδιέρρηξε
625 621 701 678 τὴν
727 620 895 678 ψυχήν,
936 624 1295 678 γαστροκνημῖδας
1335 625 1407 666 καί
1431 629 1579 680 χεῖρας

140 693 213 733 καί
239 686 319 732 ὅσα
348 691 425 731 τοῦ
451 688 646 742 σώματος
675 685 836 742 ὀστώδη
865 689 1123 743 διαθρυβείς.
1178 683 1232 743 ἦν
1248 687 1388 731 τοίνυν
1411 687 1435 730 ὅ
1459 692 1579 733 ἐκπε-

138 754 299 808 τασμὸς
340 748 456 804 οὗτος
498 756 559 803 εἰς
584 753 750 807 μωκίαν
774 751 847 795 καί
870 755 1030 807 γέλωτα
1054 744 1137 795 τῶν
1162 752 1271 806 μετὰ
1299 757 1378 795 τοῦ
1402 754 1579 797 σουλτά-

136 836 210 863 νου
244 819 440 875 Τούρκων
467 824 552 868 τοῖς
579 819 876 868 α’στυπολι’ταις
913 818 1284 875 διαθρυλούμενος,
1312 819 1402 861 οὔδ’
1433 814 1485 876 ἦν
1511 823 1577 863 ἐπ’

79 905 126 931 ιο
138 887 292 943 α’γορᾶς
328 884 687 939 ἅκαταγελάστους
725 882 881 934 αύτούς
919 885 1144 940 παριέναι,
1173 887 1256 927 τῶν
1280 886 1577 942 α’ργυροκόπων

138 948 347 1009 ἆγοραίων
361 951 413 995 τὰ
431 953 514 994 τῶν
533 953 751 1007 τραπεζῶν
772 948 1097 1007 διαψοφούντων
1119 948 1301 1006 σιδήρια.
1331 951 1389 1001 ὥς
1406 954 1448 994 δ’
1471 951 1633 1006 dvm-<K
1645 956 1688 988 63

134 1021 269 1072 τίζετο
296 1020 432 1062 ταῦτα
465 1018 487 1060 ὅ
518 1015 738 1072 βασιλεύς,
786 1018 963 1071 διεχεῖτο
990 1017 1068 1069 μὲν
1091 1014 1150 1065 ὥς
1178 1016 1308 1070 εἰκός,
1336 1016 1384 1059 τὸ
1414 1017 1575 1070 στωμύ-
1588 1022 1622 1056 Ρ.
1639 1035 1684 1068 79

138 1090 211 1128 λον
238 1087 312 1128 καί
343 1089 623 1142 φιλοπαῖγμον
659 1084 744 1126 τῶν
769 1084 843 1126 ἐπὶ
863 1083 947 1125 τῶν
983 1082 1164 1137 τριόδων
1193 1080 1336 1136 εἰδώς,
1364 1084 1575 1141 σουλτάνῳ

138 1151 186 1192 δὲ
222 1151 498 1207 χαριζόμενος
526 1147 649 1206 (κατὰ
677 1147 820 1203 βραχύ
867 1145 946 1203 γάρ
975 1146 1053 1202 τὴν
1081 1149 1155 1189 τοῦ
1182 1147 1403 1202 βαρβάρου
1430 1147 1577 1204 ψυχήν

80 1212 472 1272 ιὸὕπεισερχόμενα
510 1213 656 1258 ἔδακνε
695 1214 749 1257 τά
777 1213 1159 1269 βωμολοχεύματα)
1189 1211 1406 1256 ἐπλάττετο
1431 1213 1505 1257 τὸν
1528 1212 1573 1257 τὸ

136 1283 302 1324 ἐκείνων
331 1281 684 1337 ἔλευθερόστομον
713 1280 1032 1337 α’ναστέλλοντα.

246 1350 288 1394 6.
343 1346 470 1391 Μετὰ
500 1349 546 1389 δὲ
574 1344 652 1402 τήν
681 1345 929 1401 άξιάγαστον
957 1343 1270 1401 φιλοφροσύνην
1299 1346 1415 1400 δῶρα
1443 1344 1574 1386 πολλὰ

136 1416 209 1458 καί
235 1412 406 1470 λαμπρὰ
453 1415 498 1456 ἐκ
524 1414 606 1455 τῶν
642 1413 870 1467 βασιλικῶν
908 1408 1141 1466 χρυσώνων
1167 1409 1189 1452 ὃ
1215 1411 1442 1460 σουλτιὶνος
1468 1409 1578 1452 άπα-

137 1479 392 1537 ρυσάμενος,
441 1482 512 1536 ἐφ’
553 1474 617 1527 οἷς
658 1479 732 1520 καί
772 1476 982 1530 ἔκθαμβος
1009 1478 1220 1532 ἐγεγένητο
1249 1475 1323 1518 καί
1351 1475 1577 1531 διαπορού-

75 1561 125 1588 20
135 1563 258 1601 μενος
284 1543 336 1601 ἦν
366 1548 407 1589 εἰ
440 1545 513 1588 καί
533 1543 686 1600 ἑτέρων
729 1540 939 1586 τοσούτων
965 1540 1012 1585 τὸ
1042 1544 1203 1597 πλῆθος
1225 1543 1300 1584 καί
1323 1540 1577 1597 τηλικούτων

136 1613 183 1657 τό
210 1615 389 1669 μέγεθος
419 1613 595 1667 εύπορεῖ
616 1611 838 1664 βασιλεύς,
873 1606 1038 1664 χαίρων
1067 1609 1336 1659 ἐπανέζευξεν
1360 1607 1579 1664 ἔμφορτος.

138 1678 160 1721 ὅ
190 1679 268 1735 γὰρ
297 1676 569 1734 αὐτοκράτωρ
608 1674 732 1725 εἰδώς
762 1678 841 1728 μὲν
871 1671 938 1716 ὅτι
965 1673 1181 1729 βάρβαρος
1210 1671 1321 1723 ἅπας
1351 1674 1580 1728 λημμάτων

137 1741 311 1802 ἥττηται
329 1779 342 1799 ,
371 1742 708 1799 λαμπρυνόμενος
738 1742 784 1783 δὲ
807 1737 988 1794 μάλιστα
1013 1738 1087 1780 καί
1119 1740 1317 1793 ἐκπλῆξαι
1345 1741 1480 1781 θέλων
1508 1738 1580 1782 τὸν

240 1857 292 1882 ιο.
317 1847 392 1880 τῶν
405 1844 504 1890 ἄργ]
526 1845 588 1878 καὶ
610 1843 811 1887 κρούοντες
826 1833 894 1877 τὰς
906 1841 1032 1886 λίτρας
1056 1838 1181 1875 αὐτῶν
1195 1839 1233 1874 οἳ
1247 1839 1493 1873 nuendum
1516 1841 1581 1874 ἐπὶ

230 1891 300 1930 τὰς
324 1894 508 1937 τραπέξας
534 1892 762 1926 κτυποῦντες
776 1887 1012 1935 ἐκραύγαζον
1034 1888 1201 1921 πέτασον
1225 1888 1392 1923 πέτασον
1417 1887 1454 1919 Β.
1529 1887 1578 1920 ι3.

229 1938 319 1987 τῶν]
350 1932 411 1974 τὸ.
422 1939 461 1973 Α.
536 1948 590 1970 22.
618 1936 822 1984 λημμάτων
848 1933 936 1982 '‘fn-l
955 1931 1148 1980 λείξουρός
1172 1933 1252 1967 ἐστι
1274 1933 1311 1965 B.

137 2016 303 2050 manibus
329 2024 436 2059 saepe
459 2013 596 2047 alarum
619 2012 734 2046 instar
756 2011 803 2044 ad
828 2010 987 2044 volatum
1012 2008 1178 2054 expansis
1207 2012 1243 2040 et
1269 2006 1410 2040 libratis
1435 2010 1475 2039 ut
1499 2006 1579 2050 plus

137 2064 235 2099 venti
268 2061 477 2106 colligeret,
521 2071 599 2093 cum
633 2060 662 2092 is
683 2058 830 2092 tandem
862 2062 967 2102 aptus
992 2061 1029 2089 et
1054 2053 1231 2088 secundus
1258 2053 1416 2098 aspirare
1439 2052 1579 2085 videre-

138 2116 219 2152 tur,
245 2110 359 2143 instar
381 2108 536 2141 volucris
562 2117 638 2140 sese
667 2106 797 2151 agitat,
832 2110 869 2139 et
891 2104 978 2138 dum
1001 2113 1067 2148 per
1090 2112 1208 2136 aerem
1235 2100 1404 2133 incedere
1428 2099 1579 2140 nititur,

138 2159 237 2191 Icaro
262 2155 505 2191 miserabilius
534 2154 696 2187 incaelo
718 2153 858 2186 volitat.
885 2160 1004 2196 neque
1029 2149 1125 2183 enim
1151 2147 1310 2193 corporis
1336 2147 1488 2191 gravitas
1511 2145 1579 2179 hu-

138 2216 234 2238 mum
259 2202 442 2237 tendentis
467 2202 540 2235 alta
567 2213 648 2235 eum
682 2206 807 2234 tenere
828 2198 993 2238 sinebat,
1016 2196 1132 2229 donec
1155 2199 1355 2240 prostratus
1380 2193 1578 2238 expiravit,

137 2251 304 2286 manibus
334 2249 490 2295 pedibus
533 2253 571 2282 et
595 2247 763 2281 omnibus
791 2246 932 2279 ossibus
955 2243 1158 2277 confractis.
1184 2242 1214 2275 is
1235 2241 1376 2275 volatus
1401 2251 1481 2273 cum
1506 2240 1579 2273 risu

139 2304 176 2332 et
198 2298 321 2332 derisu
345 2297 544 2330 Turcorum
571 2294 713 2328 Sultani
747 2293 917 2327 comitum
942 2291 1042 2335 vulgi
1066 2289 1190 2323 fabula
1216 2293 1314 2328 erat,
1339 2286 1429 2320 adeo
1457 2291 1498 2319 ut
1523 2287 1580 2319 so-

139 2357 216 2378 rum
242 2344 395 2379 transire
419 2342 570 2376 inderisi
593 2353 668 2375 non
685 2346 854 2386 possent,
880 2339 991 2372 fabris
1015 2335 1224 2381 argentariis
1249 2335 1465 2367 ferramenta
1479 2344 1580 2366 men-

138 2403 256 2426 sarum
269 2389 570 2426 concutientibus.
584 2399 656 2434 quo
670 2388 865 2433 imperator
878 2386 1003 2420 audito
1022 2384 1166 2417 ridebat
1180 2382 1330 2422 scilicet,
1346 2392 1419 2414 non
1436 2380 1579 2425 ignarus

139 2439 298 2472 iocorum
332 2443 370 2471 et
409 2437 540 2471 salium
572 2436 703 2470 turbae
740 2434 916 2468 trivialis:
958 2431 1083 2466 sedin
1106 2429 1249 2464 Sultani
1274 2428 1444 2473 gratiam,
1471 2438 1579 2472 quem

140 2485 209 2518 ista
230 2485 390 2564 lbldibria
420 2484 597 2530 paulatim
632 2481 872 2522 mordebant,
901 2491 939 2514 se
965 2480 1111 2512 illorum
1134 2476 1318 2511 licentiam
1341 2484 1505 2508 coercere
1530 2474 1580 2506 si-

140 2532 238 2565 mula
266 2537 313 2567 at.

128 2608 134 2613 .
230 2581 264 2613 6.
311 2579 500 2612 Enimvero
521 2576 779 2611 Clizasthlanes
804 2579 887 2620 post
913 2572 1116 2607 mirabilem
1141 2570 1403 2614 benignitatem
1419 2572 1466 2600 et
1488 2566 1580 2599 mul-

141 2630 180 2658 ta
204 2625 466 2671 splendidaque
498 2635 647 2658 munera
672 2635 716 2657 ex
752 2621 994 2667 imperatoriis
1019 2619 1198 2654 thesauris
1222 2616 1395 2650 exhausta
1410 2640 1419 2655 ‚
1447 2612 1581 2658 quibus

143 2671 414 2717 obstupefactus
438 2671 631 2705 dubitabat
653 2676 774 2704 utrum
792 2667 1017 2703 tantumdem
1043 2666 1115 2700 sibi
1138 2664 1271 2709 reliqui
1297 2662 1441 2696 fecisset
1466 2660 1582 2703 impe-

146 2723 258 2759 rator,
277 2718 406 2755 ⁴laetus
438 2723 549 2763 atque
574 2717 703 2762 opibus
739 2721 890 2750 onustus
917 2714 1064 2748 domum
1088 2711 1288 2746 revertitur,
1312 2706 1459 2742 Manuel
1485 2706 1580 2738 enim

145 2776 226 2798 cum
266 2765 372 2799 sciret
409 2765 571 2810 quemvis
595 2764 789 2798 barbarum
813 2773 957 2800 avarum
982 2770 1078 2802 esse,
1106 2763 1143 2793 et
1166 2759 1405 2792 Romanorum
1429 2752 1581 2798 opulen-
