1838 3210
257 187 366 252 284
689 198 917 241 memma
955 197 1267 243 cnomA'rAss

249 301 402 356 ἤθελον
429 299 500 342 καὶ
522 300 652 342 ταῦτα
683 298 952 353 ὀβελισθῆναι
976 297 1048 340 καί
1074 300 1196 354 ἕτερα
1235 300 1452 355 ἐντεθῆναι
1478 302 1536 361 τῷ
1564 302 1679 361 ὀρθῷ

251 366 354 408 κατὰ
383 367 514 420 μηδέν
541 381 581 405 τι
607 364 919 418 προσιστάμενα
955 364 1148 417 δόγματι.
1210 361 1263 419 ἦν
1290 361 1364 407 οὖν
1393 361 1524 416 αὖθις
1549 379 1677 422 παρο-

251 430 467 482 ξυνόμενος
495 428 516 470 ὃ
544 429 710 483 κρατῶν
738 431 810 470 καί
836 428 894 476 ὥς
912 430 1204 483 α’νοηταίνουσι
1219 433 1417 486 καθαρῶς
1446 432 1678 486 ἔπεγκαλῶν

250 494 297 536 τὸ
326 497 397 548 τῆς
421 493 585 549 γνώμης
606 489 793 535 ἄστατον
832 496 905 535 καί
931 493 1224 549 ἀγχίστροφον.
1281 494 1363 548 ὀψὲ
1390 497 1436 537 δὲ
1461 497 1531 538 καί
1557 494 1678 550 μόλις

249 560 532 613 συνήλθοσαν,
581 558 650 601 ἴνα
678 558 724 600 τό
752 560 829 612 μὲν
862 557 1056 612 ἀνάθεμα
1083 562 1140 616 τῷ
1164 562 1250 617 θεῷ
1274 562 1348 602 τοῦ
1378 563 1573 614 Μωάμετ
1599 565 1714 607 τῶνό

249 626 531 679 κατηχητικῶν
566 626 741 678 βιβλίων
783 624 1052 681 ἆπαλειφθῇ,
1096 625 1285 682 ἐγγραφῇ
1325 627 1371 668 δὲ
1404 625 1596 679 ἀνάθεμα
1622 630 1682 685 τῷ

248 688 440 742 Μωιὲμετ
467 692 540 731 καί
564 687 678 747 πάσῃ
706 692 760 746 τῇ
803 689 937 731 αὐτοῦ
966 691 1117 746 διδαχῇ
1142 690 1216 732 καί
1241 692 1433 747 διαδοχῇ.
1490 691 1564 733 καί
1584 695 1681 734 τοῦ-

247 770 292 796 το
320 756 642 809 δογματιὶταντες
669 757 742 796 καί
761 753 1018 811 κυρώσαντες
1038 758 1117 797 τῶν
1136 758 1296 798 πολλῶν
1312 756 1476 798 ἑκεινων
1495 756 1680 800 συνόδων

248 822 318 861 καί
346 819 558 874 συλλόγων
589 819 748 874 ἔληξαν.

357 903 397 942 7.
449 884 577 928 ’Λλλοὶ
605 885 686 941 γὰρ
730 882 812 940 οὔχ
840 883 1134 940 ὖπερβήσομαί
1154 903 1192 928 τι
1220 888 1293 929 καί
1319 882 1417 929 ἄλλο
1444 890 1524 930 τῶν
1550 887 1677 939 α’ξίων
1696 905 1741 931 ιο

249 952 469 1005 εἴρῆσθαι,
498 953 577 992 τοῦ
604 949 782 1006 ἱστορεῖν
809 952 993 993 ἐνταῦθα
1027 950 1252 1005 γενόμενος.
1307 949 1359 1007 ἦν
1390 968 1453 1002 τις
1480 953 1678 1007 εὐνοῦχος

248 1015 547 1070 ἅρχιερατικῶς
582 1015 847 1072 προεδρεύων
874 1017 946 1071 τῆς
981 1017 1064 1058 τῶν
1091 1019 1250 1058 Χωνῶν
1282 1017 1461 1070 πόλεως,
1492 1017 1680 1073 Νικήτας

202 1078 455 1133 Βτοῦνομα,
483 1079 616 1136 πάσης
645 1081 795 1137 α’ρετῆς
810 1081 1087 1136 καταγώγιον,
1108 1078 1218 1123 οὕτω
1246 1081 1296 1136 δὴ
1328 1081 1582 1137 προφητικός
1609 1084 1682 1125 καί

243 1149 487 1200 προβλέπων
532 1145 583 1188 τὰ
629 1144 865 1203 ἔμπροσθεν
907 1144 964 1197 ὦς
1002 1152 1087 1196 τοῖς
1132 1147 1336 1202 μεγιστοις
1371 1150 1454 1189 τῶν
1492 1144 1681 1203 ὁρώντων

242 1209 506 1266 ἐγκρίνεσθαι
531 1209 604 1252 καὶ
629 1212 688 1260 εἰς
732 1212 881 1265 θαῦμα
905 1215 1071 1254 κεῖσθαι
1110 1214 1208 1267 παρ’
1237 1208 1298 1261 οἷς
1326 1210 1347 1253 ὃ
1374 1211 1480 1268 α’νηρ
1508 1210 1677 1268 ἑγνώρι-
1695 1215 1742 1256 15

242 1291 342 1330 στο,
390 1275 503 1332 εἴπερ
544 1276 570 1331 ἦ
601 1278 697 1318 καθ’
742 1275 854 1331 ἡμᾶς
881 1275 999 1331 γενεὰ
1037 1275 1197 1332 πονηροὶ
1242 1271 1347 1319 οὖσα
1386 1280 1460 1319 καί
1482 1280 1679 1332 μοιχαλίς

242 1345 433 1384 τοιοῦτον
471 1341 705 1397 ηὕτύχησεν
732 1340 905 1396 ἀγαθόν.
973 1343 1118 1395 α’μέλει
1148 1344 1221 1384 καί
1246 1343 1321 1384 τοῦ
1352 1344 1557 1397 βασιλέως
1582 1343 1678 1385 τοῦ-

242 1422 315 1450 του
341 1409 384 1458 ἐξ
408 1408 631 1463 Ἀρμενίας
661 1404 882 1462 παριόντος
918 1405 991 1457 τὰς
1021 1407 1175 1456 Χώνας
1206 1409 1480 1464 α’ρτιστεφοῦς
1510 1407 1584 1450 καὶ
1607 1409 1679 1463 τῆς

243 1473 440 1530 πατρῴας
471 1470 672 1526 διαδόχου
702 1473 860 1527 α’ρχῆς,
904 1472 976 1514 καί
1000 1471 1072 1514 τὸν
1094 1470 1392 1527 ἆρχαγγελικόν
1418 1471 1519 1515 νειὸν
1548 1474 1677 1515 εἴσελ-

242 1537 389 1586 θόντος
414 1539 488 1578 καί
508 1537 623 1591 χειρὶ
647 1539 721 1579 τοῦ
749 1539 980 1593 α’ρχιερὲως
1005 1536 1152 1579 τούτου
1184 1538 1505 1592 εὖλογηθέντος,
1532 1536 1672 1593 ἐπειδὴ
1689 1557 1741 1582 20

241 1602 314 1644 καὶ
340 1601 601 1658 περιώνυμος
629 1598 679 1656 ἦν
705 1604 750 1644 ἐκ
777 1605 849 1657 τῆς
877 1603 1027 1658 α’ρετῆς
1056 1604 1130 1644 καί
1146 1609 1232 1651 τοῖς
1260 1598 1392 1644 ἅπασι
1421 1601 1490 1643 διὰ
1519 1603 1676 1655 στόμα-

239 1683 333 1722 τος,
362 1664 467 1723 ἦσαν
495 1669 539 1709 οἳ
577 1669 659 1709 τῶν
685 1666 897 1723 ἑντρόφων
945 1669 1023 1709 τοῦ
1049 1667 1257 1722 βήματος,
1289 1665 1539 1709 καὶτούτων
1565 1666 1604 1709 οἶ
1632 1669 1676 1718 ἐς

329 1805 364 1838 6
393 1804 672 1849 κατηχητηρίων
698 1804 738 1836 Α.
833 1815 866 1849 7.
892 1803 955 1836 καὶ
981 1801 1141 1848 διαδοχῇ
1166 1813 1222 1835 om
1247 1803 1287 1835 A.
1395 1812 1444 1837 ιο.
1469 1800 1576 1850 ἄλλο]
1598 1802 1674 1836 ἓτε-

333 1861 402 1893 ρον
425 1850 465 1885 A
589 1851 638 1883 18.
663 1848 885 1896 παριόντος]
913 1848 999 1896 ἄρτι
1023 1859 1062 1883 π.
1089 1861 1119 1883 τ.
1145 1861 1180 1894 χ
1209 1852 1438 1894 νεοστεφοῦς
1465 1848 1505 1881 A.
1632 1858 1676 1884 22

331 1894 507 1943 βήματος]
534 1894 697 1942 Qr'uatog
723 1897 762 1928 A

238 2010 306 2042 bns
338 2008 527 2048 convenit,
563 2013 604 2042 ut
644 2008 804 2041 facerent
843 2008 1144 2052 quemadmodum
1176 2008 1423 2053 promiserant.
1455 2017 1576 2040 verum
1606 2007 1674 2041 illi.

238 2066 362 2088 omnes
395 2054 575 2087 sententia
610 2060 748 2087 mutata
781 2053 1080 2099 subscriptionem
1124 2054 1360 2095 recusabant,
1399 2052 1497 2098 quod
1537 2054 1575 2094 in
1606 2053 1672 2087 illo

237 2101 370 2146 scripto
399 2100 517 2133 adhuc
552 2099 661 2133 verba
696 2100 872 2144 quaedam
907 2100 1203 2146 reprehendenda
1234 2101 1413 2140 laterent,
1438 2099 1570 2144 quibus
1594 2110 1673 2133 era—

238 2148 287 2180 sis
320 2147 391 2179 alia
435 2146 641 2190 reponenda
678 2151 822 2186 essent,
857 2157 950 2191 quae
989 2159 1068 2180 cum
1109 2158 1193 2180 vera
1225 2146 1403 2179 sententia
1426 2151 1671 2189 congruerent.

239 2205 361 2226 rursus
401 2193 509 2235 igitur
543 2198 741 2225 commotus
776 2193 970 2237 imperator
1009 2205 1131 2227 eorum
1175 2191 1399 2226 vaecordiam
1435 2192 1673 2226 inconstanti-

238 2251 295 2272 am
323 2245 360 2272 et
384 2239 568 2271 levitatem
594 2244 716 2282 aperte
742 2238 936 2272 insectatus
974 2245 1035 2273 est.
1067 2239 1130 2273 sed
1163 2239 1218 2270 illi
1243 2238 1388 2271 tandem
1423 2248 1528 2281 aegre
1551 2250 1672 2272 assen-

238 2291 382 2325 serunt,
420 2290 461 2318 ut
491 2284 681 2317 anathema
717 2297 737 2317 a
770 2284 837 2317 deo
872 2285 1090 2319 Machometi
1130 2285 1168 2317 in
1200 2284 1316 2328 ipsum
1345 2283 1611 2318 Machometum
1637 2290 1674 2318 et

239 2343 381 2364 omnem
418 2331 495 2364 eius
537 2330 734 2363 doctrinam
784 2336 820 2363 et
854 2337 986 2364 sectam
1023 2333 1062 2365 in
1110 2330 1337 2364 catecheticis
1378 2329 1515 2364 libellis
1556 2336 1673 2364 trans-

238 2379 402 2411 ferretur.
427 2388 499 2422 quo
539 2382 621 2422 post
659 2377 791 2410 multos
824 2387 1030 2422 congressus
1066 2378 1210 2411 decreto
1236 2382 1273 2410 et
1297 2377 1504 2410 confirmato
1527 2377 1674 2411 tandem

240 2425 463 2470 quieverunt.

331 2483 362 2515 7.
409 2469 586 2503 Adiiciam
614 2461 722 2502 etiam
748 2468 848 2502 aliud
874 2473 1070 2501 memoratu
1094 2468 1259 2512 dignum,
1284 2473 1473 2522 postquam
1499 2469 1569 2502 huc
1590 2479 1673 2514 pro-

239 2528 377 2561 gressus
403 2528 491 2549 sum.
516 2517 586 2549 fuit
619 2515 803 2548 eunuchus
829 2510 996 2555 Nicetas‚
1033 2514 1234 2548 Chonarum
1261 2515 1468 2559 episeopus,
1493 2516 1589 2548 omni
1613 2525 1673 2560 ge-

239 2574 326 2597 nere
350 2563 491 2596 virtutis
530 2567 693 2602 ornatus,
722 2562 919 2594 suturarum
946 2572 1061 2594 rerum
1094 2562 1145 2594 ita
1172 2562 1351 2605 praescius
1377 2567 1418 2594 ut
1444 2562 1539 2594 inter
1559 2561 1672 2594 maxi-

239 2621 316 2642 mos
342 2614 440 2643 vates
473 2607 666 2641 haberetur
693 2613 729 2640 et
753 2608 918 2640 omuibus
943 2608 1004 2652 qui
1045 2618 1125 2640 eum
1149 2613 1279 2640 norant
1300 2607 1529 2640 admirationi
1555 2612 1672 2653 esset,

239 2655 339 2701 quod
364 2659 508 2689 nostrae
533 2655 641 2687 aelati
669 2654 853 2699 improbae
886 2659 994 2699 atque
1020 2653 1205 2686 adulterae
1232 2660 1369 2687 ῑιηιιιιι]
1400 2653 1534 2687 bonum
1555 2646 1672 2688 conti—

240 2703 358 2756 gisset.
385 2713 464 2734 cum
489 2707 606 2734 autom
648 2700 704 2733 hic
730 2701 922 2745 imperator
947 2711 1068 2733 recens
1093 2699 1295 2733 diademate
1321 2700 1529 2740 redimitus,
1553 2705 1673 2745 pater-

240 2749 277 2782 ui
302 2749 444 2796 imperii
475 2759 666 2789 successor,
690 2759 733 2782 ex
757 2748 922 2781 Armenia
952 2758 1010 2781 rev
1014 2752 1130 2781 ertens
1156 2746 1287 2781 chunis
1313 2746 1524 2792 Archangeli
1547 2745 1672 2781 aedem
