1878 3230
427 234 669 276 lsAAcms
708 234 954 275 ANGELUs
991 234 1059 273 ET
1096 233 1324 274 Annuus
1360 235 1406 273 F.
1518 216 1626 290 743

190 332 232 372 εἰ
255 328 312 385 μη
342 328 502 381 τοξότις
540 331 708 373 νεολαία
765 332 836 385 τῆς
862 327 1021 379 πόλεως
1055 329 1107 372 τὰ
1138 329 1298 372 δυνατὰ
1323 333 1629 384 παρατυχοῦσα

191 395 389 450 ἐπήμυνε.
446 394 493 438 τὸ
521 398 665 439 τοίνυν
695 398 847 445 λεῶδες
874 399 949 450 τῆς
976 395 1136 444 πόλεως
1158 397 1317 451 μηδένα
1343 399 1419 450 τῆς
1446 396 1518 437 ἔπε’
1533 401 1631 439 Λα-

192 463 329 510 τίνους
366 463 611 517 ξιφουλκίας
650 460 959 515 συναγωνιστην
989 459 1180 515 εὑρίσκον
1216 463 1289 502 καί
1326 462 1547 515 ξύμμαχον
1572 464 1631 510 εἰς

191 526 452 568 ‹ineo-caclano
493 527 694 568 οἰδαίνειν
734 522 912 581 ἤρξατο,
951 527 1025 567 καί
1050 526 1107 575 ὥς
1140 528 1262 580 λέβης
1290 529 1336 567 έκ
1362 525 1497 580 πυρὸς
1524 525 1630 567 κατὰ

161 591 275 632 ὅτῶν
300 589 563 646 κρατούντων
592 589 753 644 ἀτμούς
784 590 945 632 ἀνιέναι
973 588 1135 645 ὕβρεων
1161 594 1234 632 καί
1260 589 1334 646 την
1362 589 1490 633 πάλαι
1519 587 1633 646 ὕφα-

190 653 264 697 λόν
292 671 338 697 τε
367 657 440 696 καί
483 652 693 709 ἄγνωστον
729 655 896 710 γνώμην
936 657 1091 706 ἑκζέειν
1131 655 1238 711 πρὸς
1267 660 1372 711 φῶς.
1444 653 1516 711 ἦγε
1553 659 1632 708 μὲν

191 715 267 762 οὖν
294 718 384 762 τότε
411 723 603 774 πέμπτην
622 719 696 761 καί
720 720 911 774 εἰκοστήν
939 718 960 761 ὃ
977 718 1236 776 Ἰανουάριος
1261 724 1333 774 τῆς
1361 720 1542 777 ἑβδόμης
1570 724 1669 764 tae-B

188 786 400 835 δικτιῶνος
426 788 502 828 τοῦ
518 783 876 839 ἑξακισχιλιοστοῦ
898 784 1218 828 ἔπτακοσιοστοῧ
1234 786 1470 829 δωδεκάτου
1502 786 1631 839 ἔτους,

187 852 428 906 συνδρομῆς
443 852 482 891 δ’
496 847 561 892 ὅτι
588 853 779 905 πλείστης
796 852 855 900 εἷς
881 851 953 892 τὸν
979 852 1111 906 μέγαν
1131 855 1346 907 γινομένης
1375 851 1479 894 νεών
1507 853 1633 906 ἤναγ-

127 933 175 958 ιο
186 915 333 966 κοξζετο
362 917 435 957 καί
467 915 492 970 ἦ
521 915 746 970 σύγκλητος
771 913 796 971 ἦ
823 931 868 957 τε
897 919 980 958 τῶν
999 916 1234 972 ἀρχιερέων
1264 917 1468 972 ὁμήγυρις
1495 919 1567 958 καί
1593 916 1634 958 οἱ

184 981 263 1022 τοῦ
290 978 475 1034 βήματος
517 980 681 1034 λόγιμοι
718 983 936 1023 συνελθεῖν
971 980 1103 1023 ἐκεῖσε
1139 981 1212 1024 καὶ
1238 983 1638 1034 συνδιασκέψασθαί

185 1061 310 1101 σφισι
327 1045 426 1101 περὶ
444 1048 522 1087 τοῦ
537 1041 747 1101 ἄρξοντος.
776 1048 873 1101 περὶ
888 1048 972 1088 τῶν
986 1050 1267 1101 προκειμένων
1283 1047 1424 1090 τοίνυν
1439 1047 1486 1088 τὸ
1508 1063 1634 1101 παρι-

185 1110 395 1164 στάμενον
419 1113 549 1153 εἰπεῖν
566 1109 866 1165 λιπαρούμενοι
883 1112 929 1153 ἐκ
947 1114 1026 1164 μὲν
1039 1114 1116 1154 τοῦ
1135 1113 1285 1153 αὐτίκα
1305 1114 1532 1154 ἐπιθέσθαι
1547 1118 1634 1162 τοῖς

184 1174 453 1229 βασιλεύουσι
473 1174 547 1217 καὶ
559 1182 814 1230 χειροτονεῖν
833 1178 973 1231 ἕτερον
990 1178 1050 1225 εἰς
1064 1175 1200 1231 ἀρχήν
1214 1179 1303 1218 ov'd'
1319 1175 1422 1226 ὅλως
1437 1177 1633 1230 ἐδοκιμά-

124 1247 172 1287 15
187 1243 310 1294 ζομεν
331 1241 571 1283 ὑποθέσθαι
589 1246 674 1290 τοῖς
692 1242 898 1283 συνιοῦσι·
920 1244 1056 1289 καλῶς
1070 1240 1150 1295 γάρ
1172 1237 1343 1297 ᾔδειμεν
1360 1242 1417 1290 ὥς
1443 1241 1488 1283 u}
1515 1247 1634 1293 μεῖον

184 1305 206 1347 ὅ
238 1308 490 1361 προβληθείς
519 1307 737 1348 α’ποίσεται
766 1308 818 1363 τῇ
843 1322 887 1348 τε
918 1300 1022 1362 ἄλλῃ
1050 1308 1122 1348 καί
1151 1305 1216 1348 ὅτι
1243 1309 1328 1348 ταῖν
1366 1308 1563 1349 Λατίνων
1594 1306 1633 1349 οἱ

182 1374 406 1426 στρατηγοί
430 1372 695 1427 α’μφοτέραις
723 1373 797 1413 καὶ
816 1373 942 1414 πάλιν
975 1372 1215 1421 ἀνθέξονται
1242 1374 1321 1413 τοῦ
1342 1368 1532 1421 Ἀλεξιδυ
1561 1374 1635 1413 καί

181 1438 452 1492 περιέξονται.
485 1435 525 1478 οἱ
554 1437 600 1478 δὲ
628 1439 722 1479 λαοί
742 1437 889 1492 χρῆμά
908 1453 950 1478 τι
967 1431 1080 1485 ὄντες
1108 1433 1261 1493 ἀφελὲς
1279 1440 1352 1480 καί
1376 1436 1670 1492 εύρίπιστον,0

181 1501 256 1544 καί
275 1504 400 1544 πλέον
436 1504 514 1544 τοῦ
533 1503 855 1559 θεληματαύέιν
894 1500 1018 1544 οὐδὲν
1043 1501 1331 1557 ἐπιστάμενοι,
1359 1503 1494 1545 οὐκέτ’
1523 1502 1630 1558 ἔφα-

120 1586 174 1612 20
185 1583 283 1610 σκον
307 1567 379 1609 ὕπ’
409 1568 616 1622 Ἀγγέλων
644 1567 877 1621 βούλεσθαι
914 1565 1243 1621 βασιλεύεσθαι,
1268 1569 1341 1609 καί
1368 1568 1424 1617 ὥς
1452 1569 1526 1610 οὔκ
1554 1565 1630 1609 ἆλ-

184 1637 266 1682 λως
307 1632 328 1674 ὁ
361 1632 561 1687 σύλλογος
603 1634 756 1681 ἐκεῖνος
785 1632 1118 1687 διαλυθήσεται,
1159 1636 1199 1675 εἰ
1236 1633 1297 1688 μή
1326 1649 1390 1682 τις
1417 1635 1496 1675 τῶν
1524 1651 1634 1688 πρα-

184 1695 354 1751 γμάτων
380 1695 658 1752 προστήσεται
697 1697 894 1753 θυμήρης
936 1699 1095 1747 αι’τοῖς.
1152 1701 1276 1756 πείρᾳ
1307 1700 1447 1740 τοίνυν
1473 1698 1632 1752 γνόντες

186 1762 232 1805 τὸ
265 1766 347 1807 τῶν
373 1764 538 1819 α’νδριόν
578 1761 838 1816 α’μετάθετον
865 1761 1153 1819 ἦσυχάζομεν,
1182 1758 1362 1812 ἑαυτούς
1389 1764 1630 1815 ταλανίζον-

278 1899 311 1936 4.
335 1890 536 1938 οἱδαίνειν]
579 1889 769 1937 σ’γγώνειν
790 1892 827 1924 Β.
1019 1892 1083 1925 καὶ
1106 1890 1170 1938 ὥς]
1200 1890 1376 1935 καθάπερ
1399 1888 1442 1925 τὸ
1468 1891 1629 1935 κακᾰβιν

275 1938 414 1984 βρτέζον
435 1937 655 1985 α’ναπὲμπει
682 1937 803 1985 οἷτμόν
829 1938 867 1971 Β.
967 1948 1021 1971 ιι.
1045 1939 1116 1972 ποῦ’
1137 1937 1318 1986 βήματος]
1346 1937 1415 1972 τοῦ
1439 1937 1577 1984 κλήρου
1592 1938 1628 1970 Β.

187 2060 280 2094 equo
310 2049 348 2082 in
389 2060 503 2093 genua
545 2050 713 2094 prolapso
748 2055 786 2083 et
824 2050 988 2083 omnibus
1019 2061 1130 2083 unum
1153 2049 1279 2083 ducem
1309 2048 1535 2094 petentibus,
1559 2049 1629 2082 nisi

185 2108 313 2130 munus
352 2096 610 2140 sagittariorum
644 2107 723 2129 eum
765 2096 995 2129 defendisset.
1034 2096 1186 2141 proinde
1234 2096 1378 2141 plebeia
1410 2095 1629 2136 multitudo,

185 2155 264 2175 cum
287 2143 465 2175 neminem
506 2143 567 2187 qui
592 2149 715 2176 contra
740 2142 883 2175 Latinos
922 2154 1026 2187 opem
1050 2143 1161 2176 ferret
1184 2144 1362 2176 inveniret
1377 2168 1386 2183 ,
1412 2141 1627 2175 defectionis

185 2190 333 2222 consilia
358 2190 490 2233 agitare
528 2190 647 2233 coepit
671 2195 708 2222 et
740 2190 905 2221 conviciis
930 2189 1161 2233 imperatores
1187 2190 1378 2230 insectari,
1401 2189 1626 2232 cogitationi-

183 2235 250 2268 bus
287 2246 379 2280 quae
414 2234 477 2268 diu
512 2236 637 2268 animis
678 2236 859 2268 latuerant
895 2235 1175 2280 erumpentibus.
1217 2235 1386 2280 agebatur
1425 2241 1500 2268 tum
1529 2234 1624 2268 XXV

185 2282 262 2315 dies
290 2283 419 2314 mensis
451 2282 628 2322 Ianuarii,
654 2282 720 2315 VII
753 2282 971 2323 indictione,
1005 2292 1099 2314 anno
1135 2282 1185 2315 VI
1203 2282 1411 2315 MDCCXII.
1450 2292 1624 2314 concursu

185 2334 303 2362 autem
327 2329 476 2360 maximo
503 2329 541 2360 in
562 2339 725 2372 magnum
750 2329 922 2373 templum
946 2329 1052 2369 facto,
1077 2329 1183 2362 etiam
1209 2334 1355 2362 senat-us
1374 2333 1411 2361 et
1433 2328 1624 2371 collegium

183 2375 396 2419 pontificum
421 2379 458 2407 et
484 2375 802 2408 ecclesiasticorum
831 2375 1002 2420 primores
1024 2385 1067 2407 eo
1092 2385 1316 2415 convenere,
1341 2380 1379 2407 et
1403 2374 1447 2406 de
1471 2375 1624 2417 impera-

186 2425 265 2454 tore
290 2420 482 2466 ‹leligendo
508 2433 579 2454 una
608 2421 809 2454 deliberare
836 2427 920 2455 sunt
947 2421 1072 2454 coacti.
1097 2433 1179 2453 cum-
1200 2427 1320 2454 autem
1342 2421 1536 2453 sententias
1566 2430 1625 2451 ro-

185 2477 362 2509 garemur,
387 2468 491 2500 nullo
523 2467 631 2500 modo
671 2474 830 2501 auctores
865 2478 940 2501 esse
964 2474 1165 2512 poteramus
1193 2473 1233 2501 ut
1260 2466 1529 2511 imperatoribus
1554 2471 1626 2497 sta-

186 2513 252 2546 tim
275 2513 410 2546 eiectis*
428 2514 538 2546 alium
569 2520 748 2555 crearent,
783 2514 880 2547 hand
904 2515 1039 2558 ignari,
1076 2515 1236 2559 quisquis
1272 2514 1474 2556 designatus
1507 2517 1625 2551 esset,

187 2570 268 2591 eum
295 2569 374 2590 cum
399 2559 444 2591 ob
478 2561 564 2601 alia,
599 2566 675 2594 tum
700 2561 799 2606 quod
828 2560 1035 2594 Latinorum
1067 2560 1176 2593 duces
1202 2571 1320 2592 rursus
1340 2559 1504 2591 Alexium
1530 2567 1627 2588 sum-

186 2605 252 2637 mis
292 2604 425 2638 viribus
457 2606 637 2639 defensuri
664 2613 805 2648 essent,
839 2608 1051 2652 posteriores
1079 2607 1243 2639 laturum.
1270 2612 1306 2638 at
1328 2603 1448 2648 plebs,
1474 2608 1515 2635 ut
1541 2604 1625 2635 sim-

187 2651 273 2696 plex
304 2655 358 2683 est
395 2656 432 2683 et
460 2653 640 2685 mutabilis
679 2659 716 2686 et
748 2653 840 2686 nihil
870 2654 939 2686 nisi
964 2652 1152 2686 libidinem
1190 2654 1228 2685 in
1251 2650 1400 2684 consilio
1427 2648 1562 2688 habet,
1586 2659 1626 2681 se

187 2697 402 2741 Angelorum
426 2697 612 2741 imperium
636 2699 768 2733 diutius
786 2700 1016 2734 toleratus-am
1042 2698 1204 2743 negabat,
1230 2707 1348 2740 neque
1373 2695 1469 2739 prius
1493 2694 1625 2727 ‹fisces-

188 2754 302 2776 suram
326 2747 429 2787 qua'm
454 2743 700 2788 imperatorem
725 2756 768 2778 ex
790 2747 967 2779 sententia
993 2751 1096 2778 nacta
1119 2750 1223 2777 esset.
1247 2743 1351 2786 igitur
1376 2742 1451 2786 ipsa
1475 2751 1513 2773 re
1537 2751 1623 2774 con-

188 2790 378 2823 tumaciam
408 2788 591 2824 homiuum
626 2791 789 2835 experti,
820 2792 980 2825 fortunas
1017 2796 1154 2825 nostras
1196 2789 1403 2823 miserantes
1431 2792 1470 2822 et
1492 2788 1624 2821 affatim
