<?xml version="1.0" encoding="UTF-8"?>
<!DOCTYPE html PUBLIC "-//W3C//DTD XHTML 1.0 Transitional//EN"
    "http://www.w3.org/TR/xhtml1/DTD/xhtml1-transitional.dtd">
<html xmlns="http://www.w3.org/1999/xhtml" xml:lang="en" lang="en">
 <head>
  <title>
</title>
<meta http-equiv="Content-Type" content="text/html;charset=utf-8" />
  <meta name='ocr-system' content='tesseract 3.04.00' />
  <meta name='ocr-capabilities' content='ocr_page ocr_carea ocr_par ocr_line ocrx_word'/>
</head>
<body>
  <div class='ocr_page' id='page_1' title='image "./corpusscriptorum41niebuoft/corpusscriptorum41niebuoft_0423.png"; bbox 0 0 1878 3230; ppageno 0'>
   <div class='ocr_carea' id='block_1_1' title="bbox 426 172 1608 247">
    <p class='ocr_par' dir='ltr' id='par_1_1' title="bbox 426 172 1608 247">
     <span class='ocr_line' id='line_1_1' title="bbox 426 172 1608 247; baseline -0.007 -11"><span class='ocrx_word' id='word_1_1' title='bbox 426 196 498 236; x_wconf 82' lang='lat' dir='ltr'><strong><em>DE</em></strong></span> <span class='ocrx_word' id='word_1_2' title='bbox 531 194 854 238; x_wconf 69' lang='lat' dir='ltr'><strong>Anonomco</strong></span> <span class='ocrx_word' id='word_1_3' title='bbox 892 192 1152 237; x_wconf 70' lang='lat' dir='ltr'><strong>commo</strong></span> <span class='ocrx_word' id='word_1_4' title='bbox 1190 194 1290 235; x_wconf 77' lang='lat' dir='ltr'><strong><em>Lm.</em></strong></span> <span class='ocrx_word' id='word_1_5' title='bbox 1329 197 1362 235; x_wconf 88' lang='lat'><strong><em>1.</em></strong></span> <span class='ocrx_word' id='word_1_6' title='bbox 1495 172 1608 247; x_wconf 85' lang='lat'><strong><em>393</em></strong></span> 
     </span>
    </p>
   </div>
   <div class='ocr_carea' id='block_1_2' title="bbox 119 301 1739 1802">
    <p class='ocr_par' dir='ltr' id='par_1_2' title="bbox 181 301 1739 557">
     <span class='ocr_line' id='line_1_2' title="bbox 184 301 1610 359; baseline -0.004 -12"><span class='ocrx_word' id='word_1_7' title='bbox 184 307 236 347; x_wconf 89' lang='grc' dir='ltr'><strong><em>ου’</em></strong></span> <span class='ocrx_word' id='word_1_8' title='bbox 262 304 345 359; x_wconf 78' lang='grc' dir='ltr'><strong><em>γὰρ</em></strong></span> <span class='ocrx_word' id='word_1_9' title='bbox 381 306 521 347; x_wconf 69' lang='grc' dir='ltr'><strong><em>οἰκιῶν</em></strong></span> <span class='ocrx_word' id='word_1_10' title='bbox 545 305 671 358; x_wconf 90' lang='grc' dir='ltr'><strong><em>μόνον</em></strong></span> <span class='ocrx_word' id='word_1_11' title='bbox 697 303 796 353; x_wconf 83' lang='grc' dir='ltr'><strong><em>τούς</em></strong></span> <span class='ocrx_word' id='word_1_12' title='bbox 825 303 1028 352; x_wconf 81' lang='grc' dir='ltr'><strong><em>δεσπότας</em></strong></span> <span class='ocrx_word' id='word_1_13' title='bbox 1053 303 1256 359; x_wconf 76' lang='grc' dir='ltr'><strong><em>ἐξήλασαν</em></strong></span> <span class='ocrx_word' id='word_1_14' title='bbox 1292 301 1364 346; x_wconf 75' lang='grc' dir='ltr'><strong><em>καὶ</em></strong></span> <span class='ocrx_word' id='word_1_15' title='bbox 1395 303 1483 358; x_wconf 31' lang='grc' dir='ltr'><strong><em>,τῶν</em></strong></span> <span class='ocrx_word' id='word_1_16' title='bbox 1525 316 1610 343; x_wconf 82' lang='grc' dir='ltr'><strong><em>κει-</em></strong></span> 
     </span>
     <span class='ocr_line' id='line_1_3' title="bbox 181 367 1739 426; baseline 0.001 -14"><span class='ocrx_word' id='word_1_17' title='bbox 181 371 472 426; x_wconf 83' lang='grc' dir='ltr'><strong><em>μηλιουμένων</em></strong></span> <span class='ocrx_word' id='word_1_18' title='bbox 514 369 628 420; x_wconf 79' lang='grc' dir='ltr'><strong><em>ἐντὸς</em></strong></span> <span class='ocrx_word' id='word_1_19' title='bbox 655 371 941 425; x_wconf 75' lang='grc' dir='ltr'><strong><em>ἀπεστέρησαν</em></strong></span> <span class='ocrx_word' id='word_1_20' title='bbox 968 369 1091 412; x_wconf 72' lang='grc' dir='ltr'><strong><em>αύτοί</em></strong></span> <span class='ocrx_word' id='word_1_21' title='bbox 1121 371 1254 412; x_wconf 77' lang='grc' dir='ltr'><strong><em>ταῦτα</em></strong></span> <span class='ocrx_word' id='word_1_22' title='bbox 1291 370 1386 412; x_wconf 63' lang='lat' dir='ltr'><strong><em>idam</em></strong></span> <span class='ocrx_word' id='word_1_23' title='bbox 1415 367 1658 422; x_wconf 81' lang='grc' dir='ltr'><strong><em>σάμενοι,Ρ.</em></strong></span> <span class='ocrx_word' id='word_1_24' title='bbox 1676 379 1739 426; x_wconf 82' lang='lat'><strong><em>¹9⁵</em></strong></span> 
     </span>
     <span class='ocr_line' id='line_1_4' title="bbox 182 430 1614 491; baseline -0.002 -14"><span class='ocrx_word' id='word_1_25' title='bbox 182 435 292 478; x_wconf 73' lang='grc' dir='ltr'><strong><em>ἄλλα</em></strong></span> <span class='ocrx_word' id='word_1_26' title='bbox 318 437 393 478; x_wconf 81' lang='grc' dir='ltr'><strong><em>καί</em></strong></span> <span class='ocrx_word' id='word_1_27' title='bbox 415 434 465 478; x_wconf 67' lang='lat' dir='ltr'><strong><em>u}</em></strong></span> <span class='ocrx_word' id='word_1_28' title='bbox 488 433 638 488; x_wconf 80' lang='grc' dir='ltr'><strong><em>ἱμάτια</em></strong></span> <span class='ocrx_word' id='word_1_29' title='bbox 665 434 1020 491; x_wconf 74' lang='grc' dir='ltr'><strong><em>προσαφειλοντο,</em></strong></span> <span class='ocrx_word' id='word_1_30' title='bbox 1047 437 1158 490; x_wconf 81' lang='grc' dir='ltr'><strong><em>μηδὲ</em></strong></span> <span class='ocrx_word' id='word_1_31' title='bbox 1185 436 1270 478; x_wconf 75' lang='grc' dir='ltr'><strong><em>τῶν</em></strong></span> <span class='ocrx_word' id='word_1_32' title='bbox 1296 433 1484 488; x_wconf 74' lang='grc' dir='ltr'><strong><em>ἐσχάτων</em></strong></span> <span class='ocrx_word' id='word_1_33' title='bbox 1510 430 1614 475; x_wconf 75' lang='grc' dir='ltr'><strong><em>ὕπο-</em></strong></span> 
     </span>
     <span class='ocr_line' id='line_1_5' title="bbox 183 495 1616 557; baseline -0.002 -15"><span class='ocrx_word' id='word_1_34' title='bbox 183 503 320 544; x_wconf 79' lang='grc' dir='ltr'><strong><em>δυτῶν</em></strong></span> <span class='ocrx_word' id='word_1_35' title='bbox 349 499 632 555; x_wconf 83' lang='grc' dir='ltr'><strong><em>α’ποσχόμενοι</em></strong></span> <span class='ocrx_word' id='word_1_36' title='bbox 663 502 744 543; x_wconf 76' lang='grc' dir='ltr'><strong><em>τῶν</em></strong></span> <span class='ocrx_word' id='word_1_37' title='bbox 773 498 1037 556; x_wconf 88' lang='grc' dir='ltr'><strong><em>κρυπτόντων</em></strong></span> <span class='ocrx_word' id='word_1_38' title='bbox 1064 500 1094 542; x_wconf 75' lang='grc' dir='ltr'><em>ἃ</em></span> <span class='ocrx_word' id='word_1_39' title='bbox 1123 501 1151 555; x_wconf 83' lang='grc' dir='ltr'><em>ἧ</em></span> <span class='ocrx_word' id='word_1_40' title='bbox 1180 500 1310 557; x_wconf 84' lang='grc' dir='ltr'><strong><em>φύσις</em></strong></span> <span class='ocrx_word' id='word_1_41' title='bbox 1346 497 1403 549; x_wconf 72' lang='grc' dir='ltr'><strong><em>ὥς</em></strong></span> <span class='ocrx_word' id='word_1_42' title='bbox 1430 495 1616 552; x_wconf 75' lang='grc' dir='ltr'><strong><em>ἀσχήμο-</em></strong></span> 
     </span>
    </p>

    <p class='ocr_par' dir='ltr' id='par_1_3' title="bbox 147 564 1621 881">
     <span class='ocr_line' id='line_1_6' title="bbox 147 564 1619 621; baseline -0.003 -11"><span class='ocrx_word' id='word_1_43' title='bbox 147 571 237 611; x_wconf 86' lang='grc' dir='ltr'><strong><em>5να</em></strong></span> <span class='ocrx_word' id='word_1_44' title='bbox 264 567 487 608; x_wconf 76' lang='grc' dir='ltr'><strong><em>καλύπτειν</em></strong></span> <span class='ocrx_word' id='word_1_45' title='bbox 512 567 704 618; x_wconf 77' lang='grc' dir='ltr'><strong><em>ἐπέταξε,</em></strong></span> <span class='ocrx_word' id='word_1_46' title='bbox 731 564 838 620; x_wconf 80' lang='grc' dir='ltr'><strong><em>μήτε</em></strong></span> <span class='ocrx_word' id='word_1_47' title='bbox 864 564 950 619; x_wconf 74' lang='grc' dir='ltr'><strong><em>μὴν</em></strong></span> <span class='ocrx_word' id='word_1_48' title='bbox 977 566 1164 621; x_wconf 83' lang='grc' dir='ltr'><strong><em>τρύφους</em></strong></span> <span class='ocrx_word' id='word_1_49' title='bbox 1188 570 1275 615; x_wconf 83' lang='grc' dir='ltr'><strong><em>τοῖς</em></strong></span> <span class='ocrx_word' id='word_1_50' title='bbox 1303 565 1526 614; x_wconf 77' lang='grc' dir='ltr'><strong><em>δεσπόταις</em></strong></span> <span class='ocrx_word' id='word_1_51' title='bbox 1542 577 1619 617; x_wconf 84' lang='grc' dir='ltr'><strong><em>με-</em></strong></span> 
     </span>
     <span class='ocr_line' id='line_1_7' title="bbox 182 625 1616 686; baseline -0.001 -13"><span class='ocrx_word' id='word_1_52' title='bbox 182 630 420 680; x_wconf 87' lang='grc' dir='ltr'><strong><em>ταδιδόντες</em></strong></span> <span class='ocrx_word' id='word_1_53' title='bbox 443 625 504 673; x_wconf 71' lang='grc' dir='ltr'><strong><em>ὧν</em></strong></span> <span class='ocrx_word' id='word_1_54' title='bbox 533 630 660 672; x_wconf 82' lang='grc' dir='ltr'><strong><em>αύτοί</em></strong></span> <span class='ocrx_word' id='word_1_55' title='bbox 681 645 758 685; x_wconf 89' lang='grc' dir='ltr'><strong><em>περ</em></strong></span> <span class='ocrx_word' id='word_1_56' title='bbox 783 631 843 678; x_wconf 79' lang='grc' dir='ltr'><strong><em>εἷς</em></strong></span> <span class='ocrx_word' id='word_1_57' title='bbox 861 628 962 679; x_wconf 82' lang='grc' dir='ltr'><strong><em>τούς</em></strong></span> <span class='ocrx_word' id='word_1_58' title='bbox 980 628 1134 680; x_wconf 83' lang='grc' dir='ltr'><strong><em>κόπους</em></strong></span> <span class='ocrx_word' id='word_1_59' title='bbox 1162 631 1498 686; x_wconf 79' lang='grc' dir='ltr'><strong><em>εἰσεληλύθεσαν,</em></strong></span> <span class='ocrx_word' id='word_1_60' title='bbox 1526 631 1616 673; x_wconf 74' lang='grc' dir='ltr'><strong><em>α’λλ·</em></strong></span> 
     </span>
     <span class='ocr_line' id='line_1_8' title="bbox 184 694 1621 751; baseline 0 -13"><span class='ocrx_word' id='word_1_61' title='bbox 184 698 288 739; x_wconf 88' lang='grc' dir='ltr'><strong><em>οἴκοι</em></strong></span> <span class='ocrx_word' id='word_1_62' title='bbox 313 699 391 750; x_wconf 80' lang='grc' dir='ltr'><strong><em>μὲν</em></strong></span> <span class='ocrx_word' id='word_1_63' title='bbox 420 696 460 738; x_wconf 81' lang='grc' dir='ltr'><strong><em>οἱ</em></strong></span> <span class='ocrx_word' id='word_1_64' title='bbox 488 694 701 751; x_wconf 80' lang='grc' dir='ltr'><strong><em>α’λλότριοι</em></strong></span> <span class='ocrx_word' id='word_1_65' title='bbox 732 694 961 750; x_wconf 73' lang='grc' dir='ltr'><strong><em>καθήμενοι</em></strong></span> <span class='ocrx_word' id='word_1_66' title='bbox 991 696 1266 738; x_wconf 80' lang='grc' dir='ltr'><strong><em>κατεσπάθων</em></strong></span> <span class='ocrx_word' id='word_1_67' title='bbox 1294 694 1347 737; x_wconf 81' lang='grc' dir='ltr'><strong><em>τὰ</em></strong></span> <span class='ocrx_word' id='word_1_68' title='bbox 1374 694 1519 738; x_wconf 76' lang='grc' dir='ltr'><strong><em>ἐνόντα</em></strong></span> <span class='ocrx_word' id='word_1_69' title='bbox 1546 695 1621 738; x_wconf 71' lang='grc' dir='ltr'><strong><em>καὶ</em></strong></span> 
     </span>
     <span class='ocr_line' id='line_1_9' title="bbox 184 759 1620 817; baseline -0.001 -13"><span class='ocrx_word' id='word_1_70' title='bbox 184 759 390 817; x_wconf 77' lang='grc' dir='ltr'><strong><em>ὁσημέραι</em></strong></span> <span class='ocrx_word' id='word_1_71' title='bbox 415 762 654 814; x_wconf 77' lang='grc' dir='ltr'><strong><em>ἑκώμαζον,</em></strong></span> <span class='ocrx_word' id='word_1_72' title='bbox 682 759 780 810; x_wconf 81' lang='grc' dir='ltr'><strong><em>τούς</em></strong></span> <span class='ocrx_word' id='word_1_73' title='bbox 808 762 855 803; x_wconf 82' lang='grc' dir='ltr'><strong><em>δὲ</em></strong></span> <span class='ocrx_word' id='word_1_74' title='bbox 882 759 1232 814; x_wconf 80' lang='grc' dir='ltr'><strong><em>συγκεκομικότας</em></strong></span> <span class='ocrx_word' id='word_1_75' title='bbox 1262 763 1321 811; x_wconf 86' lang='grc' dir='ltr'><strong><em>εἷς</em></strong></span> <span class='ocrx_word' id='word_1_76' title='bbox 1350 761 1422 810; x_wconf 81' lang='grc' dir='ltr'><strong><em>τὰς</em></strong></span> <span class='ocrx_word' id='word_1_77' title='bbox 1461 762 1620 810; x_wconf 89' lang='grc' dir='ltr'><strong><em>σιπύας</em></strong></span> 
     </span>
     <span class='ocr_line' id='line_1_10' title="bbox 185 824 1619 881; baseline 0 -13"><span class='ocrx_word' id='word_1_78' title='bbox 185 826 283 870; x_wconf 84' lang='grc' dir='ltr'><strong><em>εἴων</em></strong></span> <span class='ocrx_word' id='word_1_79' title='bbox 321 828 394 869; x_wconf 75' lang='grc' dir='ltr'><strong><em>ἐπὶ</em></strong></span> <span class='ocrx_word' id='word_1_80' title='bbox 434 827 517 869; x_wconf 76' lang='grc' dir='ltr'><strong><em>τῶν</em></strong></span> <span class='ocrx_word' id='word_1_81' title='bbox 548 824 730 880; x_wconf 80' lang='grc' dir='ltr'><strong><em>τριόδων</em></strong></span> <span class='ocrx_word' id='word_1_82' title='bbox 756 826 993 877; x_wconf 77' lang='grc' dir='ltr'><strong><em>πλάζεσθαι</em></strong></span> <span class='ocrx_word' id='word_1_83' title='bbox 1021 825 1219 881; x_wconf 84' lang='grc' dir='ltr'><strong><em>νὴστιδας</em></strong></span> <span class='ocrx_word' id='word_1_84' title='bbox 1253 826 1516 881; x_wconf 83' lang='grc' dir='ltr'><strong><em>χαμαιεύνας</em></strong></span> <span class='ocrx_word' id='word_1_85' title='bbox 1544 843 1619 881; x_wconf 74' lang='grc' dir='ltr'><strong><em>γυ-</em></strong></span> 
     </span>
    </p>

    <p class='ocr_par' dir='ltr' id='par_1_4' title="bbox 124 891 1655 1208">
     <span class='ocr_line' id='line_1_11' title="bbox 124 891 1618 947; baseline -0.001 -11"><span class='ocrx_word' id='word_1_86' title='bbox 124 912 172 938; x_wconf 89' lang='lat'><strong><em>10</em></strong></span> <span class='ocrx_word' id='word_1_87' title='bbox 181 891 397 946; x_wconf 85' lang='grc' dir='ltr'><strong><em>μνόποδας</em></strong></span> <span class='ocrx_word' id='word_1_88' title='bbox 424 891 500 934; x_wconf 72' lang='grc' dir='ltr'><strong><em>καὶ</em></strong></span> <span class='ocrx_word' id='word_1_89' title='bbox 523 893 745 946; x_wconf 80' lang='grc' dir='ltr'><strong><em>α’χίτωνας,</em></strong></span> <span class='ocrx_word' id='word_1_90' title='bbox 776 891 834 940; x_wconf 77' lang='grc' dir='ltr'><strong><em>ὥς</em></strong></span> <span class='ocrx_word' id='word_1_91' title='bbox 861 893 1002 946; x_wconf 80' lang='grc' dir='ltr'><strong><em>κλίνην</em></strong></span> <span class='ocrx_word' id='word_1_92' title='bbox 1038 894 1116 945; x_wconf 82' lang='grc' dir='ltr'><strong><em>μὲν</em></strong></span> <span class='ocrx_word' id='word_1_93' title='bbox 1155 891 1268 947; x_wconf 80' lang='grc' dir='ltr'><strong><em>ἔχειν</em></strong></span> <span class='ocrx_word' id='word_1_94' title='bbox 1293 891 1393 942; x_wconf 82' lang='grc' dir='ltr'><strong><em>τούς</em></strong></span> <span class='ocrx_word' id='word_1_95' title='bbox 1419 892 1618 947; x_wconf 86' lang='grc' dir='ltr'><strong><em>πρότερον</em></strong></span> 
     </span>
     <span class='ocr_line' id='line_1_12' title="bbox 183 955 1619 1015; baseline -0.001 -15"><span class='ocrx_word' id='word_1_96' title='bbox 183 956 460 1015; x_wconf 77' lang='grc' dir='ltr'><strong><em>εύπαρύφους</em></strong></span> <span class='ocrx_word' id='word_1_97' title='bbox 485 956 531 999; x_wconf 88' lang='grc' dir='ltr'><strong><em>τὸ</em></strong></span> <span class='ocrx_word' id='word_1_98' title='bbox 562 957 751 1011; x_wconf 81' lang='grc' dir='ltr'><strong><em>δάπεδον,</em></strong></span> <span class='ocrx_word' id='word_1_99' title='bbox 780 959 925 1013; x_wconf 77' lang='grc' dir='ltr'><strong><em>στέγην</em></strong></span> <span class='ocrx_word' id='word_1_100' title='bbox 954 956 1027 999; x_wconf 85' lang='grc' dir='ltr'><strong><em>τόν</em></strong></span> <span class='ocrx_word' id='word_1_101' title='bbox 1046 955 1238 1011; x_wconf 74' lang='grc' dir='ltr'><strong><em>οὐρανόν,</em></strong></span> <span class='ocrx_word' id='word_1_102' title='bbox 1266 958 1342 1012; x_wconf 79' lang='grc' dir='ltr'><strong><em>την</em></strong></span> <span class='ocrx_word' id='word_1_103' title='bbox 1370 959 1418 1000; x_wconf 85' lang='grc' dir='ltr'><strong><em>δὲ</em></strong></span> <span class='ocrx_word' id='word_1_104' title='bbox 1444 959 1619 1012; x_wconf 79' lang='grc' dir='ltr'><strong><em>κοπρίαν</em></strong></span> 
     </span>
     <span class='ocr_line' id='line_1_13' title="bbox 181 1020 1655 1079; baseline -0.001 -14"><span class='ocrx_word' id='word_1_105' title='bbox 181 1023 411 1078; x_wconf 85' lang='grc' dir='ltr'><strong><em>θαλπωρόν</em></strong></span> <span class='ocrx_word' id='word_1_106' title='bbox 443 1024 624 1077; x_wconf 84' lang='grc' dir='ltr'><strong><em>δέμνιον.</em></strong></span> <span class='ocrx_word' id='word_1_107' title='bbox 682 1020 704 1065; x_wconf 81' lang='grc' dir='ltr'>ὃ</span> <span class='ocrx_word' id='word_1_108' title='bbox 733 1025 780 1065; x_wconf 83' lang='grc' dir='ltr'><strong><em>δὲ</em></strong></span> <span class='ocrx_word' id='word_1_109' title='bbox 810 1030 951 1078; x_wconf 86' lang='grc' dir='ltr'><strong><em>χεῖρον</em></strong></span> <span class='ocrx_word' id='word_1_110' title='bbox 977 1025 1059 1065; x_wconf 74' lang='grc' dir='ltr'><strong><em>τῶν</em></strong></span> <span class='ocrx_word' id='word_1_111' title='bbox 1095 1023 1400 1079; x_wconf 77' lang='grc' dir='ltr'><strong><em>ἅφηγουμένων</em></strong></span> <span class='ocrx_word' id='word_1_112' title='bbox 1434 1022 1507 1065; x_wconf 80' lang='grc' dir='ltr'><strong><em>καί</em></strong></span> <span class='ocrx_word' id='word_1_113' title='bbox 1540 1024 1655 1073; x_wconf 70' lang='grc' dir='ltr'><strong><em>ἕωςῃ</em></strong></span> 
     </span>
     <span class='ocr_line' id='line_1_14' title="bbox 183 1085 1618 1144; baseline -0.001 -12"><span class='ocrx_word' id='word_1_114' title='bbox 183 1085 313 1144; x_wconf 76' lang='grc' dir='ltr'><strong><em>αὐτῆς</em></strong></span> <span class='ocrx_word' id='word_1_115' title='bbox 341 1087 491 1132; x_wconf 84' lang='grc' dir='ltr'><strong><em>δάκνον</em></strong></span> <span class='ocrx_word' id='word_1_116' title='bbox 516 1091 672 1144; x_wconf 82' lang='grc' dir='ltr'><strong><em>ψυχῆς,</em></strong></span> <span class='ocrx_word' id='word_1_117' title='bbox 706 1091 785 1130; x_wconf 82' lang='grc' dir='ltr'><strong><em>ούκ</em></strong></span> <span class='ocrx_word' id='word_1_118' title='bbox 812 1091 906 1144; x_wconf 79' lang='grc' dir='ltr'><strong><em>ἐξῆν</em></strong></span> <span class='ocrx_word' id='word_1_119' title='bbox 933 1094 1019 1137; x_wconf 83' lang='grc' dir='ltr'><strong><em>τοῖς</em></strong></span> <span class='ocrx_word' id='word_1_120' title='bbox 1036 1087 1178 1143; x_wconf 82' lang='grc' dir='ltr'><strong><em>πρώην</em></strong></span> <span class='ocrx_word' id='word_1_121' title='bbox 1197 1086 1415 1137; x_wconf 84' lang='grc' dir='ltr'><strong><em>δεσπόταις</em></strong></span> <span class='ocrx_word' id='word_1_122' title='bbox 1444 1103 1618 1142; x_wconf 88' lang='grc' dir='ltr'><strong><em>παρεισ-</em></strong></span> 
     </span>
     <span class='ocr_line' id='line_1_15' title="bbox 185 1150 1620 1208; baseline -0.001 -11"><span class='ocrx_word' id='word_1_123' title='bbox 185 1156 292 1198; x_wconf 86' lang='grc' dir='ltr'><strong><em>ιέναι</em></strong></span> <span class='ocrx_word' id='word_1_124' title='bbox 329 1153 402 1198; x_wconf 77' lang='grc' dir='ltr'><strong><em>τόν</em></strong></span> <span class='ocrx_word' id='word_1_125' title='bbox 438 1151 548 1198; x_wconf 88' lang='grc' dir='ltr'><strong><em>οἶκον</em></strong></span> <span class='ocrx_word' id='word_1_126' title='bbox 585 1156 728 1197; x_wconf 59' lang='lat' dir='ltr'><strong><em>adu-321</em></strong></span> <span class='ocrx_word' id='word_1_127' title='bbox 738 1188 750 1207; x_wconf 90' lang='lat'>‚</span> <span class='ocrx_word' id='word_1_128' title='bbox 780 1156 871 1197; x_wconf 70' lang='grc' dir='ltr'><strong><em>ἀλλ’</em></strong></span> <span class='ocrx_word' id='word_1_129' title='bbox 899 1153 944 1196; x_wconf 85' lang='grc' dir='ltr'><strong><em>εἴ</em></strong></span> <span class='ocrx_word' id='word_1_130' title='bbox 977 1169 1040 1203; x_wconf 91' lang='grc' dir='ltr'><strong><em>τις</em></strong></span> <span class='ocrx_word' id='word_1_131' title='bbox 1073 1155 1196 1196; x_wconf 82' lang='grc' dir='ltr'><strong><em>τοῦτο</em></strong></span> <span class='ocrx_word' id='word_1_132' title='bbox 1223 1153 1445 1207; x_wconf 80' lang='grc' dir='ltr'><strong><em>εἰργάσατό</em></strong></span> <span class='ocrx_word' id='word_1_133' title='bbox 1470 1168 1567 1195; x_wconf 81' lang='grc' dir='ltr'><strong><em>ποτε</em></strong></span> <span class='ocrx_word' id='word_1_134' title='bbox 1591 1150 1620 1208; x_wconf 80' lang='grc' dir='ltr'><strong><em>ἢ</em></strong></span> 
     </span>
    </p>

    <p class='ocr_par' dir='ltr' id='par_1_5' title="bbox 125 1217 1620 1539">
     <span class='ocr_line' id='line_1_16' title="bbox 125 1217 1620 1276; baseline -0.004 -11"><span class='ocrx_word' id='word_1_135' title='bbox 125 1224 172 1265; x_wconf 85' lang='lat'><strong><em>15</em></strong></span> <span class='ocrx_word' id='word_1_136' title='bbox 182 1219 308 1276; x_wconf 84' lang='grc' dir='ltr'><strong><em>μόνον</em></strong></span> <span class='ocrx_word' id='word_1_137' title='bbox 344 1220 586 1275; x_wconf 82' lang='grc' dir='ltr'><strong><em>προύκυψεν</em></strong></span> <span class='ocrx_word' id='word_1_138' title='bbox 615 1218 784 1272; x_wconf 82' lang='grc' dir='ltr'><strong><em>ἔνδοθι,</em></strong></span> <span class='ocrx_word' id='word_1_139' title='bbox 816 1219 967 1261; x_wconf 71' lang='grc' dir='ltr'><strong><em>αὐτίκα</em></strong></span> <span class='ocrx_word' id='word_1_140' title='bbox 1007 1219 1065 1269; x_wconf 77' lang='grc' dir='ltr'><strong><em>ὥς</em></strong></span> <span class='ocrx_word' id='word_1_141' title='bbox 1104 1217 1183 1260; x_wconf 81' lang='grc' dir='ltr'><strong><em>ὖπὸ</em></strong></span> <span class='ocrx_word' id='word_1_142' title='bbox 1216 1218 1401 1273; x_wconf 77' lang='grc' dir='ltr'><strong><em>Σκύλλης</em></strong></span> <span class='ocrx_word' id='word_1_143' title='bbox 1436 1218 1620 1274; x_wconf 74' lang='grc' dir='ltr'><strong><em>ἀρχαίου</em></strong></span> 
     </span>
     <span class='ocr_line' id='line_1_17' title="bbox 183 1281 1620 1341; baseline -0.003 -12"><span class='ocrx_word' id='word_1_144' title='bbox 183 1289 314 1329; x_wconf 80' lang='grc' dir='ltr'><strong><em>κακοῦ</em></strong></span> <span class='ocrx_word' id='word_1_145' title='bbox 338 1287 420 1328; x_wconf 75' lang='grc' dir='ltr'><strong><em>τῶν</em></strong></span> <span class='ocrx_word' id='word_1_146' title='bbox 446 1284 559 1335; x_wconf 76' lang='grc' dir='ltr'><strong><em>ἐντὸς</em></strong></span> <span class='ocrx_word' id='word_1_147' title='bbox 586 1285 720 1341; x_wconf 72' lang='grc' dir='ltr'><strong><em>αὐτῆς</em></strong></span> <span class='ocrx_word' id='word_1_148' title='bbox 748 1284 1017 1341; x_wconf 80' lang='grc' dir='ltr'><strong><em>α’νηρπάζετο,</em></strong></span> <span class='ocrx_word' id='word_1_149' title='bbox 1046 1287 1120 1327; x_wconf 86' lang='grc' dir='ltr'><strong><em>καί</em></strong></span> <span class='ocrx_word' id='word_1_150' title='bbox 1127 1282 1444 1338; x_wconf 58' lang='grc' dir='ltr'><strong><em>-καθιστάμςνος</em></strong></span> <span class='ocrx_word' id='word_1_151' title='bbox 1469 1286 1528 1334; x_wconf 82' lang='grc' dir='ltr'><strong><em>εἰς</em></strong></span> <span class='ocrx_word' id='word_1_152' title='bbox 1549 1281 1620 1326; x_wconf 85' lang='grc' dir='ltr'><strong><em>λό-</em></strong></span> 
     </span>
     <span class='ocr_line' id='line_1_18' title="bbox 181 1349 1620 1407; baseline -0.002 -13"><span class='ocrx_word' id='word_1_153' title='bbox 181 1367 282 1407; x_wconf 74' lang='grc' dir='ltr'><strong><em>γους</em></strong></span> <span class='ocrx_word' id='word_1_154' title='bbox 306 1352 380 1394; x_wconf 85' lang='grc' dir='ltr'><strong><em>καί</em></strong></span> <span class='ocrx_word' id='word_1_155' title='bbox 406 1349 604 1400; x_wconf 83' lang='grc' dir='ltr'><strong><em>πολλάκις</em></strong></span> <span class='ocrx_word' id='word_1_156' title='bbox 626 1350 670 1393; x_wconf 85' lang='grc' dir='ltr'><strong><em>τὸ</em></strong></span> <span class='ocrx_word' id='word_1_157' title='bbox 698 1349 833 1394; x_wconf 84' lang='grc' dir='ltr'><strong><em>αἴτιον</em></strong></span> <span class='ocrx_word' id='word_1_158' title='bbox 862 1350 1174 1405; x_wconf 76' lang='grc' dir='ltr'><strong><em>διερωτώμενος</em></strong></span> <span class='ocrx_word' id='word_1_159' title='bbox 1204 1353 1281 1391; x_wconf 80' lang='grc' dir='ltr'><strong><em>τοῦ</em></strong></span> <span class='ocrx_word' id='word_1_160' title='bbox 1311 1351 1444 1391; x_wconf 75' lang='grc' dir='ltr'><strong><em>ἐκεῖσε</em></strong></span> <span class='ocrx_word' id='word_1_161' title='bbox 1482 1366 1620 1405; x_wconf 89' lang='grc' dir='ltr'><strong><em>παρα-</em></strong></span> 
     </span>
     <span class='ocr_line' id='line_1_19' title="bbox 181 1412 1620 1473; baseline -0.003 -13"><span class='ocrx_word' id='word_1_162' title='bbox 181 1421 327 1473; x_wconf 78' lang='grc' dir='ltr'><strong><em>βαλεῖν</em></strong></span> <span class='ocrx_word' id='word_1_163' title='bbox 354 1413 382 1473; x_wconf 71' lang='grc' dir='ltr'><strong><em>ἢ</em></strong></span> <span class='ocrx_word' id='word_1_164' title='bbox 409 1412 522 1470; x_wconf 69' lang='grc' dir='ltr'><strong><em>ὄμμα</em></strong></span> <span class='ocrx_word' id='word_1_165' title='bbox 551 1423 636 1466; x_wconf 83' lang='grc' dir='ltr'><strong><em>τοῖς</em></strong></span> <span class='ocrx_word' id='word_1_166' title='bbox 656 1415 737 1459; x_wconf 83' lang='grc' dir='ltr'><strong><em>ἔσω</em></strong></span> <span class='ocrx_word' id='word_1_167' title='bbox 759 1420 901 1471; x_wconf 83' lang='grc' dir='ltr'><strong><em>βαλεῖν</em></strong></span> <span class='ocrx_word' id='word_1_168' title='bbox 928 1413 958 1472; x_wconf 79' lang='grc' dir='ltr'><em>ἢ</em></span> <span class='ocrx_word' id='word_1_169' title='bbox 983 1415 1058 1459; x_wconf 83' lang='grc' dir='ltr'><strong><em>τόν</em></strong></span> <span class='ocrx_word' id='word_1_170' title='bbox 1082 1415 1211 1458; x_wconf 80' lang='grc' dir='ltr'><strong><em>ου’δὸν</em></strong></span> <span class='ocrx_word' id='word_1_171' title='bbox 1241 1418 1314 1471; x_wconf 85' lang='grc' dir='ltr'><strong><em>τῆς</em></strong></span> <span class='ocrx_word' id='word_1_172' title='bbox 1341 1415 1514 1458; x_wconf 81' lang='grc' dir='ltr'><strong><em>αύλειόυ</em></strong></span> <span class='ocrx_word' id='word_1_173' title='bbox 1538 1433 1620 1456; x_wconf 84' lang='grc' dir='ltr'><strong><em>πα-</em></strong></span> 
     </span>
     <span class='ocr_line' id='line_1_20' title="bbox 183 1481 1619 1539; baseline -0.003 -13"><span class='ocrx_word' id='word_1_174' title='bbox 183 1486 311 1539; x_wconf 80' lang='grc' dir='ltr'><strong><em>τῆσαι</em></strong></span> <span class='ocrx_word' id='word_1_175' title='bbox 340 1481 495 1532; x_wconf 76' lang='grc' dir='ltr'><strong><em>πολλὰς</em></strong></span> <span class='ocrx_word' id='word_1_176' title='bbox 520 1484 721 1538; x_wconf 76' lang='grc' dir='ltr'><strong><em>ε’δαίρετο,</em></strong></span> <span class='ocrx_word' id='word_1_177' title='bbox 749 1484 824 1525; x_wconf 86' lang='grc' dir='ltr'><strong><em>καί</em></strong></span> <span class='ocrx_word' id='word_1_178' title='bbox 834 1481 1036 1539; x_wconf 80' lang='grc' dir='ltr'><strong><em>χρήματα</em></strong></span> <span class='ocrx_word' id='word_1_179' title='bbox 1055 1484 1256 1538; x_wconf 88' lang='grc' dir='ltr'><strong><em>παρέχειν</em></strong></span> <span class='ocrx_word' id='word_1_180' title='bbox 1274 1482 1619 1537; x_wconf 80' lang='grc' dir='ltr'><strong><em>κατηναγκάζετο,</em></strong></span> 
     </span>
    </p>

    <p class='ocr_par' dir='ltr' id='par_1_6' title="bbox 119 1543 1659 1802">
     <span class='ocr_line' id='line_1_21' title="bbox 119 1543 1620 1603; baseline -0.003 -11"><span class='ocrx_word' id='word_1_181' title='bbox 119 1547 213 1592; x_wconf 71' lang='grc' dir='ltr'><strong><em>2οᾶ</em></strong></span> <span class='ocrx_word' id='word_1_182' title='bbox 243 1552 376 1591; x_wconf 78' lang='grc' dir='ltr'><strong><em>έκεΐσέ</em></strong></span> <span class='ocrx_word' id='word_1_183' title='bbox 414 1564 495 1590; x_wconf 90' lang='grc' dir='ltr'><strong><em>που</em></strong></span> <span class='ocrx_word' id='word_1_184' title='bbox 524 1547 790 1591; x_wconf 75' lang='grc' dir='ltr'><strong><em>ὑπωπτεύετο</em></strong></span> <span class='ocrx_word' id='word_1_185' title='bbox 818 1547 1084 1603; x_wconf 84' lang='grc' dir='ltr'><strong><em>κατακρύψαι</em></strong></span> <span class='ocrx_word' id='word_1_186' title='bbox 1122 1550 1196 1590; x_wconf 82' lang='grc' dir='ltr'>καί</span> <span class='ocrx_word' id='word_1_187' title='bbox 1235 1543 1297 1598; x_wconf 87' lang='grc' dir='ltr'><strong><em>οἷς</em></strong></span> <span class='ocrx_word' id='word_1_188' title='bbox 1336 1547 1412 1602; x_wconf 67' lang='grc' dir='ltr'><strong><em>τὴν</em></strong></span> <span class='ocrx_word' id='word_1_189' title='bbox 1444 1548 1620 1601; x_wconf 73' lang='grc' dir='ltr'><strong><em>καρδίαν</em></strong></span> 
     </span>
     <span class='ocr_line' id='line_1_22' title="bbox 185 1611 1620 1670; baseline -0.003 -13"><span class='ocrx_word' id='word_1_190' title='bbox 185 1616 314 1670; x_wconf 74' lang='grc' dir='ltr'><strong><em>δῆθεν</em></strong></span> <span class='ocrx_word' id='word_1_191' title='bbox 340 1616 496 1668; x_wconf 81' lang='grc' dir='ltr'><strong><em>ε’κχέων</em></strong></span> <span class='ocrx_word' id='word_1_192' title='bbox 532 1615 605 1656; x_wconf 80' lang='grc' dir='ltr'><em>καί</em></span> <span class='ocrx_word' id='word_1_193' title='bbox 628 1611 715 1658; x_wconf 84' lang='grc' dir='ltr'><strong><em>οἷον</em></strong></span> <span class='ocrx_word' id='word_1_194' title='bbox 730 1616 1077 1669; x_wconf 85' lang='grc' dir='ltr'><strong><em>συμβεβυσμένην</em></strong></span> <span class='ocrx_word' id='word_1_195' title='bbox 1109 1614 1258 1668; x_wconf 70' lang='grc' dir='ltr'><strong><em>αὐχῶν</em></strong></span> <span class='ocrx_word' id='word_1_196' title='bbox 1277 1612 1620 1667; x_wconf 72' lang='grc' dir='ltr'><strong><em>περιπαπταίνειν</em></strong></span> 
     </span>
     <span class='ocr_line' id='line_1_23' title="bbox 186 1677 1619 1736; baseline -0.002 -15"><span class='ocrx_word' id='word_1_197' title='bbox 186 1677 380 1736; x_wconf 79' lang='grc' dir='ltr'><strong><em>προήχθη</em></strong></span> <span class='ocrx_word' id='word_1_198' title='bbox 406 1679 452 1722; x_wconf 84' lang='grc' dir='ltr'><strong><em>τὸ</em></strong></span> <span class='ocrx_word' id='word_1_199' title='bbox 479 1678 642 1735; x_wconf 79' lang='grc' dir='ltr'><strong><em>οἴκημα,</em></strong></span> <span class='ocrx_word' id='word_1_200' title='bbox 673 1678 823 1730; x_wconf 76' lang='grc' dir='ltr'><strong><em>δεδιώς</em></strong></span> <span class='ocrx_word' id='word_1_201' title='bbox 848 1680 906 1734; x_wconf 79' lang='grc' dir='ltr'><strong><em>μή</em></strong></span> <span class='ocrx_word' id='word_1_202' title='bbox 942 1679 1190 1734; x_wconf 82' lang='grc' dir='ltr'><strong><em>σεσύληνται</em></strong></span> <span class='ocrx_word' id='word_1_203' title='bbox 1221 1680 1293 1720; x_wconf 87' lang='grc' dir='ltr'><em>καί</em></span> <span class='ocrx_word' id='word_1_204' title='bbox 1318 1677 1509 1720; x_wconf 85' lang='grc' dir='ltr'><strong><em>σπεύδων</em></strong></span> <span class='ocrx_word' id='word_1_205' title='bbox 1534 1693 1619 1731; x_wconf 88' lang='grc' dir='ltr'><strong><em>μα-</em></strong></span> 
     </span>
     <span class='ocr_line' id='line_1_24' title="bbox 186 1743 1659 1802; baseline -0.002 -15"><span class='ocrx_word' id='word_1_206' title='bbox 186 1749 280 1789; x_wconf 81' lang='grc' dir='ltr'><strong><em>θεῖν</em></strong></span> <span class='ocrx_word' id='word_1_207' title='bbox 308 1747 349 1789; x_wconf 84' lang='grc' dir='ltr'><strong><em>εἰ</em></strong></span> <span class='ocrx_word' id='word_1_208' title='bbox 381 1745 455 1787; x_wconf 75' lang='grc' dir='ltr'><strong><em>οὐκ</em></strong></span> <span class='ocrx_word' id='word_1_209' title='bbox 483 1743 610 1787; x_wconf 75' lang='grc' dir='ltr'><strong><em>ἔλαθε</em></strong></span> <span class='ocrx_word' id='word_1_210' title='bbox 635 1745 683 1787; x_wconf 82' lang='grc' dir='ltr'><strong><em>τὸ</em></strong></span> <span class='ocrx_word' id='word_1_211' title='bbox 712 1747 840 1802; x_wconf 85' lang='grc' dir='ltr'><strong><em>μέρος</em></strong></span> <span class='ocrx_word' id='word_1_212' title='bbox 866 1747 941 1799; x_wconf 81' lang='grc' dir='ltr'><strong><em>τῆς</em></strong></span> <span class='ocrx_word' id='word_1_213' title='bbox 975 1745 1106 1793; x_wconf 81' lang='grc' dir='ltr'><strong><em>οἰκίας</em></strong></span> <span class='ocrx_word' id='word_1_214' title='bbox 1134 1743 1234 1793; x_wconf 78' lang='grc' dir='ltr'><strong><em>τούς</em></strong></span> <span class='ocrx_word' id='word_1_215' title='bbox 1269 1744 1493 1796; x_wconf 83' lang='grc' dir='ltr'><strong><em>πολεμίους</em></strong></span> <span class='ocrx_word' id='word_1_216' title='bbox 1522 1745 1659 1784; x_wconf 69' lang='grc' dir='ltr'><strong><em>καθ’(ἶ</em></strong></span> 
     </span>
    </p>
   </div>
   <div class='ocr_carea' id='block_1_3' title="bbox 273 1865 1617 2048">
    <p class='ocr_par' dir='ltr' id='par_1_7' title="bbox 273 1865 1617 2048">
     <span class='ocr_line' id='line_1_25' title="bbox 274 1865 1617 1914; baseline -0.002 -13"><span class='ocrx_word' id='word_1_217' title='bbox 274 1869 308 1901; x_wconf 82' lang='grc'><strong><em>3.</em></strong></span> <span class='ocrx_word' id='word_1_218' title='bbox 333 1867 410 1907; x_wconf 74' lang='grc' dir='ltr'><strong><em>α’λλ·</em></strong></span> <span class='ocrx_word' id='word_1_219' title='bbox 435 1866 522 1905; x_wconf 72' lang='grc' dir='ltr'><strong><em>οόδὲ</em></strong></span> <span class='ocrx_word' id='word_1_220' title='bbox 546 1866 790 1914; x_wconf 76' lang='grc' dir='ltr'><strong><em>ὖποκιίμισον</em></strong></span> <span class='ocrx_word' id='word_1_221' title='bbox 812 1865 970 1914; x_wconf 78' lang='grc' dir='ltr'><strong><em>α’φῆκαν</em></strong></span> <span class='ocrx_word' id='word_1_222' title='bbox 997 1865 1135 1904; x_wconf 65' lang='grc' dir='ltr'><strong><em>αὐτοὺς</em></strong></span> <span class='ocrx_word' id='word_1_223' title='bbox 1159 1869 1299 1912; x_wconf 78' lang='grc' dir='ltr'><strong><em>φορεῖν</em></strong></span> <span class='ocrx_word' id='word_1_224' title='bbox 1315 1866 1353 1902; x_wconf 89' lang='grc' dir='ltr'><strong><em>Β.</em></strong></span> <span class='ocrx_word' id='word_1_225' title='bbox 1471 1867 1505 1900; x_wconf 80' lang='lat'><strong><em>5.</em></strong></span> <span class='ocrx_word' id='word_1_226' title='bbox 1530 1876 1617 1909; x_wconf 80' lang='grc' dir='ltr'><strong><em>τρυ-</em></strong></span> 
     </span>
     <span class='ocr_line' id='line_1_26' title="bbox 273 1907 1617 1963; baseline -0.001 -16"><span class='ocrx_word' id='word_1_227' title='bbox 273 1913 355 1960; x_wconf 70' lang='grc' dir='ltr'><strong><em>φὰς</em></strong></span> <span class='ocrx_word' id='word_1_228' title='bbox 390 1915 444 1955; x_wconf 79' lang='lat' dir='ltr'><strong><em>A,</em></strong></span> <span class='ocrx_word' id='word_1_229' title='bbox 482 1907 558 1963; x_wconf 66' lang='grc' dir='ltr'><strong><em>εἲᾶμ</em></strong></span> <span class='ocrx_word' id='word_1_230' title='bbox 591 1926 615 1947; x_wconf 85' lang='grc' dir='ltr'><strong><em>α</em></strong></span> <span class='ocrx_word' id='word_1_231' title='bbox 637 1913 756 1957; x_wconf 79' lang='grc' dir='ltr'><strong><em>ἄρτου</em></strong></span> <span class='ocrx_word' id='word_1_232' title='bbox 780 1914 818 1946; x_wconf 89' lang='grc' dir='ltr'><strong><em>Β.</em></strong></span> <span class='ocrx_word' id='word_1_233' title='bbox 911 1915 944 1948; x_wconf 89' lang='grc'><strong><em>8.</em></strong></span> <span class='ocrx_word' id='word_1_234' title='bbox 970 1916 1131 1955; x_wconf 80' lang='grc' dir='ltr'><strong><em>σηπυίας</em></strong></span> <span class='ocrx_word' id='word_1_235' title='bbox 1153 1915 1196 1951; x_wconf 81' lang='grc' dir='ltr'><strong><em>Δ,</em></strong></span> <span class='ocrx_word' id='word_1_236' title='bbox 1321 1923 1372 1948; x_wconf 88' lang='grc' dir='ltr'><strong><em>ιο.</em></strong></span> <span class='ocrx_word' id='word_1_237' title='bbox 1395 1909 1459 1958; x_wconf 72' lang='grc' dir='ltr'><strong><em>ὥς]</em></strong></span> <span class='ocrx_word' id='word_1_238' title='bbox 1486 1914 1548 1945; x_wconf 78' lang='grc' dir='ltr'><strong><em>καὶ</em></strong></span> <span class='ocrx_word' id='word_1_239' title='bbox 1576 1914 1617 1945; x_wconf 82' lang='lat' dir='ltr'><strong><em>A.</em></strong></span> 
     </span>
     <span class='ocr_line' id='line_1_27' title="bbox 274 1956 1617 2048; baseline -0.003 -52"><span class='ocrx_word' id='word_1_240' title='bbox 274 1959 575 2048; x_wconf 48' lang='grc' dir='ltr'><strong><em>ξὲἱοδὲσπόταος,</em></strong></span> <span class='ocrx_word' id='word_1_241' title='bbox 601 1961 803 1999; x_wconf 60' lang='lat' dir='ltr'><strong><em>adamans</em></strong></span> <span class='ocrx_word' id='word_1_242' title='bbox 826 1961 862 1994; x_wconf 91' lang='grc' dir='ltr'><strong><em>Β.</em></strong></span> <span class='ocrx_word' id='word_1_243' title='bbox 983 1963 1032 2005; x_wconf 73' lang='grc' dir='ltr'><strong><em>ι4.</em></strong></span> <span class='ocrx_word' id='word_1_244' title='bbox 1056 1961 1184 1998; x_wconf 70' lang='grc' dir='ltr'><strong><em>αὐτοῖς</em></strong></span> <span class='ocrx_word' id='word_1_245' title='bbox 1207 1960 1247 1993; x_wconf 82' lang='lat' dir='ltr'><strong><em>A.</em></strong></span> <span class='ocrx_word' id='word_1_246' title='bbox 1355 1961 1406 1994; x_wconf 82' lang='lat'><strong><em>16.</em></strong></span> <span class='ocrx_word' id='word_1_247' title='bbox 1435 1956 1617 2005; x_wconf 75' lang='grc' dir='ltr'><strong><em>α’φηρπιί·</em></strong></span> 
     </span>
    </p>
   </div>
   <div class='ocr_carea' id='block_1_4' title="bbox 181 2107 1620 2805">
    <p class='ocr_par' dir='ltr' id='par_1_8' title="bbox 181 2107 1620 2805">
     <span class='ocr_line' id='line_1_28' title="bbox 183 2107 1616 2156; baseline -0.002 -13"><span class='ocrx_word' id='word_1_248' title='bbox 183 2121 239 2143; x_wconf 81' lang='lat' dir='ltr'><strong><em>res</em></strong></span> <span class='ocrx_word' id='word_1_249' title='bbox 267 2114 351 2143; x_wconf 78' lang='lat' dir='ltr'><strong>sunt</strong></span> <span class='ocrx_word' id='word_1_250' title='bbox 371 2110 532 2154; x_wconf 76' lang='lat' dir='ltr'><strong>experti3</strong></span> <span class='ocrx_word' id='word_1_251' title='bbox 558 2111 622 2156; x_wconf 88' lang='lat' dir='ltr'><strong>qui</strong></span> <span class='ocrx_word' id='word_1_252' title='bbox 643 2121 717 2143; x_wconf 88' lang='lat' dir='ltr'><strong><em>non</em></strong></span> <span class='ocrx_word' id='word_1_253' title='bbox 745 2109 906 2142; x_wconf 83' lang='lat' dir='ltr'><strong>contenti</strong></span> <span class='ocrx_word' id='word_1_254' title='bbox 936 2109 1094 2154; x_wconf 80' lang='lat' dir='ltr'><strong>expulsis</strong></span> <span class='ocrx_word' id='word_1_255' title='bbox 1119 2109 1275 2142; x_wconf 85' lang='lat' dir='ltr'><strong>dominis</strong></span> <span class='ocrx_word' id='word_1_256' title='bbox 1300 2107 1407 2141; x_wconf 80' lang='lat' dir='ltr'><strong>aedes</strong></span> <span class='ocrx_word' id='word_1_257' title='bbox 1432 2112 1470 2141; x_wconf 86' lang='lat' dir='ltr'><strong>et</strong></span> <span class='ocrx_word' id='word_1_258' title='bbox 1495 2107 1616 2140; x_wconf 77' lang='lat' dir='ltr'><strong>omnia</strong></span> 
     </span>
     <span class='ocr_line' id='line_1_29' title="bbox 183 2155 1618 2201; baseline 0 -13"><span class='ocrx_word' id='word_1_259' title='bbox 183 2167 277 2201; x_wconf 80' lang='lat' dir='ltr'><strong>quae</strong></span> <span class='ocrx_word' id='word_1_260' title='bbox 305 2156 343 2189; x_wconf 87' lang='lat' dir='ltr'><strong>in</strong></span> <span class='ocrx_word' id='word_1_261' title='bbox 371 2157 416 2190; x_wconf 85' lang='lat' dir='ltr'><strong><em>iis</em></strong></span> <span class='ocrx_word' id='word_1_262' title='bbox 441 2157 544 2190; x_wconf 83' lang='lat' dir='ltr'><strong>erant</strong></span> <span class='ocrx_word' id='word_1_263' title='bbox 563 2157 635 2190; x_wconf 84' lang='lat' dir='ltr'><strong>sibi</strong></span> <span class='ocrx_word' id='word_1_264' title='bbox 658 2156 869 2197; x_wconf 83' lang='lat' dir='ltr'><strong>vendicare,</strong></span> <span class='ocrx_word' id='word_1_265' title='bbox 893 2156 1000 2189; x_wconf 85' lang='lat' dir='ltr'><strong>etiam</strong></span> <span class='ocrx_word' id='word_1_266' title='bbox 1027 2162 1144 2190; x_wconf 82' lang='lat' dir='ltr'><strong>vestes</strong></span> <span class='ocrx_word' id='word_1_267' title='bbox 1173 2157 1225 2189; x_wconf 88' lang='lat' dir='ltr'><strong>eis</strong></span> <span class='ocrx_word' id='word_1_268' title='bbox 1249 2160 1464 2200; x_wconf 82' lang='lat' dir='ltr'><strong>rapuerunt,</strong></span> <span class='ocrx_word' id='word_1_269' title='bbox 1489 2165 1535 2187; x_wconf 89' lang='lat' dir='ltr'><strong><em>ne</em></strong></span> <span class='ocrx_word' id='word_1_270' title='bbox 1559 2155 1618 2188; x_wconf 82' lang='lat' dir='ltr'><strong>iu-</strong></span> 
     </span>
     <span class='ocr_line' id='line_1_30' title="bbox 183 2202 1617 2248; baseline -0.002 -12"><span class='ocrx_word' id='word_1_271' title='bbox 183 2203 310 2236; x_wconf 85' lang='lat' dir='ltr'><strong>terulis</strong></span> <span class='ocrx_word' id='word_1_272' title='bbox 333 2203 479 2248; x_wconf 87' lang='lat' dir='ltr'><strong>quidem</strong></span> <span class='ocrx_word' id='word_1_273' title='bbox 514 2203 648 2236; x_wconf 78' lang='lat' dir='ltr'><strong>relictis</strong></span> <span class='ocrx_word' id='word_1_274' title='bbox 665 2229 676 2244; x_wconf 85' lang='grc'>,</span> <span class='ocrx_word' id='word_1_275' title='bbox 713 2202 845 2248; x_wconf 86' lang='lat' dir='ltr'><strong>quibus</strong></span> <span class='ocrx_word' id='word_1_276' title='bbox 883 2213 924 2236; x_wconf 87' lang='lat' dir='ltr'><strong><em>ea</em></strong></span> <span class='ocrx_word' id='word_1_277' title='bbox 949 2208 1155 2246; x_wconf 77' lang='lat' dir='ltr'><strong>tegerentur</strong></span> <span class='ocrx_word' id='word_1_278' title='bbox 1183 2213 1275 2247; x_wconf 85' lang='lat' dir='ltr'><strong>quae</strong></span> <span class='ocrx_word' id='word_1_279' title='bbox 1299 2207 1428 2234; x_wconf 79' lang='lat' dir='ltr'><strong>natura</strong></span> <span class='ocrx_word' id='word_1_280' title='bbox 1450 2203 1524 2245; x_wconf 81' lang='lat' dir='ltr'><strong>tegi</strong></span> <span class='ocrx_word' id='word_1_281' title='bbox 1552 2212 1617 2234; x_wconf 82' lang='lat' dir='ltr'><strong><em>vo-</em></strong></span> 
     </span>
     <span class='ocr_line' id='line_1_31' title="bbox 181 2248 1617 2295; baseline -0.001 -14"><span class='ocrx_word' id='word_1_282' title='bbox 181 2249 273 2291; x_wconf 86' lang='lat' dir='ltr'><strong>luit;</strong></span> <span class='ocrx_word' id='word_1_283' title='bbox 295 2260 362 2282; x_wconf 89' lang='lat' dir='ltr'><strong><em>nec</em></strong></span> <span class='ocrx_word' id='word_1_284' title='bbox 389 2250 541 2283; x_wconf 80' lang='lat' dir='ltr'><strong>frustum</strong></span> <span class='ocrx_word' id='word_1_285' title='bbox 563 2250 667 2295; x_wconf 84' lang='lat' dir='ltr'><strong>panis</strong></span> <span class='ocrx_word' id='word_1_286' title='bbox 693 2249 848 2282; x_wconf 87' lang='lat' dir='ltr'><strong>dominis</strong></span> <span class='ocrx_word' id='word_1_287' title='bbox 874 2249 1141 2294; x_wconf 82' lang='lat' dir='ltr'><strong>impertiebant,</strong></span> <span class='ocrx_word' id='word_1_288' title='bbox 1166 2260 1318 2294; x_wconf 87' lang='lat' dir='ltr'><strong>quorum</strong></span> <span class='ocrx_word' id='word_1_289' title='bbox 1342 2248 1438 2281; x_wconf 85' lang='lat' dir='ltr'><strong><em>bona</em></strong></span> <span class='ocrx_word' id='word_1_290' title='bbox 1463 2259 1617 2293; x_wconf 83' lang='lat' dir='ltr'><strong>occupa-</strong></span> 
     </span>
     <span class='ocr_line' id='line_1_32' title="bbox 183 2295 1618 2339; baseline 0 -12"><span class='ocrx_word' id='word_1_291' title='bbox 183 2301 273 2329; x_wconf 80' lang='lat' dir='ltr'><strong>rant.</strong></span> <span class='ocrx_word' id='word_1_292' title='bbox 295 2296 360 2330; x_wconf 77' lang='lat' dir='ltr'><strong><em>sed</em></strong></span> <span class='ocrx_word' id='word_1_293' title='bbox 385 2295 530 2329; x_wconf 84' lang='lat' dir='ltr'><strong>barbari</strong></span> <span class='ocrx_word' id='word_1_294' title='bbox 552 2297 718 2330; x_wconf 72' lang='lat' dir='ltr'><strong>sedentes</strong></span> <span class='ocrx_word' id='word_1_295' title='bbox 734 2296 773 2329; x_wconf 86' lang='lat' dir='ltr'><strong>iu</strong></span> <span class='ocrx_word' id='word_1_296' title='bbox 787 2295 937 2329; x_wconf 82' lang='lat' dir='ltr'><strong>aedibus</strong></span> <span class='ocrx_word' id='word_1_297' title='bbox 962 2295 1264 2336; x_wconf 85' lang='lat' dir='ltr'><strong>comessabantur,</strong></span> <span class='ocrx_word' id='word_1_298' title='bbox 1288 2301 1325 2328; x_wconf 87' lang='lat' dir='ltr'><strong>et</strong></span> <span class='ocrx_word' id='word_1_299' title='bbox 1339 2306 1403 2339; x_wconf 90' lang='lat' dir='ltr'><strong><em>per</em></strong></span> <span class='ocrx_word' id='word_1_300' title='bbox 1427 2295 1551 2327; x_wconf 89' lang='lat' dir='ltr'><strong>luxum</strong></span> <span class='ocrx_word' id='word_1_301' title='bbox 1574 2306 1618 2327; x_wconf 82' lang='lat' dir='ltr'><strong><em>ea</em></strong></span> 
     </span>
     <span class='ocr_line' id='line_1_33' title="bbox 181 2341 1615 2388; baseline -0.001 -14"><span class='ocrx_word' id='word_1_302' title='bbox 181 2341 421 2377; x_wconf 78' lang='lat' dir='ltr'><strong>absumebant</strong></span> <span class='ocrx_word' id='word_1_303' title='bbox 445 2354 538 2388; x_wconf 82' lang='lat' dir='ltr'><strong>quae</strong></span> <span class='ocrx_word' id='word_1_304' title='bbox 561 2354 782 2388; x_wconf 76' lang='lat' dir='ltr'><strong>possessores</strong></span> <span class='ocrx_word' id='word_1_305' title='bbox 798 2348 935 2376; x_wconf 82' lang='lat' dir='ltr'><strong>veteres</strong></span> <span class='ocrx_word' id='word_1_306' title='bbox 958 2343 1096 2387; x_wconf 80' lang='lat' dir='ltr'><strong>magnis</strong></span> <span class='ocrx_word' id='word_1_307' title='bbox 1119 2343 1307 2376; x_wconf 83' lang='lat' dir='ltr'>laboribus</span> <span class='ocrx_word' id='word_1_308' title='bbox 1331 2346 1615 2386; x_wconf 79' lang='lat' dir='ltr'><strong>comportarant3</strong></span> 
     </span>
     <span class='ocr_line' id='line_1_34' title="bbox 181 2388 1617 2435; baseline 0 -15"><span class='ocrx_word' id='word_1_309' title='bbox 181 2399 226 2420; x_wconf 79' lang='lat' dir='ltr'><strong><em>ac</em></strong></span> <span class='ocrx_word' id='word_1_310' title='bbox 250 2394 326 2421; x_wconf 85' lang='lat' dir='ltr'><strong>tum</strong></span> <span class='ocrx_word' id='word_1_311' title='bbox 350 2389 389 2426; x_wconf 84' lang='lat' dir='ltr'><strong>in</strong></span> <span class='ocrx_word' id='word_1_312' title='bbox 414 2390 530 2423; x_wconf 80' lang='lat' dir='ltr'><strong>triviis</strong></span> <span class='ocrx_word' id='word_1_313' title='bbox 550 2390 665 2423; x_wconf 88' lang='lat' dir='ltr'><strong>ieiuni</strong></span> <span class='ocrx_word' id='word_1_314' title='bbox 690 2395 727 2423; x_wconf 86' lang='lat' dir='ltr'><strong>et</strong></span> <span class='ocrx_word' id='word_1_315' title='bbox 751 2388 842 2422; x_wconf 85' lang='lat' dir='ltr'><strong>nudi</strong></span> <span class='ocrx_word' id='word_1_316' title='bbox 866 2389 1095 2431; x_wconf 81' lang='lat' dir='ltr'><strong>oberrabant,</strong></span> <span class='ocrx_word' id='word_1_317' title='bbox 1123 2390 1187 2435; x_wconf 89' lang='lat' dir='ltr'><strong>qui</strong></span> <span class='ocrx_word' id='word_1_318' title='bbox 1212 2388 1347 2422; x_wconf 85' lang='lat' dir='ltr'><strong>dudum</strong></span> <span class='ocrx_word' id='word_1_319' title='bbox 1371 2388 1480 2421; x_wconf 81' lang='lat' dir='ltr'><strong>lautis</strong></span> <span class='ocrx_word' id='word_1_320' title='bbox 1506 2388 1617 2421; x_wconf 83' lang='lat' dir='ltr'><strong>vesti-</strong></span> 
     </span>
     <span class='ocr_line' id='line_1_35' title="bbox 182 2434 1617 2480; baseline 0 -14"><span class='ocrx_word' id='word_1_321' title='bbox 182 2434 251 2467; x_wconf 81' lang='lat' dir='ltr'><strong><em>hus</em></strong></span> <span class='ocrx_word' id='word_1_322' title='bbox 273 2435 393 2469; x_wconf 80' lang='lat' dir='ltr'><strong>induti</strong></span> <span class='ocrx_word' id='word_1_323' title='bbox 414 2436 567 2470; x_wconf 78' lang='lat' dir='ltr'><strong>fuerant.</strong></span> <span class='ocrx_word' id='word_1_324' title='bbox 590 2437 722 2472; x_wconf 85' lang='lat' dir='ltr'><strong>lectum</strong></span> <span class='ocrx_word' id='word_1_325' title='bbox 747 2435 931 2469; x_wconf 81' lang='lat' dir='ltr'><strong>habebant</strong></span> <span class='ocrx_word' id='word_1_326' title='bbox 954 2442 1097 2477; x_wconf 88' lang='lat' dir='ltr'><strong>terram,</strong></span> <span class='ocrx_word' id='word_1_327' title='bbox 1121 2441 1289 2480; x_wconf 88' lang='lat' dir='ltr'><strong>tegumen</strong></span> <span class='ocrx_word' id='word_1_328' title='bbox 1313 2435 1472 2476; x_wconf 85' lang='lat' dir='ltr'><strong>caelum,</strong></span> <span class='ocrx_word' id='word_1_329' title='bbox 1497 2435 1617 2467; x_wconf 79' lang='lat' dir='ltr'><strong>fimeta</strong></span> 
     </span>
     <span class='ocr_line' id='line_1_36' title="bbox 183 2482 1618 2528; baseline -0.001 -16"><span class='ocrx_word' id='word_1_330' title='bbox 183 2491 248 2525; x_wconf 87' lang='lat' dir='ltr'><strong><em>pro</em></strong></span> <span class='ocrx_word' id='word_1_331' title='bbox 276 2483 453 2526; x_wconf 74' lang='lat' dir='ltr'><strong>stragulis.</strong></span> <span class='ocrx_word' id='word_1_332' title='bbox 491 2488 529 2516; x_wconf 89' lang='lat' dir='ltr'><strong>et</strong></span> <span class='ocrx_word' id='word_1_333' title='bbox 565 2483 663 2528; x_wconf 85' lang='lat' dir='ltr'><strong>quod</strong></span> <span class='ocrx_word' id='word_1_334' title='bbox 690 2482 778 2516; x_wconf 84' lang='lat' dir='ltr'><strong><em>haec</em></strong></span> <span class='ocrx_word' id='word_1_335' title='bbox 803 2483 923 2515; x_wconf 87' lang='lat' dir='ltr'><strong>omnia</strong></span> <span class='ocrx_word' id='word_1_336' title='bbox 955 2489 1120 2528; x_wconf 86' lang='lat' dir='ltr'><strong>superat,</strong></span> <span class='ocrx_word' id='word_1_337' title='bbox 1150 2488 1187 2515; x_wconf 86' lang='lat' dir='ltr'><strong>et</strong></span> <span class='ocrx_word' id='word_1_338' title='bbox 1209 2482 1255 2515; x_wconf 83' lang='lat' dir='ltr'><strong><em>ad</em></strong></span> <span class='ocrx_word' id='word_1_339' title='bbox 1277 2483 1395 2527; x_wconf 87' lang='lat' dir='ltr'><strong>ipsum</strong></span> <span class='ocrx_word' id='word_1_340' title='bbox 1420 2492 1535 2526; x_wconf 87' lang='lat' dir='ltr'><strong>usque</strong></span> <span class='ocrx_word' id='word_1_341' title='bbox 1557 2491 1618 2512; x_wconf 93' lang='lat' dir='ltr'><strong><em>cor</em></strong></span> 
     </span>
     <span class='ocr_line' id='line_1_37' title="bbox 183 2526 1617 2574; baseline -0.004 -11"><span class='ocrx_word' id='word_1_342' title='bbox 183 2532 359 2571; x_wconf 80' lang='lat' dir='ltr'><strong>penetrat,</strong></span> <span class='ocrx_word' id='word_1_343' title='bbox 394 2540 467 2563; x_wconf 90' lang='lat' dir='ltr'><strong><em>non</em></strong></span> <span class='ocrx_word' id='word_1_344' title='bbox 491 2529 627 2562; x_wconf 85' lang='lat' dir='ltr'><strong>licebat</strong></span> <span class='ocrx_word' id='word_1_345' title='bbox 650 2529 830 2574; x_wconf 79' lang='lat' dir='ltr'><strong>prioribus</strong></span> <span class='ocrx_word' id='word_1_346' title='bbox 854 2529 1008 2562; x_wconf 80' lang='lat' dir='ltr'><strong>dominis</strong></span> <span class='ocrx_word' id='word_1_347' title='bbox 1036 2529 1144 2562; x_wconf 85' lang='lat' dir='ltr'><strong>aedes</strong></span> <span class='ocrx_word' id='word_1_348' title='bbox 1178 2528 1328 2573; x_wconf 84' lang='lat' dir='ltr'><strong>ingredi.</strong></span> <span class='ocrx_word' id='word_1_349' title='bbox 1359 2528 1458 2573; x_wconf 89' lang='lat' dir='ltr'><strong>quod</strong></span> <span class='ocrx_word' id='word_1_350' title='bbox 1481 2528 1510 2559; x_wconf 84' lang='lat' dir='ltr'><strong>si</strong></span> <span class='ocrx_word' id='word_1_351' title='bbox 1536 2526 1617 2569; x_wconf 87' lang='lat' dir='ltr'><strong>quis</strong></span> 
     </span>
     <span class='ocr_line' id='line_1_38' title="bbox 184 2573 1617 2620; baseline -0.002 -14"><span class='ocrx_word' id='word_1_352' title='bbox 184 2573 320 2606; x_wconf 78' lang='lat' dir='ltr'><strong>fecerat</strong></span> <span class='ocrx_word' id='word_1_353' title='bbox 346 2580 409 2607; x_wconf 80' lang='lat' dir='ltr'><strong><em>aut</em></strong></span> <span class='ocrx_word' id='word_1_354' title='bbox 432 2576 558 2608; x_wconf 82' lang='lat' dir='ltr'><strong>saltem</strong></span> <span class='ocrx_word' id='word_1_355' title='bbox 582 2577 868 2620; x_wconf 74' lang='lat' dir='ltr'><strong>introspexerat,</strong></span> <span class='ocrx_word' id='word_1_356' title='bbox 910 2576 1031 2609; x_wconf 82' lang='lat' dir='ltr'><strong>statim</strong></span> <span class='ocrx_word' id='word_1_357' title='bbox 1055 2576 1290 2609; x_wconf 82' lang='lat' dir='ltr'><strong>inclementer</strong></span> <span class='ocrx_word' id='word_1_358' title='bbox 1313 2576 1351 2608; x_wconf 88' lang='lat' dir='ltr'><strong>in</strong></span> <span class='ocrx_word' id='word_1_359' title='bbox 1376 2585 1452 2607; x_wconf 81' lang='lat' dir='ltr'><strong><em>eam</em></strong></span> <span class='ocrx_word' id='word_1_360' title='bbox 1477 2578 1617 2617; x_wconf 86' lang='lat' dir='ltr'><strong>pertra-</strong></span> 
     </span>
     <span class='ocr_line' id='line_1_39' title="bbox 185 2618 1618 2666; baseline -0.001 -16"><span class='ocrx_word' id='word_1_361' title='bbox 185 2618 359 2659; x_wconf 81' lang='lat' dir='ltr'><strong>hebatur,</strong></span> <span class='ocrx_word' id='word_1_362' title='bbox 383 2625 421 2653; x_wconf 83' lang='lat' dir='ltr'><strong>et</strong></span> <span class='ocrx_word' id='word_1_363' title='bbox 447 2622 602 2655; x_wconf 86' lang='lat' dir='ltr'><strong>subinde</strong></span> <span class='ocrx_word' id='word_1_364' title='bbox 630 2634 772 2655; x_wconf 85' lang='lat' dir='ltr'><strong>causam</strong></span> <span class='ocrx_word' id='word_1_365' title='bbox 799 2621 991 2666; x_wconf 83' lang='lat' dir='ltr'><strong>rogabatur</strong></span> <span class='ocrx_word' id='word_1_366' title='bbox 1009 2633 1071 2655; x_wconf 92' lang='lat' dir='ltr'><strong><em>cur</em></strong></span> <span class='ocrx_word' id='word_1_367' title='bbox 1096 2633 1138 2654; x_wconf 94' lang='lat' dir='ltr'><strong><em>eo</em></strong></span> <span class='ocrx_word' id='word_1_368' title='bbox 1163 2623 1342 2666; x_wconf 82' lang='lat' dir='ltr'><strong>ingressus</strong></span> <span class='ocrx_word' id='word_1_369' title='bbox 1367 2626 1461 2653; x_wconf 83' lang='lat' dir='ltr'><strong>esset</strong></span> <span class='ocrx_word' id='word_1_370' title='bbox 1476 2623 1539 2650; x_wconf 82' lang='lat' dir='ltr'><strong>aut</strong></span> <span class='ocrx_word' id='word_1_371' title='bbox 1562 2618 1618 2650; x_wconf 88' lang='lat' dir='ltr'><strong>in-</strong></span> 
     </span>
     <span class='ocr_line' id='line_1_40' title="bbox 184 2665 1620 2713; baseline -0.001 -15"><span class='ocrx_word' id='word_1_372' title='bbox 184 2665 418 2709; x_wconf 76' lang='lat' dir='ltr'><strong>trospexisset</strong></span> <span class='ocrx_word' id='word_1_373' title='bbox 442 2671 505 2701; x_wconf 81' lang='lat' dir='ltr'><strong><em>aut</em></strong></span> <span class='ocrx_word' id='word_1_374' title='bbox 527 2668 639 2702; x_wconf 80' lang='lat' dir='ltr'><strong>limen</strong></span> <span class='ocrx_word' id='word_1_375' title='bbox 665 2669 748 2702; x_wconf 77' lang='lat' dir='ltr'><strong>atrii</strong></span> <span class='ocrx_word' id='word_1_376' title='bbox 776 2669 957 2702; x_wconf 79' lang='lat' dir='ltr'><strong>calcasset.</strong></span> <span class='ocrx_word' id='word_1_377' title='bbox 982 2680 1023 2701; x_wconf 86' lang='lat' dir='ltr'><strong><em>ac</em></strong></span> <span class='ocrx_word' id='word_1_378' title='bbox 1045 2669 1169 2702; x_wconf 87' lang='lat' dir='ltr'><strong>multis</strong></span> <span class='ocrx_word' id='word_1_379' title='bbox 1193 2668 1308 2713; x_wconf 79' lang='lat' dir='ltr'><strong>plagis</strong></span> <span class='ocrx_word' id='word_1_380' title='bbox 1331 2666 1485 2711; x_wconf 85' lang='lat' dir='ltr'><strong>acceptis</strong></span> <span class='ocrx_word' id='word_1_381' title='bbox 1510 2674 1620 2708; x_wconf 90' lang='lat' dir='ltr'><strong>pecu-</strong></span> 
     </span>
     <span class='ocr_line' id='line_1_41' title="bbox 186 2709 1617 2760; baseline 0.004 -17"><span class='ocrx_word' id='word_1_382' title='bbox 186 2712 284 2749; x_wconf 73' lang='lat' dir='ltr'><strong>niam</strong></span> <span class='ocrx_word' id='word_1_383' title='bbox 307 2711 392 2744; x_wconf 78' lang='lat' dir='ltr'><strong>dare</strong></span> <span class='ocrx_word' id='word_1_384' title='bbox 419 2713 632 2757; x_wconf 76' lang='lat' dir='ltr'><strong>cogebatur,</strong></span> <span class='ocrx_word' id='word_1_385' title='bbox 665 2726 772 2760; x_wconf 80' lang='lat' dir='ltr'><strong>quam</strong></span> <span class='ocrx_word' id='word_1_386' title='bbox 807 2715 884 2747; x_wconf 89' lang='lat' dir='ltr'><strong>illic</strong></span> <span class='ocrx_word' id='word_1_387' title='bbox 925 2715 1123 2748; x_wconf 82' lang='lat' dir='ltr'><strong>occultasse</strong></span> <span class='ocrx_word' id='word_1_388' title='bbox 1158 2714 1376 2759; x_wconf 84' lang='lat' dir='ltr'><strong>putabatur,</strong></span> <span class='ocrx_word' id='word_1_389' title='bbox 1420 2721 1535 2755; x_wconf 70' lang='lat' dir='ltr'><strong>eaque</strong></span> <span class='ocrx_word' id='word_1_390' title='bbox 1572 2709 1617 2743; x_wconf 72' lang='lat' dir='ltr'><strong><em>de</em></strong></span> 
     </span>
     <span class='ocr_line' id='line_1_42' title="bbox 187 2755 1619 2805; baseline -0.001 -14"><span class='ocrx_word' id='word_1_391' title='bbox 187 2769 295 2792; x_wconf 73' lang='lat' dir='ltr'><strong>causa</strong></span> <span class='ocrx_word' id='word_1_392' title='bbox 317 2758 551 2805; x_wconf 77' lang='lat' dir='ltr'><strong>perlustrasse</strong></span> <span class='ocrx_word' id='word_1_393' title='bbox 570 2760 731 2803; x_wconf 84' lang='lat' dir='ltr'><strong>domum,</strong></span> <span class='ocrx_word' id='word_1_394' title='bbox 756 2766 919 2796; x_wconf 79' lang='lat' dir='ltr'><strong>metuens</strong></span> <span class='ocrx_word' id='word_1_395' title='bbox 943 2772 988 2795; x_wconf 83' lang='lat' dir='ltr'><strong><em>ne</em></strong></span> <span class='ocrx_word' id='word_1_396' title='bbox 1011 2760 1164 2803; x_wconf 81' lang='lat' dir='ltr'><strong>sublata,</strong></span> <span class='ocrx_word' id='word_1_397' title='bbox 1193 2765 1254 2794; x_wconf 86' lang='lat' dir='ltr'><strong>aut</strong></span> <span class='ocrx_word' id='word_1_398' title='bbox 1279 2771 1320 2793; x_wconf 78' lang='lat' dir='ltr'><strong><em>ea</em></strong></span> <span class='ocrx_word' id='word_1_399' title='bbox 1345 2762 1446 2804; x_wconf 84' lang='lat' dir='ltr'><strong>parte</strong></span> <span class='ocrx_word' id='word_1_400' title='bbox 1476 2755 1619 2790; x_wconf 81' lang='lat' dir='ltr'><strong>aedium</strong></span> 
     </span>
    </p>
   </div>
  </div>
 </body>
</html>
