1838 3210
459 181 528 221 DE
567 180 817 223 MANUELE
854 180 1116 223 commo
1156 182 1256 223 Lm.
1284 183 1354 223 iv.
1518 162 1624 237 189

202 295 362 339 φρονας
400 279 601 335 τρυγόνας
639 279 693 322 τὰ
731 278 925 322 οἰκόπεδα
952 282 1214 336 περιέτρυζεν
1247 281 1530 333 ὀλολύζουσα,
1555 280 1629 321 καί

200 346 278 402 τὴν
301 345 484 400 μόνωσιν
512 342 775 400 ἀπωδύρετο·
833 341 933 387 ὅθεν
948 346 1019 387 καὶ
1045 349 1098 403 τῇ
1123 349 1394 403 περισσοτέρᾳ
1420 343 1527 404 λύπῃ
1554 363 1626 387 κα-

201 415 432 454 ταποθεῖσα
458 410 503 452 τὸ
532 415 699 466 φρονεῖν
729 411 1063 463 παρακέκοπται,
1090 411 1162 452 ἐπὶ
1187 413 1332 453 παισίν
1351 408 1501 465 ἄρρεσι
1529 413 1630 453 δυσὶ

203 476 251 520 τὸ
279 479 398 531 βιοῦν
425 478 726 524 καταξαίνουσα
739 473 812 515 καί
836 471 992 529 ἑαυτὴν
1013 477 1073 524 εἰς
1101 478 1214 525 τέλος
1239 477 1628 530 καταμαραίνουσα.

166 547 192 588 5
205 540 462 591 καίἈλέξιος
484 542 560 592 μὲν
578 541 622 581 τὸ
643 541 772 592 μέλαν
787 537 1079 591 α’σπασάμενος
1095 533 1253 596 ἅμφιον
1267 547 1352 591 τοῖς
1365 541 1496 591 θείοις
1511 543 1631 584 ἐκου-

203 610 344 664 φίζετο
359 607 497 661 ἔρωσι,
515 607 586 647 τοῦ
607 602 831 658 ἀκροτάτου
846 605 926 645 τῶν
942 606 1100 660 ἐφετῶν
1115 607 1332 661 ἐφιέμενος
1360 606 1430 648 καί
1456 607 1513 657 ὥς
1530 607 1632 661 ὕψι·

201 674 324 727 πέτης
354 668 473 719 ἀετὸς
500 671 583 711 τῶν
615 668 726 711 κάτω
755 666 1098 723 ύπεριπτάμενος.
1146 671 1420 724 κρεωδαισίας
1448 675 1487 714 δ’
1505 669 1633 726 ἄκρος

201 734 262 779 ὢν
290 733 468 792 ἐραστὴς
495 732 567 776 καί
593 737 833 789 καρυκείαις
868 735 1032 789 χαίρων
1059 733 1292 790 βρωμάτων
1320 735 1394 778 καὶ
1417 739 1631 780 πανθοινί-

200 818 268 852 αις
292 802 597 857 προσκείμενος,
625 799 800 853 ὁπηνίκα
827 796 994 857 πλούτῳ
1022 802 1158 857 πολλῷ
1177 806 1431 856 περιερρεῖτο
1452 804 1523 844 καί
1546 809 1632 854 τοῖς

143 883 190 910 xo
202 866 306 910 κατὰ
337 863 492 918 κόσμον
523 862 749 905 ἐνευπάθει
773 869 958 918 τερπνοῖς
975 897 988 916 ,
1015 864 1072 913 ὥς
1102 866 1175 907 καί
1199 864 1276 914 τάς
1304 868 1524 921 νηστιζιιους
1549 870 1630 909 ταῖν
1641 875 1675 910 P.
1688 876 1734 922 9⁵

199 932 367 988 ἡμερῶν
412 927 610 986 (τετράδα
651 927 761 982 φημὶ
796 930 869 969 καὶ
912 928 1199 985 παρασκευήν)
1243 931 1472 985 κρεωβόρον
1515 934 1632 990 αύτῷ

199 998 514 1053 παρατίθεσθαι
554 993 787 1049 τράπεζαν,
827 990 856 1048 ἢ
886 995 1127 1049 δεσποτικῆς
1153 994 1258 1037 κατὰ
1285 995 1443 1046 ταύτας
1466 1001 1632 1052 τελετῆς

200 1065 405 1118 α’γομένης
441 1058 471 1117 ἢ
516 1059 679 1116 μνήμης
727 1059 896 1110 ἐνδόξου
940 1058 1157 1115 μάρτυρος
1190 1061 1432 1116 τελουμένης
1468 1057 1498 1115 ἦ
1522 1078 1632 1113 τινος

200 1131 280 1172 τῶν
300 1128 465 1170 ὀπαδῶν
492 1129 571 1168 τῶν
601 1126 793 1180 Χριστοῦ
801 1157 814 1176 ,
853 1122 948 1165 τότε
976 1127 1203 1180 ποηφαγῶν
1230 1128 1303 1168 καί
1327 1134 1420 1176 ταῖς
1448 1126 1634 1183 ὄποόραις

141 1197 189 1239 15
202 1191 488 1245 ἐνεστιοόμενος
533 1192 607 1232 καί
635 1196 727 1238 ταῖς
767 1187 966 1239 α’κάπνοις
993 1188 1113 1232 θύων
1138 1193 1220 1233 τῶν
1243 1193 1460 1246 τραπεζῶν
1486 1195 1560 1235 καί
1582 1194 1630 1234 τὸ

200 1261 345 1314 πεινῆν
371 1258 520 1299 πεινῶν
548 1252 758 1310 ἀτεχνῶς,
785 1253 867 1306 ὄψὲ
901 1256 948 1297 δὲ
975 1258 1048 1297 καί
1073 1255 1236 1309 ἰχθύων
1263 1258 1516 1312 ἐνεορτάζων
1541 1262 1634 1306 ταῖς

200 1325 486 1380 παραθέσεσιν
513 1320 683 1377 ἔχαιρεν
714 1318 782 1364 ὅτι
806 1319 1004 1375 μάλιστα,
1027 1323 1101 1364 καί
1128 1322 1294 1378 μνήμην
1322 1326 1407 1366 τῶν
1421 1326 1635 1379 προτέρων

201 1389 428 1444 λαμβάνων
470 1385 786 1444 ὄψαρτυμάτων
823 1387 894 1429 καὶ
934 1390 1008 1442 τῆς
1034 1389 1254 1442 περιέργου
1279 1390 1361 1431 τῶν
1380 1392 1513 1444 κρεῶν
1540 1391 1635 1431 δαι-

199 1454 406 1510 τρεύσεως
447 1451 647 1507 άκκισμὸν
689 1450 827 1496 ἐκάλει
867 1453 1024 1502 κοιλίας
1053 1456 1124 1496 καί
1149 1454 1321 1509 ὀρέξεως
1344 1457 1527 1507 μέθοδον
1554 1451 1634 1498 ὅσα

140 1538 191 1564 20
204 1519 243 1562 οἱ
271 1519 507 1576 ἀδδηφάγοι
541 1518 616 1561 καί
638 1518 880 1574 κρεωφάγοι
918 1519 1210 1575 προτίθενται,
1238 1519 1297 1575 μὴ
1327 1521 1538 1563 δύνασθαι
1566 1524 1634 1564 λε’-

200 1602 336 1640 γοντες
362 1588 439 1628 τοῦ
465 1580 570 1640 ἄγαν
596 1585 816 1638 ὖποχαλᾶν
832 1601 843 1612 ·
918 1587 1003 1627 πᾶν
1030 1584 1109 1639 γάρ
1139 1585 1186 1627 τὸ
1214 1588 1549 1642 παρατιθέμενον
1574 1588 1671 1630 εἶ-Β

203 1653 320 1694 δέναι
345 1650 393 1693 τὸ
423 1647 633 1704 σωμάτιον
660 1653 861 1692 συνιστᾶν
887 1649 959 1692 καί
984 1652 1144 1702 εύεξίας
1171 1648 1279 1693 εἶναι
1302 1650 1525 1706 ποιητικόν.

319 1715 376 1759 Τι’
406 1718 454 1759 δὲ
490 1716 515 1771 ἢ
556 1717 658 1771 φίλη
702 1716 820 1769 δίκης
858 1711 943 1770 ἆρα
970 1716 1180 1765 πολύπους
1206 1718 1278 1758 καί
1303 1715 1500 1772 πολύχειρ
1531 1712 1635 1760 οὖσα

297 1809 330 1842 3.
356 1798 396 1839 τὸ
425 1803 599 1851 φρονεῖν]
626 1804 813 1850 φρενήρης
839 1803 987 1848 ἐγένετο
1007 1804 1044 1836 Β.
1187 1805 1453 1859 παρακέκοπτο
1469 1806 1508 1839 Α.
1603 1809 1635 1842 5.

295 1846 338 1886 τὸ
361 1850 492 1898 μέλαν]
516 1845 560 1884 τὰ
592 1850 692 1896 ράσα
716 1852 884 1896 φορέσας
907 1848 972 1892 τὴν
1016 1851 1265 1896 καλογερικην
1299 1853 1481 1898 λαμπρῶς
1500 1853 1637 1900 μετῆρ-

296 1908 383 1944 χετο
413 1899 447 1930 Β.
557 1908 607 1931 ιο.
634 1896 684 1933 ὥς
702 1901 765 1930 καὶ
790 1896 949 1940 τετράδα
973 1898 1166 1931 καταλύων
1190 1898 1225 1929 Β.
1303 1898 1353 1932 ι3.
1378 1897 1400 1940 ἧ
1426 1899 1499 1945 μνὴ
1534 1911 1574 1941 ης
1590 1920 1635 1927 -.

295 1945 520 1990 τελουμένης
543 1954 601 1976 om
627 1945 667 1976 A.
766 1944 814 1987 ¹4·
840 1945 914 1976 τιόν
930 1943 1014 1990 Χρ.]
1051 1942 1134 1977 τότε
1161 1943 1200 1978 δὲ
1229 1943 1374 1989 λα’χανα
1397 1948 1460 1979 καὶ
1508 1945 1637 1994 magas

297 1994 360 2024 καὶ
382 1988 523 2038 ’βρεκτὰ
550 1989 693 2035 ὄσπρια
717 1990 872 2035 τρώγων
895 1990 932 2022 Β.

205 2059 383 2092 sententia
411 2057 588 2091 deducere
611 2057 740 2102 potuit.
765 2057 888 2102 itaque
906 2067 950 2090 ex
972 2062 1147 2102 perpetuo
1174 2068 1336 2091 moerore
1363 2059 1573 2093 solitudinis
1601 2064 1639 2094 et

204 2106 325 2146 luctu,
354 2110 469 2138 castae
493 2105 641 2138 turturis
667 2105 800 2144 instar,
838 2104 969 2137 mentis
995 2114 1113 2136 errore
1138 2115 1250 2149 usque
1279 2104 1324 2138 ad
1349 2105 1489 2139 obitum
1513 2109 1640 2140 affecta

205 2157 242 2185 et
268 2151 352 2184 tabe
387 2151 550 2184 confecta
583 2157 654 2191 est,
695 2150 836 2183 duobus
862 2151 946 2183 filiis
979 2151 1243 2194 superstitibus.
1269 2157 1306 2184 at
1332 2152 1477 2185 Alexius
1500 2153 1639 2197 nigrum

204 2198 367 2231 habitum
386 2198 569 2242 amplexus
610 2197 731 2230 divino
762 2208 882 2230 amore
919 2197 1125 2237 levabatur,
1152 2198 1277 2230 summi
1304 2198 1391 2231 boni
1416 2200 1639 2244 appetitione

206 2245 436 2290 acquiescens
452 2250 488 2277 et
502 2245 614 2276 instar
640 2244 783 2288 aquilae
808 2244 847 2276 in
872 2243 1030 2276 nubibus
1054 2244 1207 2276 volantis
1232 2245 1403 2277 inferiora
1426 2245 1639 2290 despiciens.

208 2303 287 2324 cum
315 2297 457 2331 autem,
483 2290 567 2322 dum
593 2290 722 2334 opibus
749 2290 935 2330 affluebat,
963 2301 1118 2323 summus
1137 2295 1273 2323 amator
1300 2297 1394 2325 esset
1417 2291 1639 2326 lautitiarum

171 2338 174 2339 ⁷
209 2343 246 2370 et
271 2338 442 2370 conviviis
471 2337 735 2377 delectaretur,
773 2342 882 2381 atque
895 2347 1028 2379 'omnes
1061 2337 1265 2380 voluptates
1290 2343 1578 2380 consectaretur,
1604 2345 1642 2373 et

209 2384 375 2416 carnibus
396 2395 461 2416 nec
485 2383 702 2415 ieiuniorum
738 2382 885 2423 diebus,
913 2388 955 2415 ut
972 2383 1062 2415 feria
1087 2388 1214 2427 quarta
1228 2389 1266 2416 et
1281 2385 1451 2428 septima,
1466 2396 1533 2418 nec
1559 2387 1641 2419 aliis

211 2430 418 2462 solennibus
442 2430 540 2462 feriis
566 2429 786 2471 abstineret,
810 2435 886 2483 tuq]
913 2429 1031 2461 crudis
1058 2429 1179 2461 herbis
1207 2435 1244 2462 et
1268 2431 1384 2474 pomis
1408 2431 1641 2473 vescebatur,

213 2476 356 2509 ieiuniis
375 2476 563 2520 gaudebat,
591 2487 631 2508 ac
653 2475 799 2508 tandem
821 2475 980 2520 piscibus
995 2475 1101 2508 etiam
1128 2476 1228 2509 festis
1254 2476 1381 2510 diebus
1405 2489 1470 2522 pro
1500 2477 1641 2512 deliciis

214 2523 419 2555 suavissime
445 2522 663 2555 vescebatur.
702 2523 843 2566 quoties
875 2528 994 2555 autem
1022 2528 1183 2555 veterum
1206 2523 1438 2567 cupediarum
1466 2530 1502 2557 et
1524 2526 1643 2557 curio-

215 2579 273 2600 sae
298 2568 395 2601 iuius
419 2570 575 2613 popinae
601 2569 875 2610 recordabatur,
901 2568 1129 2601 condimenta
1146 2569 1210 2600 illa
1234 2569 1329 2602 nihil
1354 2570 1455 2603 aliud
1478 2582 1556 2604 esse
1587 2571 1643 2603 di-

215 2613 320 2646 cebat
342 2615 411 2647 nisi
434 2615 567 2648 ventris
596 2614 780 2647 fastidium
807 2621 844 2648 et
883 2615 1062 2660 appetitus
1089 2615 1330 2650 irritamenta:
1357 2622 1519 2650 naturam
1548 2617 1643 2650 enim

215 2659 338 2704 paucis
372 2670 448 2693 esse
481 2667 704 2702 contentam,
738 2668 775 2695 et
797 2661 928 2695 bonam
951 2661 1109 2706 corporis
1144 2661 1396 2696 habitudinem
1421 2663 1548 2708 quovis
1570 2663 1644 2697 cibi

217 2716 345 2750 genere
370 2716 483 2749 aeque
507 2708 719 2739 conservari.

308 2753 431 2790 Utrum
454 2763 536 2787 vero
559 2753 730 2794 vindicta,
758 2765 837 2787 cum
861 2759 915 2788 tot
941 2765 1066 2789 manus
1090 2756 1126 2789 et
1147 2755 1258 2801 pedes
1285 2755 1428 2796 habeat,
1459 2766 1538 2789 cum
1563 2765 1646 2790 acu-
