1838 3210
449 204 544 256 'DE
583 213 837 256 MANUELE
874 213 1135 257 coMNENo
1168 214 1269 256 Lm.
1308 216 1384 256 vn
1535 221 1642 275 277

211 315 424 371 βούλημα,
450 317 524 357 καὶ
561 312 588 356 ὃ
615 314 819 370 κυρώσειν
847 315 1069 370 προέθετο,
1112 314 1188 363 τὰς
1217 317 1350 371 μηδὲν
1383 317 1433 373 ’τῇ
1471 316 1648 373 ἀληθείᾳ

213 382 517 435 λυμαινομένας
552 379 659 423 α’λλὰ
691 378 912 435 θεοσόφως
946 380 1170 434 λεχθείσας
1199 380 1338 437 ῥήσεις
1361 385 1447 424 τῶν
1466 384 1647 438 μακαρί-

213 464 272 489 ων
314 445 576 506 διδασκάλων
614 449 687 500 τῆς
714 446 967 501 οἰκουμένης.
1025 448 1105 487 τῶν
1144 448 1223 498 μὲν
1249 445 1329 501 γάρ
1363 445 1564 502 λεγόντων
1590 449 1650 505 τῷ

213 514 333 571 αἰτίῳ
359 513 555 568 εἰρῆσθαι
580 513 776 564 μείζονα,
803 512 884 552 τῶν
922 512 968 552 δὲ
991 510 1099 552 κατὰ
1128 510 1173 553 τὸ
1205 509 1467 567 α’νθρώπινον
1493 514 1650 568 ἐξειλη-

176 576 354 634 5φότων
379 579 454 619 καί
479 579 538 634 τῷ
573 575 894 632 προσλήμματι,
930 577 982 617 ου’
1007 581 1064 632 τῷ
1086 574 1192 634 λόγῳ
1220 575 1294 632 τήν
1324 577 1466 633 φωνήν
1493 578 1651 634 ταύτην

210 641 572 696 ἆπονειμαμένων,
613 637 751 695 ὥσπερ
786 644 859 682 καί
888 639 932 683 τὸ
975 641 1081 695 πρὸς
1106 639 1179 683 τὸν
1206 644 1366 696 πατέρα
1394 644 1651 695 πορεύεσθαι

210 711 284 751 καί
310 706 358 750 τό
388 706 592 763 ἔρχεσθαι
618 707 692 749 τοῦ
719 706 873 760 κόσμου
895 706 968 748 τόν
998 702 1182 760 ἄρχοντα
1208 710 1282 749 καί
1307 709 1542 762 ἐρευνῶντα
1570 725 1651 764 μη-

211 775 282 815 δὲν
308 769 416 822 ὅλως
446 770 655 826 εὑρίσκειν
694 773 740 814 ἐν
784 773 921 828 αὐτῷ,
958 773 1083 814 τινῶν
1119 773 1166 814 δὲ
1199 774 1300 828 περί
1337 775 1413 814 τοῦ
1444 771 1568 826 λόγου
1601 773 1649 815 τὸ

209 840 351 891 μεῖζον
378 838 681 891 έκλαβομένων,
712 837 793 891 οὔχ
820 836 963 887 ἁπλῶς
991 839 1038 879 δὲ
1059 839 1133 879 καί
1157 840 1243 880 κατ’
1272 833 1421 880 οὖσίαν
1446 837 1552 880 ἀλλὰ
1579 837 1648 880 διὰ
1666 855 1690 887 B

152 920 198 947 10
210 902 281 958 τῆν
307 905 351 945 ἐν
382 905 443 960 τῷ
467 904 786 958 ἑνανθρωπῆσαι
816 899 948 957 ἄκραν
977 905 1150 945 κένωσιν
1184 901 1256 944 καὶ
1279 905 1553 956 ταπείνωσιν,
1581 903 1654 945 καί

210 964 345 1011 ἄλλων
388 963 526 1017 ἄλλως
573 967 760 1021 εὐσεβῶς
781 970 924 1021 μέντοι
952 966 1254 1021 ἐκδεξαμένων,
1283 965 1441 1017 ταύτας
1468 968 1544 1009 οῦκ
1573 964 1652 1010 οἶδ’

208 1031 322 1085 ὅπως
349 1035 607 1089 α’ποστὲρξας
627 1031 684 1082 αἷς
713 1029 793 1087 οὖχ
823 1031 975 1082 ἱκανῶς
1001 1035 1100 1088 περὶ
1117 1036 1194 1075 τοῦ
1210 1035 1482 1088 προκειμένου
1511 1033 1651 1076 εἰπού-

208 1117 299 1154 σας,
327 1102 400 1142 καί
425 1097 575 1155 ἑτέρως
605 1098 710 1140 αὐτὸ
742 1096 1030 1154 διὴρμηνευεν.
1086 1095 1232 1152 ἀμέλει
1259 1101 1332 1140 καί
1349 1098 1527 1141 σύνοδον
1551 1116 1653 1154 συγ-

209 1166 414 1222 κροτήσας
459 1166 533 1207 καί
568 1161 680 1207 ἅπαν
722 1159 816 1206 ὅσον
857 1170 943 1213 τοῖς
985 1162 1117 1214 θείοις
1146 1163 1294 1220 ἔχαιρε
1336 1165 1514 1219 δόγμασι
1553 1182 1655 1207 συν-

150 1235 437 1288 ιόαθροίσας,
485 1232 627 1285 ἐνῆγεν
662 1231 836 1272 ἕκαστον
885 1230 931 1271 ἐν
969 1230 1078 1287 τὸμῳ
1118 1231 1352 1287 δογματικῷ
1394 1228 1654 1285 ὑπογράφειν

208 1297 426 1350 ὁρίζοντας
453 1295 610 1339 οὖτωσί
639 1296 934 1350 »ἀποδέχομαι
965 1297 1044 1348 μὲν
1068 1299 1140 1337 καὶ
1175 1294 1252 1344 τὰς
1282 1293 1382 1352 περὶ
1405 1297 1479 1337 τοῦ
1501 1294 1522 1336 ὁ
1552 1312 1653 1338 πα-

205 1362 304 1419 τήρ
331 1378 431 1416 μου
456 1364 663 1416 μείζων
688 1361 790 1414 μού
820 1362 934 1403 ἐστι
973 1361 1057 1403 τῶν
1083 1362 1308 1417 θεοφόρων
1338 1365 1528 1416 πατέρων
1558 1377 1652 1418 φω-

205 1429 307 1481 νάς,
336 1429 441 1483 λέγω
480 1429 527 1470 δὲ
556 1428 751 1483 εἰρῆσθαι
792 1428 914 1468 τοῦτο
949 1426 1023 1468 καί
1062 1426 1170 1468 κατὰ
1208 1426 1286 1481 τὴν
1319 1426 1365 1469 ὲν
1401 1427 1516 1484 αὐτῷ
1560 1444 1649 1469 κτι-

205 1493 308 1551 στην
334 1495 407 1536 καί
432 1492 623 1549 παθητὴν
643 1492 824 1548 σάρκα.”
877 1491 1081 1534 τοῦτοδὲ
1106 1490 1181 1534 οὔκ
1209 1488 1286 1534 οἶδ’
1313 1489 1425 1542 ὅπως
1451 1491 1498 1535 τὸ
1528 1491 1651 1535 ἔλατ-

145 1565 275 1604 αοτον
311 1559 416 1615 πρὸς
455 1557 523 1603 τόν
566 1560 726 1613 πατέρα
758 1560 819 1617 τῷ
854 1556 935 1616 υἱῷ
975 1557 1341 1614 σαρκοφορήσαντι
1366 1562 1647 1615 περιτίθησιν,

207 1624 265 1676 ὥς
311 1625 426 1679 εἴπερ
468 1625 738 1679 α’πωλίσθησε
778 1625 854 1679 τῆς
893 1622 1085 1679 ἰσότητος
1114 1623 1185 1665 διὰ
1217 1623 1289 1678 τὴν
1317 1626 1392 1678 τῆς
1433 1623 1688 1679 ἆνθρωπί-(3

206 1707 278 1747 νης
315 1689 482 1747 φύσεως
514 1690 750 1745 πρόσληψιν
785 1691 857 1731 καί
887 1688 965 1743 τὴν
1009 1688 1113 1745 πρὸς
1150 1687 1261 1744 ἡμᾶς
1298 1691 1545 1743 ἐπιδηλιιίαν,
1587 1690 1645 1744 μὴ

207 1755 284 1812 τὴν
320 1755 432 1800 ἰδίαν
475 1755 548 1797 καί
595 1753 727 1803 οὕτως
762 1752 989 1804 ἀνασώζων
1027 1756 1172 1807 δόξαν,
1205 1759 1291 1804 τοῖς
1321 1756 1368 1797 δὲ
1410 1757 1484 1809 τῆς
1523 1755 1649 1797 κενώ-

208 1838 315 1873 σεως
337 1824 503 1878 μέτροις
537 1822 830 1875 ἐναπομείνας,
860 1815 888 1873 ἢ
914 1818 972 1874 μὴ
1004 1821 1171 1868 θεώσας
1198 1818 1271 1862 καί
1298 1819 1476 1875 ὖψώσας
1502 1819 1549 1862 τὸ
1575 1837 1648 1864 τα·-

307 1945 359 1970 ιο.
388 1932 565 1982 κένωσιν]
594 1932 734 1968 ἕνωσιν
758 1934 796 1967 Δ.
903 1942 958 1966 21.
986 1933 1184 1979 ἰσοτομίας
1207 1934 1245 1966 B.
1272 1943 1318 1968 an
1337 1933 1555 1980 ἰσοτιμίαςῗ

207 2037 385 2069 luntatem
410 2040 448 2069 et
471 2035 685 2068 sententiam
714 2035 969 2069 universalium
997 2034 1182 2068 doctorum
1208 2035 1418 2075 sententias,
1441 2046 1515 2068 non
1540 2035 1647 2069 modo

207 2083 351 2116 veritati
384 2093 457 2115 non
494 2082 722 2116 adversantes
752 2082 816 2115 sed
856 2082 1030 2115 divinitus
1066 2082 1199 2123 editas,
1236 2081 1527 2115 accommodavit.
1564 2093 1648 2116 nam

208 2141 289 2163 curn
313 2129 377 2162 alii
411 2128 535 2162 dicant
559 2134 696 2173 patrem
736 2134 777 2162 ut
801 2128 868 2162 filii
897 2134 1079 2161 auctorem
1108 2128 1179 2162 dici
1206 2129 1398 2168 maiorem,
1424 2129 1487 2160 alii
1514 2128 1558 2161 de
1584 2141 1648 2161 na-

206 2181 288 2210 tura
319 2176 474 2208 humana
507 2175 545 2207 id
571 2176 800 2219 intelligant,
830 2181 867 2208 et
889 2174 927 2207 id
950 2175 1086 2208 dictum
1123 2186 1197 2208 non
1220 2174 1329 2207 verbo
1353 2175 1415 2207 sed
1444 2181 1648 2219 assumptae

207 2220 306 2256 oui-ni
346 2221 566 2263 attribuant,
598 2227 639 2255 ut
664 2227 701 2255 et
735 2221 798 2254 illa
823 2220 868 2254 de
899 2222 1123 2266 profectione
1150 2221 1195 2256 ad
1223 2227 1384 2265 patrem,
1418 2221 1463 2254 de
1490 2222 1647 2255 adventu

207 2269 380 2315 principis
397 2268 547 2310 mundi,
583 2269 647 2313 qui
671 2268 764 2302 nihil
790 2268 828 2301 in
850 2268 928 2313 ipso
962 2269 1143 2310 inveniat3
1170 2268 1254 2308 alii,
1285 2269 1353 2300 etsi
1378 2268 1423 2300 de
1451 2268 1561 2301 verbo
1585 2280 1648 2301 vo—

209 2328 284 2349 cem
310 2317 430 2351 maior
460 2315 662 2359 accipiant,
699 2326 773 2348 non
792 2314 958 2348 absolute
990 2321 1110 2348 tamen
1145 2320 1183 2347 et
1216 2315 1478 2355 essentialiter,
1511 2315 1575 2348 sed
1599 2315 1646 2348 ob

208 2362 517 2396 inhumanationis
558 2373 730 2395 summam
770 2362 1061 2395 extenuationem
1096 2367 1132 2395 et
1155 2361 1422 2403 huinilitatem3
1451 2366 1558 2406 atque
1584 2361 1648 2395 alii

208 2409 335 2449 aliter,
359 2409 419 2453 pie
457 2414 599 2450 tamen,
640 2408 846 2453 explicent:
886 2408 952 2449 iis,
992 2409 1114 2441 nescio
1148 2407 1350 2453 quomodo,
1377 2413 1417 2440 ut
1440 2409 1648 2452 propositae

209 2456 413 2499 quaestioni
438 2466 512 2487 non
545 2454 849 2488 satisfacientibus
885 2455 1120 2499 improbatis,
1149 2455 1256 2488 aliam
1283 2454 1407 2487 attulit
1432 2455 1649 2498 interpreta-

209 2503 367 2542 tionem,
388 2502 599 2546 indictoque
627 2502 781 2534 concilio
814 2507 851 2534 et
876 2502 1042 2535 omnibus
1075 2513 1252 2535 sacrarum
1280 2501 1481 2534 litterarum
1507 2501 1648 2535 studio-

210 2551 258 2580 sis
283 2549 484 2582 convocatis
509 2549 668 2593 singulos
693 2548 857 2582 hortatus
881 2553 935 2581 est
959 2554 1000 2582 ut
1026 2549 1059 2581 ei
1096 2548 1241 2581 decreto
1266 2548 1334 2580 hoc
1358 2547 1465 2580 modo
1491 2547 1647 2582 subscri-

210 2594 357 2626 berent:
382 2595 576 2639 „equidem
603 2595 712 2628 etiam
736 2595 770 2628 S.
806 2600 947 2640 patrum
975 2606 1079 2628 voces
1107 2595 1151 2627 de
1186 2595 1249 2627 illo
1277 2595 1372 2627 dicto
1397 2603 1503 2640 pater
1527 2595 1647 2627 maior

209 2648 263 2674 est
287 2651 338 2672 me
374 2642 586 2684 amplector:
625 2642 683 2674 aio
707 2647 828 2675 tamen
864 2641 901 2674 id
925 2641 1060 2675 dictum
1094 2643 1275 2686 pertinere
1301 2642 1345 2674 ad
1375 2652 1514 2673 curnem
1539 2640 1576 2671 in
1602 2651 1645 2671 eo

211 2685 392 2720 conditam
420 2692 457 2719 et
480 2688 718 2732 passibilem.”
744 2688 843 2733 quod
866 2689 987 2721 nescio
1007 2688 1188 2733 quomodo
1215 2689 1289 2721 filio
1316 2689 1499 2722 incarnato
1527 2687 1645 2719 minus

210 2732 343 2767 tribuit
368 2744 474 2777 quam
499 2734 604 2778 patri,
630 2734 781 2778 perinde
806 2746 847 2767 ac
870 2735 899 2766 si
919 2735 965 2768 ob
990 2741 1140 2768 naturae
1164 2735 1341 2767 humanae
1366 2733 1644 2776 assumptionem

214 2785 251 2814 et
274 2779 598 2825 peregrinationem
629 2781 668 2815 in
690 2786 820 2815 terram
845 2781 922 2826 pari
958 2779 1133 2825 dignitate
1160 2781 1367 2821 excidisset,
1394 2791 1435 2812 ae
1459 2791 1558 2813 suam
1582 2791 1645 2815 au-
