1838 3210
580 158 852 200 lOHANNEs
893 157 1199 218 commus.
1544 139 1617 196 23

176 253 383 311 ἀράμενος
429 257 502 307 καὶ
540 260 736 313 μέγιστον
773 256 930 312 στήσας
958 257 1160 314 τρόπαιον
1190 257 1264 309 τὰς
1295 259 1427 312 εὕχάς
1452 260 1509 317 τῷ
1535 260 1622 317 θεῷ

176 323 409 365 ἀποδίδωσι
422 357 437 378 ,
465 323 542 379 τήν
574 327 658 367 τῶν
686 324 964 376 Πατζινάκων
1001 326 1221 380 λεγομένην
1248 326 1292 375 ἐς
1321 322 1431 380 ἡμᾶς
1457 323 1623 380 τελετὴν

175 389 235 436 εἰς
260 389 573 445 άναμνηστήρια
594 388 802 441 ἀποτάξας
828 393 910 431 τῶν
937 393 1235 445 πεπραγμένων
1262 394 1335 434 καί
1351 387 1624 447 χαριστήρια.

175 453 327 509 μικρὸν
354 457 402 497 δὲ
429 451 604 510 ὕστερον
630 456 704 496 καί
732 453 838 497 κατά
867 457 943 497 τοῦ
970 459 1054 497 τῶν
1087 458 1332 510 Τριβαλλῶν
1359 455 1512 505 ἔθνους
1542 453 1625 513 (εἴ-

139 520 248 561 5ποι
275 521 311 561 δ’
346 513 400 562 ἅν
427 536 488 569 τις
504 521 646 575 ἕτεροςΔ
667 521 855 576 Σέρβων)
886 525 1212 576 κακουργοῦντος
1240 524 1315 565 καί
1339 521 1416 573 τὰς
1443 520 1626 571 σπονδὰς

174 587 421 638 συγχέοντος
446 586 667 640 στρατείαν
692 583 865 641 ἐκήρυξε
881 617 893 638 ,
925 587 998 627 καί
1026 589 1238 641 συμβολῆς
1265 589 1489 644 γενομένης
1515 585 1623 629 κατὰ

175 649 325 705 κράτος
351 649 536 706 ἡττήσας
562 650 637 693 καὶ
658 653 780 694 τοῦτο
808 650 853 694 τὸ
873 651 1092 705 βάρβαρον
1113 651 1219 705 πρὸς
1245 653 1430 703 σπονδὰς
1461 652 1626 709 ὑπηγά-

174 731 290 770 γετο,
316 717 414 771 μηδ’
460 711 597 766 ἄλλως
621 715 886 770 δεικνύμενον
914 717 1175 771 ἀξιόμαχον,
1206 715 1276 761 οἶα
1304 717 1626 762 καθυποκύπτον
1638 725 1672 759 Ρ.
1692 734 1729 760 12

175 781 244 823 άεί
269 787 360 831 ταῖς
403 783 450 825 ἐκ
494 781 684 837 γειτόνων
722 779 890 837 ἀρχαῖς.
955 785 1030 825 καί
1055 786 1172 826 λείαν
1199 785 1361 826 ἐκεῖθεν
1390 784 1546 834 ἐλάσας
1577 786 1628 826 ου’

117 864 164 892 ιο
176 845 432 903 σταθμητήν,
463 851 536 890 καί
562 850 768 891 πλείστων
799 850 1014 905 ω’φελειῶν
1042 847 1261 904 ἐμπλήσας
1286 848 1333 891 τὸ
1365 849 1626 906 στράτευμα,

175 914 236 962 εἰς
259 911 334 968 τήν
362 915 418 955 ἓω
447 915 685 967 διαβιβάζει
713 916 760 957 τὸ
790 916 867 957 τοῦ
906 914 1096 970 πλήθους
1124 917 1420 969 αἰχμάλωτον,
1450 918 1523 957 καί
1553 932 1628 956 κα-

173 977 225 1020 τά
255 977 334 1034 τήν
364 977 634 1034 Νικομήδους
661 981 870 1036 ἐπαρχίαν
902 975 1117 1032 άποτάξας
1144 981 1263 1038 αὐτῷ
1291 983 1531 1035 κατοίκησιν
1557 983 1631 1023 καί

174 1046 252 1100 γῆν
279 1044 585 1100 διαρκεστάτην
612 1045 933 1101 ἀποδασάμενος
969 1045 1014 1088 τό
1045 1047 1126 1099 μὲν
1152 1047 1228 1089 τοῦ
1257 1045 1515 1102 δορυκτήτου
1545 1044 1627 1087 λεώ

175 1115 264 1159 τοῖς
300 1109 614 1166 στρατεύμασιν
641 1113 880 1166 ἑγκατέμιξε
901 1144 913 1163 ,
954 1110 1000 1157 ,τὸ
1028 1113 1075 1155 δὲ
1099 1114 1288 1168 παρῆκεν
1318 1114 1379 1162 εἰς
1407 1110 1629 1168 δασμοφό-

116 1182 313 1233 ιόρήσιν.

286 1244 382 1285 Καὶ
407 1242 542 1299 πατὴρ
576 1244 615 1285 δ’
648 1245 834 1299 α’ρρένων
866 1245 1028 1286 παίδων
1055 1242 1078 1286 ὅ
1104 1244 1305 1298 βασιλεύς
1335 1239 1454 1295 οὗτος
1482 1244 1630 1299 φανείς

175 1310 234 1367 τῷ
262 1310 341 1362 μὲν
367 1306 591 1366 προήκοντι
608 1309 712 1353 κατά
729 1312 889 1364 γένεσιν
917 1309 1120 1366 (Ἀλέξιος
1148 1313 1255 1369 τῷδε
1276 1309 1322 1353 τὸ
1344 1304 1497 1367 ὄνομα)
1525 1324 1628 1363 πορ-

177 1377 355 1432 φυρίδος
379 1377 609 1430 μετέδωκε,
649 1378 724 1419 καί
749 1377 933 1426 πεδίλοις
956 1379 1155 1433 ἑρυθροῖς
1181 1377 1438 1419 ὑποδεῖσθαι
1470 1377 1628 1431 διαφῆ-

175 1456 222 1482 κε
246 1439 297 1483 τά
330 1436 473 1496 ἄρθρα
500 1443 574 1484 τοῦ
603 1439 821 1495 σώματος,
849 1443 922 1484 καί
944 1443 1321 1499 συνευφημεΐσθαί
1340 1441 1380 1485 οἱ
1407 1448 1626 1497 παρεῖχεν,

110 1523 164 1551 20
175 1505 351 1563 ὄπηνίκα
372 1507 592 1561 ειζ’ωμαίων
619 1506 889 1562 αὐτοκράτωρ
913 1508 1067 1557 ἐκεῖνος
1090 1506 1173 1550 ὑπὸ
1195 1511 1279 1550 τῶν
1300 1510 1665 1563 συνειλεγμένωνΒ

176 1566 315 1627 ὄχλων
356 1573 654 1629 ἀνηγορεύετο·
719 1573 791 1617 τὸν
830 1577 876 1617 δὲ
907 1577 996 1627 μετ’
1038 1573 1171 1616 αὐτόν
1197 1570 1467 1629 Ἀνδρόνικον
1493 1571 1629 1616 Ἰσαά-

175 1638 263 1682 κιὸν
290 1655 336 1682 τε
365 1638 439 1682 τὸν
476 1642 547 1683 ἐπὶ
573 1642 679 1699 τῷδε
715 1639 790 1682 καί
813 1639 885 1683 τὸν
914 1642 1066 1696 ἑφεξῆς
1096 1642 1294 1695 τέταρτον
1319 1641 1532 1695 ΙΙΙανουὴλ
1558 1650 1681 1684 ‹rs-v.
1699 1661 1741 1686 ιο

176 1709 575 1763 βαστοκρατορικαῖς
617 1706 832 1760 ὖπεξαίρει
879 1711 1038 1759 τιμαῖς.
1105 1708 1214 1764 φασὶ
1242 1707 1288 1747 δὲ
1321 1707 1377 1754 ὥς
1405 1708 1490 1748 κατ’
1523 1700 1627 1760 ὄναρ

178 1771 200 1814 ὅ
226 1771 427 1827 βασιλευς
469 1770 673 1815 θεάσαιτο
714 1770 785 1815 τόν
828 1773 1027 1828 νεοστεφῆ
1068 1770 1163 1814 υἱὸν
1188 1770 1259 1814 τὸν
1283 1772 1467 1821 Ἀλέξιον
1492 1773 1630 1829 θηρίῳ

275 1902 304 1927 ι.
332 1890 383 1935 τῷ
409 1900 478 1923 om.
506 1889 545 1922 A.
640 1889 672 1933 4.
694 1890 820 1935 μικρῷ
844 1890 883 1922 Α.
1003 1899 1052 1922 11.
1078 1887 1323 1935 καὶ],,α’μέλει
1348 1889 1410 1920 καὶ
1438 1887 1475 1920 Α.
1577 1898 1629 1932 ¹7·

269 1936 388 1984 τούτῳ
412 1937 451 1970 Α.
524 1937 579 1971 23.
603 1935 653 1974 ὥς
676 1937 739 1970 καὶ
763 1956 810 1963 -
835 1935 855 1969 ό
878 1939 960 1980 βασ.
986 1935 1147 1978 ἰωιίννης
1178 1935 1217 1969 Α.
1291 1934 1344 1978 24.
1370 1934 1564 1980 θεοστεφῆ
1587 1934 1630 1967 Α.

177 2038 357 2073 Iohannes
381 2041 464 2072 vota
491 2036 559 2070 deo
585 2036 776 2082 persolvit3
810 2037 911 2083 quod
934 2037 1066 2071 festum
1088 2037 1354 2071 Patzinacarum
1385 2040 1509 2069 nostro
1536 2039 1630 2070 tem-

178 2096 266 2132 pore
291 2084 443 2124 dicitur,
478 2084 516 2118 in
538 2084 590 2117 rei
614 2089 734 2128 gestae
758 2085 1021 2120 monimentum
1050 2089 1088 2118 et
1113 2085 1204 2129 grati
1230 2083 1339 2116 animi
1365 2083 1626 2116 testimonium.

178 2143 254 2167 uon
282 2132 397 2167 multo
435 2136 519 2176 post
554 2131 662 2166 etiam
701 2136 826 2166 contra
853 2131 1059 2173 Triballos,
1096 2142 1186 2176 quos
1221 2130 1283 2163 alii
1311 2130 1453 2163 Servios
1478 2129 1628 2172 dicunt,

178 2179 357 2213 maleficio
384 2189 458 2212 non
482 2177 706 2212 abstinentes
734 2184 771 2213 et
794 2178 1031 2224 foedifragos,
1071 2177 1341 2223 expeditionem
1370 2176 1600 2210 denuntiavit
1617 2202 1628 2217 ,

180 2231 219 2260 et
251 2225 316 2260 hos
341 2236 489 2271 quoque
527 2224 701 2259 barbaros
741 2225 818 2259 acie
854 2227 967 2259 victos
1003 2224 1049 2258 ad
1073 2236 1198 2270 pacem
1237 2224 1372 2268 coegit;
1398 2224 1462 2268 qui
1487 2223 1629 2268 alioqui

180 2273 290 2307 etiam
327 2284 454 2318 parum
494 2277 660 2317 potentes
699 2271 855 2306 subinde
889 2273 1016 2306 vicinis
1041 2272 1204 2316 imperiis
1230 2270 1401 2312 subsunt;
1426 2270 1630 2315 abactaque

179 2319 266 2355 inde
290 2319 424 2365 praeda
462 2318 636 2352 immensa
669 2325 706 2353 et
743 2319 967 2365 locupletato
1008 2319 1190 2360 exercitu,
1217 2318 1393 2362 captivam
1418 2317 1562 2350 turbam
1591 2318 1629 2352 in

181 2367 369 2401 Orientem
391 2366 595 2401 traductam
621 2366 660 2400 in
695 2365 967 2400 Nicomediensi
990 2366 1175 2411 provincia
1203 2365 1393 2398 uberrimis
1420 2364 1512 2408 agris
1540 2364 1630 2396 assi-

182 2415 298 2458 gnatis
323 2413 524 2446 collocavit.
562 2414 614 2446 ita
638 2413 772 2459 captivi
804 2414 932 2459 populi
957 2419 1097 2459 partem
1122 2413 1161 2446 in
1185 2412 1348 2457 legiones
1371 2411 1519 2452 retulit,
1546 2422 1630 2456 par-

180 2467 254 2496 tem
280 2460 510 2494 tributariam
540 2460 638 2494 fecit.

274 2507 440 2552 Suscepit
463 2506 522 2540 hic
547 2507 744 2552 imperator
767 2505 883 2547 filios,
919 2516 1073 2550 quorum
1094 2510 1183 2540 natu
1212 2505 1368 2538 maximo
1393 2503 1519 2537 Alexio
1543 2515 1632 2549 pur-

181 2565 293 2600 purae
318 2554 374 2587 ius
400 2559 437 2587 et
460 2565 660 2599 purpureos
689 2554 829 2586 calceos
857 2552 978 2593 ‹ledit-3
1005 2558 1041 2586 et
1065 2564 1146 2586 cum
1169 2564 1189 2585 a
1216 2551 1352 2597 populo
1377 2552 1536 2584 Romano
1562 2551 1631 2583 im-

182 2606 327 2645 perator
351 2601 590 2642 salutaretur,
627 2612 698 2634 una
721 2612 841 2634 secum
873 2599 1087 2645 proclamari
1110 2611 1235 2644 passus
1261 2603 1326 2632 est.
1350 2598 1553 2643 proximum
1582 2597 1629 2630 ab

183 2646 253 2680 hoc
274 2647 538 2689 Andronicum,
564 2653 600 2682 et
623 2648 800 2682 Isaacium
831 2647 1001 2688 tertium,
1026 2658 1068 2680 ac
1092 2652 1178 2680 natu
1204 2646 1392 2679 minimum
1421 2643 1630 2677 Manuelem

184 2693 503 2727 sebastocratorica
526 2694 701 2739 dignitate
724 2693 877 2731 ornavit.
900 2694 1005 2728 aiunt
1033 2704 1115 2727 eum
1134 2694 1173 2727 in
1198 2693 1333 2726 somnis
1355 2690 1488 2725 vidisse
1513 2690 1630 2724 filium

184 2740 351 2776 Alexium
374 2752 496 2776 recens
522 2747 732 2776 coronatum
759 2741 856 2776 leoni
895 2741 1079 2783 insidere,
1103 2751 1210 2787 quem
1235 2738 1383 2775 auribus
1407 2736 1631 2772 habenarum
