1838 3210
217 169 288 226 58
388 164 390 166 ’
669 187 894 228 ΝιοΕἰἈΕ
947 154 1256 226 cuoNJATAE

211 286 332 340 ὑμῶν
350 287 384 328 δ’
401 284 460 327 ἔτι
478 283 733 338 κ’ραταιώσαι
752 281 828 329 τὰς
845 285 990 336 χεῖρας
1008 279 1079 322 καί
1097 278 1316 332 ἐνισχῦσαι
1332 279 1437 321 κατά
1458 281 1537 322 τῶν
1547 280 1642 330 τοὺς

211 355 416 405 πολέμους
443 347 668 392 ἐθελόντων
697 348 831 389 ἐθνῶν
849 377 860 398 ,
895 346 966 388 καί
991 348 1088 401 παρ’
1118 342 1178 394 οἷς
1208 345 1403 397 οὐδαμῶς
1430 347 1640 401 ἐπικέκλη-

209 434 280 458 ται
305 415 351 458 τὸ
381 413 495 468 ἅγιον
522 414 596 454 καί
618 411 723 466 ὑπὲρ
746 412 827 453 πᾶν
855 406 986 465 ὄνομα
1013 412 1090 454 τοῦ
1117 412 1222 452 θεοῦ
1249 409 1379 466 ἡμῶν.
1413 412 1567 452 ε’σεῖται
1595 413 1641 453 δὲ

208 481 360 532 ταῦτα,
388 480 428 520 εἰ
457 475 527 518 καὶ
551 477 671 529 ὑμεῖς
701 477 772 530 τῆς
799 477 935 527 δεξιᾶς
967 479 1044 517 τοῦ
1070 474 1250 530 ὑψίστου
1278 474 1351 516 καὶ
1376 477 1448 517 τοῦ
1472 474 1642 530 ὑψηλοῦ

171 547 429 599 Ββραχίονος
455 542 651 598 ἑξαρτᾶτε
677 540 721 583 τὸ
752 541 1092 596 κατορθούμενον,
1123 539 1195 582 καί
1219 537 1384 594 ἡγεμών
1415 540 1516 593 ὑμῖν
1542 537 1678 583 θεά-5

206 613 283 652 θεν
313 607 564 663 δοθήσεται,
592 606 650 661 μη
681 605 914 662 δημοβόρος
938 622 1000 656 τις
1028 606 1098 648 καί
1125 605 1200 661 τὴν
1216 606 1358 661 κλῆσιν
1384 603 1640 659 ψευδόμενος

198 671 235 729 ἦ
261 672 305 716 τὸ
337 669 441 728 ἦθος
466 669 685 725 α’νοόμαλος
724 671 796 714 καί
821 674 919 727 περὶ
958 673 1169 727 τράπεζαν
1201 669 1392 727 κεκυφιός
1418 672 1489 712 καί
1528 671 1640 724 ὄχῶν

206 738 276 780 da*
299 743 384 788 τοῖς
422 735 639 788 δακτύλοις
666 736 739 780 τὸν
765 736 923 779 κύαθον
960 736 1034 779 καί
1059 740 1142 779 τῶν
1171 733 1408 791 ἀνακτόρων
1434 737 1640 791 μηδαμῶς

205 801 528 857 α’ποσπιόμενος,
572 801 653 846 ὅσα
697 803 770 845 καί
797 802 836 845 οἱ
864 804 926 845 ἐν.
952 808 1035 851 τοῖς
1064 804 1219 856 τοίχοις
1239 801 1309 844 διὰ
1340 801 1538 857 ψηφίδων
1567 802 1641 843 καί

197 868 436 924 χρωμάτων
462 869 765 922 εἶκονιζόμενοι,
794 865 860 910 ὅτι
886 867 959 909 καί
985 871 1105 923 φιλεῖ
1126 883 1214 916 πως
1245 870 1298 924 τῇ
1323 865 1428 909 κατά
1457 865 1530 909 τὸν
1559 863 1636 921 (ἴρ-
1654 885 1703 910 ιο

199 950 326 989 χοντα
358 937 548 978 διαθέσει
574 936 920 977 συνδιατίθεσθαι
960 930 1010 975 τά
1039 932 1173 975 πάντα
1204 934 1278 974 καί
1302 935 1506 974 ἕπεσθαι·
1562 929 1638 973 ἅτε

198 997 280 1055 γάρ
329 1002 385 1041 δι’
426 998 560 1043 αὐτὸν
606 995 794 1053 ἆρχῆθεν
832 997 1063 1053 γενόμενα,
1107 1000 1382 1051 κακυνομὲνου
1411 1000 1488 1051 μὲν
1513 999 1635 1040 τοῦδε

199 1065 274 1106 καί
300 1063 410 1107 αὐτά
448 1062 779 1119 μεταβάλλεται,
820 1064 1155 1118 οἷγαθυνομένου
1179 1065 1225 1104 δὲ
1263 1063 1388 1105 πάλιν
1429 1061 1533 1118 πρὸς
1561 1060 1635 1117 τὴν

199 1129 389 1172 ἐναντίαν
418 1129 556 1187 φοράν
584 1131 820 1183 ἐπανίασιν,
850 1127 907 1178 ὥς
934 1130 1010 1171 τοῦ
1037 1131 1142 1170 θεοῦ
1169 1126 1270 1170 κατά
1300 1126 1371 1170 τὸν
1382 1129 1525 1182 Δαβίδ
1551 1132 1635 1176 τοῖς

199 1198 376 1250 ἀγαθοῖς
414 1195 489 1238 καί
530 1196 700 1238 εὕθέσιν
736 1193 1041 1249 άγαθύνοντος,
1080 1194 1175 1244 τούς
1206 1196 1253 1236 δὲ
1291 1195 1543 1242 ἐκκλίνοντας
1574 1194 1703 1242 εἰςι5

159 1259 270 1309 cuke,-
306 1261 583 1316 στραγγαλίας
620 1258 734 1313 μετιὶ
757 1262 837 1304 τῶν
876 1261 1163 1315 ἐργαζομένων
1200 1258 1277 1314 τὴν
1300 1259 1497 1315 πονηρίαν
1525 1258 1633 1300 α’πά-

193 1340 346 1378 γοντος.
418 1327 513 1368 ἐπεὶ
544 1326 591 1367 δὲ
628 1324 701 1367 καί
732 1327 831 1381 περὶ
860 1326 944 1367 τοῦ
979 1326 1267 1378 διαδεξομένου
1296 1339 1370 1378 μοι
1394 1321 1468 1378 την
1497 1321 1632 1378 α’ρχὴν

190 1388 299 1442 μετὰ
328 1389 405 1446 τὴν
431 1390 536 1446 ἐμὴν
563 1391 756 1444 ἑκβίωσιν
774 1423 787 1445 ,
819 1386 911 1446 ἥτις
929 1388 980 1445 δὴ
1001 1389 1072 1432 καί
1101 1391 1323 1446 ἐφέστηκεν
1352 1383 1431 1444 ἤδη
1458 1389 1632 1438 ‹immeg-

192 1452 391 1507 άλυκτος,
431 1457 562 1499 εἰπεῖν
588 1472 632 1499 τι
678 1456 938 1512 προάγομαι,
965 1454 1104 1511 χρεών
1134 1460 1218 1504 τοῖς
1243 1456 1472 1510 εἰρημένοις
1499 1469 1628 1509 προσ-

192 1525 324 1574 σχεῖν.
383 1517 450 1563 ὅτι·
469 1523 548 1575 μὲν
575 1520 654 1577 γάρ
685 1519 742 1571 ὥς
768 1523 958 1579 πατρῷος
989 1523 1137 1575 κλῆρος
1165 1521 1223 1569 εἰς
1251 1522 1325 1573 ἐμὲ
1351 1517 1398 1561 τὸ
1431 1516 1626 1572 βασιλεύ.-
1641 1536 1694 1564 20

192 1601 256 1628 ειν
294 1587 666 1646 ἐπικαταβέβηκεν,
711 1584 762 1629 οὗ
806 1589 955 1640 δέομαι
1000 1589 1151 1640 λέγειν,
1193 1585 1249 1635 ὥς
1277 1586 1374 1628 οὐδέ
1401 1600 1464 1634 τις
1492 1583 1627 1640 ἕτερος

192 1653 418 1708 λαμπτῆρα
435 1654 506 1708 τῆς
526 1653 686 1708 ἡμέρας
716 1653 964 1709 ἀποφαίνειν
989 1650 1061 1694 τὸν
1089 1647 1218 1706 ἥλιον.
1247 1650 1355 1707 ὁρῶν
1388 1652 1434 1692 δὲ
1459 1648 1532 1704 τήν
1560 1650 1625 1690 ἐπ’

192 1718 289 1769 ἐμοὶ
314 1720 569 1772 τηρηθεΐσαν
596 1717 700 1773 πρὸς
729 1715 885 1772 πατρὸς
899 1715 1014 1768 τάξιν
1033 1718 1136 1759 κάπί
1159 1716 1257 1767 τους
1283 1719 1327 1767 ἐξ
1356 1716 1516 1771 ὀσφυος
1541 1729 1625 1767 μου

191 1781 473 1836 προελθόντας
501 1783 700 1838 διαβῆναι
740 1783 1112 1838 προθυμουμένους
1147 1781 1282 1833 ὑμᾶς,
1328 1783 1397 1822 καὶ
1435 1778 1508 1836 ὑφ’
1533 1778 1626 1828 ἑνὸς

281 1894 314 1926 6.
343 1891 589 1939 ψευδώνυμος
611 1894 651 1927 Α.
794 1905 844 1927 ιο.
871 1894 950 1927 κατ’
974 1892 1067 1929 ἄνον
1095 1893 1133 1926 Α.

190 2007 356 2042 manibus
380 2008 490 2042 robur
514 2014 552 2043 et
573 2010 666 2043 vires
681 2009 792 2043 addat
814 2014 936 2043 contra
952 2010 1105 2055 populos
1130 2010 1192 2054 qui
1221 2008 1327 2042 benis
1353 2008 1511 2048 student,
1539 2011 1622 2054 qui-

190 2065 262 2099 que
289 2060 552 2088 sacrosanctum
589 2056 648 2089 dei
671 2057 784 2090 nostri
809 2067 940 2090 nomen
971 2067 1045 2089 non
1069 2057 1246 2089 invocant.
1274 2055 1313 2087 id
1337 2059 1456 2087 autem
1479 2055 1563 2095 fiet,
1587 2056 1618 2089 si

187 2111 250 2134 vos
277 2112 458 2134 successus
485 2113 506 2134 a
528 2101 652 2135 dextra
676 2102 841 2135 altissimi
866 2108 903 2135 et
926 2103 1065 2135 excelso
1092 2102 1167 2135 eius
1191 2101 1337 2134 brachio
1365 2100 1523 2145 pendere
1546 2107 1620 2135 sta-

188 2147 355 2188 tueritis,
389 2153 427 2181 et
461 2147 534 2182 dux
573 2148 676 2182 vohis
704 2148 876 2182 divinitus
910 2149 1099 2193 contigerit
1133 2159 1207 2181 non
1231 2148 1456 2182 truculentus
1480 2159 1620 2193 suoque

186 2204 261 2226 non
300 2193 518 2238 respondens
553 2195 713 2235 nomini,
753 2200 817 2228 aut
843 2195 1014 2239 perplexo
1040 2195 1209 2238 ingenio,
1229 2200 1266 2227 et
1289 2194 1422 2227 ventris
1450 2206 1490 2227 ac
1513 2196 1621 2239 gulae

186 2240 428 2284 mancipium,
467 2241 547 2285 quis
577 2252 597 2274 a
629 2241 766 2286 palatio
802 2252 874 2274 non
897 2242 1008 2286 magis
1033 2252 1139 2286 quam
1172 2241 1345 2286 penicillo
1374 2246 1410 2274 et
1435 2241 1617 2275 coloribus

187 2297 374 2331 expressae
408 2287 580 2331 imagines
615 2288 792 2321 avellitur.
824 2299 905 2320 nam
929 2293 971 2321 ut
1006 2288 1178 2332 principis
1202 2299 1316 2320 mores
1355 2292 1457 2329 sunt,
1485 2289 1535 2321 ita
1561 2299 1618 2322 res

187 2332 263 2365 fere
288 2333 600 2376 administrantur,
634 2339 761 2378 utpote
791 2345 810 2366 a
836 2346 906 2378 quo
935 2334 1133 2378 pendeant·
1164 2334 1226 2378 qui
1251 2334 1280 2366 si
1303 2334 1450 2377 ignavus
1473 2335 1530 2375 sit,
1557 2342 1637 2367 τω·

188 2384 254 2413 unt
279 2379 318 2412 in
342 2380 512 2421 deterius,
536 2381 591 2414 sin
615 2379 731 2413 bonus
758 2386 812 2413 est
830 2386 866 2414 et
888 2386 1064 2422 strenuus,
1091 2381 1273 2424 eriguntur
1298 2386 1334 2414 et
1356 2380 1494 2414 florent.
1510 2381 1616 2426 quip-

185 2436 232 2470 pe
259 2425 370 2468 deus,
396 2427 534 2460 Davide
559 2433 726 2468 auctore,
755 2427 868 2460 honos
896 2433 931 2460 et
957 2428 1112 2471 integros
1136 2426 1311 2474 provehit,
1338 2426 1506 2460 distortos
1531 2438 1615 2460 vero

186 2483 265 2505 eum
290 2473 425 2518 iniquis
448 2473 486 2506 in
509 2473 716 2507 barathrum
741 2474 964 2518 praecipitat.
1001 2485 1080 2506 cum
1107 2478 1225 2506 autem
1254 2473 1298 2506 de
1322 2484 1528 2506 successore
1547 2475 1615 2506 im-

183 2519 276 2562 perii
298 2525 380 2564 post
405 2519 545 2553 obitum
570 2531 707 2560 meum,
735 2520 798 2565 qui
823 2521 893 2552 iam
926 2521 1038 2553 instat
1058 2520 1301 2561 inevitabilis,
1327 2519 1517 2554 dicendum
1544 2521 1614 2561 sit,

182 2576 244 2598 vos
269 2566 470 2599 auscultare
496 2578 650 2612 aequum
675 2572 736 2600 est.
762 2567 951 2612 imperium
964 2572 1005 2600 ut
1029 2567 1286 2611 patrimonium
1309 2566 1354 2599 ad
1378 2577 1436 2599 me
1460 2567 1612 2620 venisse,

182 2610 281 2644 dictu
305 2623 378 2647 non
408 2614 517 2658 magis
564 2614 803 2647 necessarium
844 2619 898 2647 est
925 2624 1031 2659 quam
1067 2614 1268 2654 lucernam,
1298 2612 1395 2659 quod
1421 2613 1547 2655 aiunt,
1572 2613 1612 2647 in
1636 2646 1640 2653 ,

181 2658 332 2692 meridie
365 2659 570 2695 accendere.
609 2672 687 2697 cum
722 2665 841 2693 autem
867 2671 930 2694 vos
962 2665 1148 2704 paternum
1175 2660 1213 2692 in
1238 2670 1295 2693 me
1321 2660 1524 2704 suffragium
1547 2671 1612 2704 ap-

181 2705 350 2760 probasse
380 2711 417 2739 et
440 2706 477 2740 in
502 2707 596 2740 filios
630 2718 727 2740 meos
755 2707 881 2740 eodem
901 2709 1045 2740 affectos
1071 2718 1147 2739 esse
1170 2706 1277 2739 modo
1303 2706 1464 2747 videam,
1487 2712 1524 2740 et
1547 2707 1611 2739 uni

183 2762 225 2785 ex
249 2753 337 2786 meis
366 2752 452 2789 filiis
486 2752 653 2799 (quorum
693 2752 762 2787 duo
789 2752 905 2787 adhuc
930 2754 1138 2799 superstites
1164 2758 1263 2795 sunt,
1290 2753 1444 2790 Isaacius
1470 2759 1506 2787 et
1531 2753 1611 2787 Ma-
