1878 3230
342 179 413 221 DE
457 176 652 218 ALEXIO
696 176 890 219 {SAAcn
930 177 1128 220 ANGELI
1167 178 1252 219 PR.
1279 179 1480 219 LlB.111.
1546 177 1651 233 7¹7

216 283 395 321 Λατῖνοι
429 275 478 318 τά
510 275 699 330 Ἰάδαρα,
731 277 780 333 τῇ
810 278 847 317 δ’
874 272 1107 334 Ἐπιδάμνῳ
1139 277 1450 330 προσώκειλαν,
1476 276 1550 318 καί
1575 280 1656 328 βα-

216 343 358 392 σιλεὺς
380 341 602 395 Ῥωμαίων
641 341 661 384 ὃ
703 340 839 384 συνών
876 343 1046 392 ἐκείνοις
1079 339 1264 392 Ἀλέξιος
1292 341 1406 398 παρὰ
1431 345 1521 402 ιτῶν
1544 337 1656 383 Ἐπι-

214 410 427 462 δαμνιτῶν
465 406 742 462 ἅνηγόρευτο,
769 405 845 449 καί
868 406 945 461 τὴν
972 406 1071 463 περὶ
1098 406 1253 450 τούτων
1285 406 1431 464 φήμην
1459 407 1655 463 α’ναμφὴ-

216 490 356 530 ριστον
395 469 508 527 εἶχεν
547 471 569 515 ὅ
601 470 823 526 βασιλεύς,
867 474 1030 526 γίνεται
1068 472 1359 528 παροιμιώδης
1398 473 1791 527 α’σπαλιεύς,ν.287

178 539 263 589 ὅὸς
307 540 475 594 πληγείς
510 539 719 591 κομίζεται
746 538 857 583 νοῦν.
931 533 1086 591 ἤρξατο
1113 541 1255 580 τοίνυν
1282 539 1573 590 ἐπισκευάζειν
1602 538 1654 580 τά

215 609 299 649 τῶν
326 606 563 659 σκαφιδίων
601 600 826 657 ὑπόσαθρά
855 617 899 644 τε
931 603 1005 643 καί
1027 604 1343 658 θριπηδέστατα
1372 603 1494 657 μόλις
1522 606 1567 654 ές
1596 603 1658 646 εἴ.

217 688 333 714 κοσιν
375 667 694 722 ἀριθμούμενα,
725 666 961 722 περιελθών
987 669 1034 710 δὲ
1064 668 1139 710 καὶ
1164 668 1216 710 τὰ
1248 671 1369 725 τείχη
1397 672 1470 724 τῆς
1497 670 1659 721 πόλεως

215 735 292 786 τὰς
319 733 478 786 ἔξωθεν
518 731 697 788 οἰκήσεις
740 735 998 787 κατερείπειν
1040 734 1326 790 προσέταττεν.
1383 734 1406 775 ὅ
1435 737 1482 777 δὲ
1513 735 1662 786 στόλος

216 797 322 856 ἄρας
346 801 390 851 ἐξ
420 798 670 851 Ἐπιδάμνου
703 800 756 856 τῇ
783 800 863 840 τῶν
890 801 1170 855 Κερκυραίων
1190 801 1464 855 παρενέβαλε,
1491 801 1563 843 καί
1589 819 1661 844 πε-

159 885 206 912 ιο
218 866 264 923 ρι’
291 864 365 915 τὰς
404 863 556 907 εἴκοσιν
587 864 746 920 ἡμέρας
792 864 956 918 σχάσας
1000 863 1162 907 ἐκεῖθεν
1189 863 1264 906 τὸν
1290 869 1440 919 πλοῦν,
1471 867 1529 915 ὥς
1555 866 1660 921 ἔγνω

215 931 294 987 τὴν
322 927 455 986 ἄκραν
479 932 834 985 δυσεπιχείρητον,
866 930 973 972 εὖθυ
1010 932 1084 985 τῆς
1101 932 1423 973 Κωνσταντίνου
1449 933 1499 974 τά
1526 934 1660 988 λαίφη

217 995 553 1040 διαπετάννυσιν·
580 991 738 1053 ᾔδεσαν
753 994 834 1050 γάρ
853 996 898 1037 ἐκ
916 997 1083 1050 μακροῦ
1102 996 1178 1050 τήν
1193 998 1277 1038 ταῖν
1290 995 1511 1049 Ῥωμαίων
1527 997 1567 1040 οἶ
1584 1001 1658 1055 ἀφ’
1673 1011 1698 1043 Β

216 1062 397 1119 ἑσπέρας
416 1061 553 1118 ἀρχὴν
581 1062 627 1110 ἐς
658 1062 791 1116 μηδὲν
815 1062 954 1115 ἕτερον
989 1063 1248 1116 περιστᾶσαν
1271 1058 1300 1118 ἢ
1329 1062 1564 1119 κραιπάλην
1590 1061 1664 1106 καὶ

217 1132 354 1185 μέθην
379 1129 451 1170 καί
475 1127 550 1184 τήν
588 1128 832 1178 Βυζαντίδα
861 1128 1047 1183 Σύβαριν
1085 1128 1270 1182 α’τεχνῶς
1295 1127 1371 1183 τὴν
1398 1129 1662 1184 ὑμνουμένην

157 1197 292 1239 15ἑπί
316 1196 471 1251 τρυφῇ.
548 1189 646 1235 ὅθεν
679 1193 877 1242 εὐπλοίας
914 1191 1155 1247 παραδόξου
1182 1192 1373 1248 τυχόντες
1404 1190 1556 1250 (αὖραι
1582 1194 1662 1250 γάρ

220 1259 293 1302 διά
322 1259 478 1309 παντὸς
505 1257 720 1307 ποντιάδες
760 1261 941 1313 πραεῖαί
964 1273 1008 1300 τε
1036 1260 1110 1300 καί
1133 1258 1369 1314 πλησίστιοι
1396 1265 1487 1309 ταῖς
1514 1263 1664 1302 ναυσίν

219 1327 388 1368 ἐκείνων
415 1324 632 1382 ε’πέπνεον)
673 1326 725 1381 τῇ
755 1323 873 1366 πόλει
900 1326 1149 1380 ἐφίστανται
1176 1323 1352 1380 μηδενὸς
1380 1324 1538 1375 εἰδότος
1565 1341 1665 1380 σχε-

220 1389 308 1433 δόν.
371 1388 624 1445 κατάραντες
665 1385 738 1432 οὖν
777 1391 820 1439 ἐς
848 1389 1104 1444 Χαλκηδόνα
1141 1389 1247 1445 πρὸς
1274 1389 1351 1446 τήν
1379 1389 1664 1446 άντίπορθμον

220 1456 360 1498 ἔκτοτε
395 1458 448 1513 τῇ
494 1457 548 1514 ἕῳ
593 1455 790 1511 Περαίαν
826 1454 901 1510 τὴν
943 1455 1131 1498 κάτωθεν
1166 1456 1316 1511 μικρόν
1342 1473 1380 1498 τι
1410 1458 1486 1498 τοῦ
1513 1457 1664 1498 διπλοῦ

158 1540 209 1566 20
220 1524 379 1575 κίονος,
408 1520 564 1571 κώπαις
589 1523 668 1575 μὲν
700 1519 743 1563 αἱ
765 1524 880 1577 νῆες,
909 1520 961 1562 τά
983 1522 1030 1563 δὲ
1058 1525 1185 1563 πλοῖα
1215 1523 1409 1578 λαίφεσιν
1436 1523 1663 1578 α’φικνοῦν-

221 1605 292 1630 ται
317 1587 423 1640 μετὰ
463 1588 636 1642 μικρόν,
688 1589 761 1629 καί
799 1586 1050 1629 σαλεύουσιν
1081 1590 1147 1629 ἐπ’
1177 1583 1369 1642 άγκυραῖν
1401 1582 1558 1629 ἄποθεν
1588 1589 1662 1642 τῆς

221 1655 376 1708 χέρσου
411 1654 453 1701 ές
497 1650 595 1694 ὅσον
633 1651 693 1707 μὴ
723 1648 833 1694 εἶναι
867 1653 1013 1704 βέλους
1057 1653 1185 1700 ἐντός.
1242 1652 1278 1693 οὶ
1309 1654 1356 1694 δέ
1380 1668 1426 1707 γε
1454 1650 1664 1706 δρόμωνες

223 1721 284 1777 τῷ
310 1719 552 1776 Σκουταρίῳ
583 1719 898 1771 προσίσχουσιν.
939 1716 1251 1773 ἠκροβολίζοντο
1276 1719 1355 1771 μὲν
1386 1713 1461 1760 οὖν
1481 1715 1664 1771 Ῥωμαῖ-

315 1850 349 1873 2.
375 1838 450 1873 τῶν
467 1837 762 1886 Ἐπιδαμνιτῶν]
792 1838 867 1873 τῶν
889 1837 1058 1874 τοπικῶν
1079 1839 1115 1871 B.
1148 1878 1159 1893 ἱ
1232 1840 1264 1874 5.
1290 1838 1567 1887 ἐπισκευάζειν]
1598 1850 1665 1872 κα-

320 1886 542 1930 λαφατίζειν
565 1888 629 1919 καὶ
653 1885 865 1924 α’νακτίζειν
890 1886 927 1919 Β.
1040 1897 1090 1920 ιο.
1118 1896 1185 1923 τας
1211 1906 1255 1912 -
1277 1883 1370 1919 εὕθὺ
1394 1897 1451 1919 om
1475 1885 1514 1918 A.
1614 1897 1666 1919 ιι.

315 1931 391 1979 τῆς]
420 1930 485 1974 τήν
507 1933 548 1967 Α.
661 1934 712 1968 ι5.
738 1931 938 1978 εὐπλοίας]
963 1930 1112 1979 α’νέμου
1137 1931 1282 1979 ἐφόρου
1310 1933 1348 1967 B.

226 2045 316 2078 bant
339 2050 376 2078 et
401 2045 555 2077 velutin
581 2050 773 2090 conspectu
799 2043 994 2077 habebant.
1026 2049 1216 2090 postquam
1244 2056 1327 2077 vero
1353 2044 1500 2077 Latinos
1527 2043 1665 2077 Iadaris

227 2091 274 2125 ad
300 2091 522 2125 deditionem
560 2092 753 2137 compulsis
780 2091 971 2136 Epidamni
1011 2091 1192 2136 appulisse
1219 2097 1255 2124 et
1279 2091 1443 2124 Alexium
1471 2092 1666 2136 imperato-

228 2149 303 2171 rem
328 2138 373 2171 ab
399 2138 621 2183 Epidamniis
647 2139 839 2172 salutatum
864 2149 941 2171 esse
968 2137 1066 2171 haud
1099 2137 1220 2171 dubiis
1247 2138 1384 2171 nuntiis
1411 2138 1598 2181 cognovit,
1625 2142 1666 2170 ut

230 2185 275 2218 ‹le
300 2186 479 2230 piscatore
503 2185 695 2230 proverbio
712 2184 854 2225 dicitur,
880 2185 972 2218 ictus
998 2196 1123 2230 sapere
1144 2185 1294 2229 incipit,
1321 2190 1358 2218 et
1384 2183 1573 2230 scaphulas
1599 2195 1668 2229 pu-

229 2237 426 2266 trescentes
451 2237 487 2265 et
515 2242 632 2264 erosas
657 2243 677 2264 a
701 2231 881 2264 vermibus
901 2231 962 2264 vix
985 2232 1047 2264 XX
1072 2231 1206 2271 reficit,
1233 2237 1268 2264 et
1293 2232 1435 2264 moenia
1463 2231 1565 2264 urbis·
1587 2231 1668 2263 obi-

230 2290 294 2312 ens
319 2279 426 2311 aedes
443 2279 662 2312 extrinsecus
697 2278 747 2311 eis
773 2279 958 2322 contiguas
987 2277 1083 2310 dirui
1109 2278 1223 2311 iubet.
1251 2278 1372 2311 classis
1398 2277 1597 2322 Epidamno
1621 2277 1668 2309 ad

231 2326 416 2369 Corcyram
440 2330 610 2371 provecta
638 2325 778 2370 Cpolim
805 2336 926 2358 versus
949 2325 1031 2358 vela
1058 2325 1163 2357 fecit:
1190 2336 1272 2357 nam
1299 2324 1551 2358 Occidentales
1575 2324 1669 2356 mui-

230 2377 268 2405 to
293 2378 376 2405 ante
403 2377 533 2405 norant
547 2373 745 2405 Romanum
770 2371 959 2417 imperium
983 2371 1078 2404 nihil
1103 2382 1179 2404 esse
1205 2370 1306 2404 aliud
1328 2372 1399 2404 nisi
1426 2371 1606 2416 crapulam
1633 2376 1669 2402 et

233 2418 467 2459 ebrietatem,
505 2429 572 2451 nec
595 2418 696 2451 aliud
733 2429 809 2451 esse
837 2418 979 2463 Cpolim
1012 2429 1119 2463 quam
1147 2418 1310 2462 Sybarim
1334 2418 1434 2450 illam
1458 2418 1544 2450 luxu
1574 2416 1670 2448 cele-

232 2463 344 2499 brem.
372 2472 410 2499 et
441 2477 647 2510 prosperam
683 2466 947 2510 navigationem
989 2465 1206 2498 mirabiliter
1233 2465 1416 2498 consecuti
1437 2466 1534 2508 (nam
1562 2473 1669 2495 aurae

233 2510 333 2543 lenes
358 2517 394 2544 et
418 2512 595 2545 secundae
618 2518 795 2557 perpetuo
811 2511 962 2545 navibus
988 2523 1109 2544 eorum
1134 2512 1369 2556 aspirabant),
1394 2516 1431 2543 et
1456 2509 1544 2541 urhe
1569 2510 1671 2552 igna—

235 2557 282 2589 ris
324 2558 397 2590 sere
433 2560 600 2592 omnibus
635 2564 828 2603 occupata,
863 2570 942 2591 cum
981 2558 1245 2591 chalcedonem
1282 2557 1527 2603 appulissent,
1561 2566 1670 2587 naves

235 2604 364 2648 partim
403 2605 548 2648 remigio
586 2605 716 2650 partim
739 2605 981 2638 velificatione
1019 2606 1128 2650 paulo
1160 2611 1243 2649 post
1265 2605 1302 2636 in
1327 2603 1511 2635 obversam
1536 2602 1669 2634 orienti

237 2651 402 2684 Peraeam
426 2662 500 2683 non
522 2652 675 2684 multum
693 2652 786 2685 infra
811 2652 899 2685 duas
926 2652 1109 2685 columnas
1143 2651 1378 2696 perveniunt,
1409 2654 1446 2681 et
1469 2649 1507 2680 in
1531 2649 1670 2681 ancoris

239 2701 340 2728 extra
378 2696 443 2728 teli
481 2697 612 2730 iactum
648 2710 668 2731 a
700 2699 823 2732 littore
860 2699 1046 2731 fluctuant.
1071 2698 1260 2730 dromones
1286 2706 1369 2728 vero
1400 2694 1445 2727 ad
1470 2694 1671 2727 scutarium

242 2742 441 2788 appellunt.
469 2754 510 2776 ac
523 2745 672 2778 Romani
689 2755 732 2780 ex
745 2746 892 2779 tumulis
910 2751 946 2778 et
966 2745 1090 2778 iittore
1104 2745 1205 2777 irrita
1230 2742 1302 2777 tela
1317 2747 1353 2776 et
1374 2742 1586 2787 plerumque
1603 2753 1671 2775 ua-
