1878 3230
528 229 598 268 DE
639 227 852 269 1sAAcio
893 227 1110 268 ANGELo
1150 227 1249 267 mn.
1291 228 1324 267 1.
1514 205 1631 261 505

208 327 361 368 ἐκείνου
392 327 543 381 χειρῶν
579 325 779 380 ἐξερρύη,
813 325 835 366 ὅ
865 328 900 367 δ’
930 326 1185 380 ἀμφοτέραις
1209 327 1282 367 τοῦ
1309 326 1456 367 οἰκείου
1486 324 1676 374 ξυστοῦο

209 392 433 445 λαβόμενος
464 390 692 446 ἐμπήγνυσι
722 394 844 432 τοῦτο
857 393 907 445 τῇ
933 394 1088 446 παρειᾷ
1110 393 1184 432 τοῦ
1209 392 1377 446 Βρανᾶ,
1406 388 1476 430 καί
1499 403 1637 430 σκοτο-

210 459 323 511 δίνης
350 458 503 499 ἐκεῖνον
534 457 762 510 ἐμπίπλησι
774 488 787 508 ,
827 458 901 497 καί
925 457 1243 510 κατακρημνίζει
1272 458 1347 498 τοῦ
1373 457 1501 497 ἵππου
1525 457 1637 508 Βρα·

210 524 295 564 νᾶν.
360 521 404 564 τὸ
446 524 483 563 δ’
525 521 607 563 α’πὸ
631 523 754 562 τοῦδε
793 519 1058 574 περιστάντες
1083 520 1215 562 αὐτὸν
1242 520 1281 562 οἱ
1311 519 1541 576 δορυφόροι
1567 521 1641 561 τοῦ

173 589 431 640 5Και’σαρος
474 587 856 640 καταδορατίζουσι.
915 588 1023 640 φασί
1057 587 1104 627 δὲ
1124 583 1181 635 ὦς
1203 587 1247 628 έν
1273 588 1330 643 τῷ
1360 585 1531 641 πρώτως
1557 582 1638 625 ὑπὸ

210 652 442 708 Κορράδου
467 652 679 706 τρωθῆναι
707 648 782 704 τήν
810 649 1006 705 τελευτήν
1034 653 1233 705 πτοηθείς
1262 649 1495 706 ἱκετηρίασε
1527 654 1641 704 Βρα-

211 721 286 767 νᾶς
313 719 387 760 τοῦ
418 714 485 771 μὴ,
525 716 748 768 τεθνάναι,
788 715 857 756 τὸν
903 717 948 757 δὲ
977 715 1206 769 Κορροὶδον
1233 717 1372 771 ἐκείνῳ
1400 715 1458 770 μή
1488 717 1643 770 χρῆναι

211 784 392 824 δεδιέναι
428 777 759 835 ἀποκρίνασθαι·
837 781 937 822 ου’δὲ
963 779 1042 836 γὰρ
1072 775 1200 835 ἆηδές
1226 797 1266 822 τι
1293 783 1479 823 πείσεται
1507 780 1645 834 ἕτερον

210 844 239 900 ἢ
266 845 341 902 τὴν
367 844 552 902 κεφαλήν
579 846 710 898 μόνον
739 843 1058 900 ἅποκοπήσεται.
1133 843 1159 886 ὃ
1188 848 1260 887 καί
1284 847 1542 901 παραχρῆμα
1570 846 1643 885 πέ-

151 932 199 956 ιο
212 915 380 954 πονθεν.
437 911 622 964 ἀκόσμου
653 913 698 952 δὲ
725 913 798 965 τῆς
841 913 977 966 φυγῆς
1003 913 1221 966 γενομένης
1253 913 1422 959 ἕκαστος
1449 909 1522 952 τὸν
1550 913 1643 951 καθ’

211 975 339 1019 αὐτόν
363 979 523 1019 διώκων
551 976 712 1033 ἀνῄρει.
780 978 900 1019 τοῦτο
923 978 967 1019 δὲ
1006 973 1241 1032 ἀρχομένης
1267 974 1436 1030 συμβὰν
1454 977 1528 1029 τῆς
1554 991 1645 1029 τρο-

210 1044 290 1097 πῆς
318 1043 366 1084 οὗ
392 1042 622 1097 περαιτέρω
666 1045 897 1097 προβέβηκε
913 1059 924 1068 ·
995 1045 1066 1083 καί
1086 1042 1286 1094 Ῥωμαῖοι
1313 1040 1392 1096 γὰρ
1424 1041 1647 1095 ὁμογενοῦς

211 1109 425 1163 ἐφείδοντο
456 1107 644 1160 αἳματος,
677 1107 749 1149 καὶ
774 1107 897 1149 αὐτοὶ
926 1110 972 1149 δὲ
998 1106 1036 1148 οἱ
1061 1105 1306 1160 διωκόμενοι
1336 1106 1410 1148 τὸν
1437 1109 1533 1160 περί
1560 1117 1646 1158 ψυ-
1657 1119 1776 1153 v,203

207 1175 288 1227 χῆς
316 1175 532 1228 τρέχοντες
557 1175 654 1225 μεθ’
682 1171 847 1230 ἁπάσης
874 1170 1002 1227 ὁρμῆς
1027 1174 1339 1227 ἀπεδίδρασκον.
1399 1171 1687 1215 ἑσκύλευταιι)

151 1233 286 1280 ι5οὖν
313 1237 334 1281 ὃ
361 1237 499 1293 χάραξ
528 1238 608 1279 ὑπὸ
640 1240 722 1280 τῶν
759 1239 985 1291 νικώντων,
1018 1237 1092 1279 καί
1116 1239 1176 1286 εἷς
1202 1236 1441 1293 διαρπαγὴν
1467 1239 1646 1291 ἐκκείμε-

209 1320 277 1353 νος
319 1299 370 1359 ἦν
412 1306 464 1345 ου’
489 1303 617 1356 μόνον
647 1309 731 1352 τοῖς
759 1306 836 1344 τοῦ
876 1305 1082 1357 βασιλέως
1109 1301 1412 1358 στρατεύμασιν
1440 1302 1547 1345 ἀλλὰ
1578 1303 1650 1346 καί

209 1375 292 1419 τοῖς
331 1371 592 1423 ἐκχεομένοις
627 1365 936 1417 οἷστυπολίταις.
1004 1369 1236 1424 ἀναιρεῖται
1278 1371 1325 1411 δὲ
1361 1368 1465 1411 κατὰ
1505 1371 1646 1411 τοῦτον

208 1435 282 1478 τὸν
317 1434 495 1488 πόλεμον
536 1435 609 1478 καί
646 1438 961 1484 Κωνσταντῖνος
1009 1431 1030 1476 ὅ
1059 1432 1274 1489 Στηθάτος
1289 1468 1303 1487 ,
1331 1435 1429 1490 περὶ
1454 1434 1524 1477 τόν
1545 1438 1648 1487 βου-

210 1504 324 1555 βῶνα
365 1500 492 1558 λόγχῃ
523 1502 723 1556 τρωθείς,
764 1500 872 1556 α’νὴρ
912 1499 1075 1555 α’γαθός
1102 1502 1175 1542 καί
1213 1499 1428 1554 μείλιχος,
1480 1497 1527 1548 ὃς
1562 1503 1647 1541 διέ-

147 1584 198 1609 20
211 1585 299 1610 πων
324 1566 399 1622 τήν
428 1567 636 1622 ἐπαρχίαν
668 1568 741 1621 τῆς
766 1565 994 1620 Ἀγχιάλου
1025 1568 1105 1620 ου’χ
1137 1564 1313 1615 ἓκόντως
1339 1564 1650 1620 ἐπηκολούθησε

210 1635 267 1690 τῷ
300 1634 468 1689 Βρανᾷ,
509 1633 597 1674 ἀλλ’
642 1629 740 1674 οὔτε
779 1631 847 1674 τὸν
881 1630 1221 1686 προσλαβόμενον
1249 1627 1385 1685 ὤνησέ
1412 1647 1478 1683 τι,
1508 1630 1651 1678 καθώς

211 1698 284 1741 καί
308 1700 608 1753 προσεδοκᾶτο,
652 1700 849 1751 Βρανᾶν,
879 1701 952 1739 καί
976 1695 1126 1738 ἑαυτὸν
1156 1696 1231 1737 οὐκ
1258 1699 1434 1747 ἑξέσωσε
1466 1698 1541 1737 τοῦ
1566 1712 1649 1747 μα-

211 1765 341 1820 χαίρᾳ
368 1769 522 1816 πεσεῖν,
551 1766 634 1805 τῶν
655 1761 746 1804 τότε
778 1760 1040 1816 ἀστρολόγων
1067 1760 1090 1802 ὅ
1118 1759 1399 1813 δοκιμώτατος
1427 1756 1505 1814 ὤν,
1540 1761 1647 1803 &aad

211 1845 250 1870 τι
277 1829 353 1883 τήν
392 1831 548 1871 ἐκείνου
593 1831 745 1883 γνῶσιν
784 1828 1035 1884 διαδραμόν,
1085 1827 1139 1876 ὥς
1170 1825 1300 1881 ἔοικε,
1335 1829 1648 1868 λεπτεπίλεπτον

309 1931 335 1951 ι.
360 1919 510 1964 ξυστοῦ]
541 1918 699 1963 δόρατος
721 1919 758 1950 Α.
879 1928 913 1951 2.
939 1917 1171 1964 σκοτοδίνης]
1207 1918 1392 1957 caucum
1433 1917 1498 1950 καὶ
1523 1918 1651 1951 πίπτει

307 1964 378 2000 ἀπὸ
407 1966 474 1998 τοῦ
499 1964 639 2010 ἀλόγου
664 1964 781 1999 αδτοῦ
806 1965 842 1997 Β.
937 1965 970 1999 3.
1001 1965 1192 2010 πίμπλησι
1207 1965 1247 1998 Δ.
1366 1975 1398 2008 7.
1424 1963 1494 1997 τοῦ
1528 1974 1585 1996 om
1611 1963 1649 1996 A.
1691 1989 1695 1994 .

310 2024 357 2045 ια.
386 2013 521 2056 προέβη
545 2013 583 2045 Α.
692 2024 740 2057 ¹9·
766 2010 807 2048 ὃς
833 2010 986 2058 διέπων]
1006 2006 1147 2056 κεφαλὴ
1175 2012 1263 2055 περὶ
1287 2006 1353 2052 τὴν
1378 2006 1493 2054 α’χελώ
1521 2011 1556 2042 Β.

213 2083 300 2115 saris
325 2081 473 2114 humero
502 2081 690 2126 perstricto
717 2081 829 2113 telum
854 2092 874 2113 e
898 2080 1064 2113 manibus
1084 2080 1212 2112 amisit.
1244 2084 1282 2112 at
1304 2079 1366 2111 ille
1390 2079 1529 2111 hastam
1548 2089 1650 2112 suam

214 2135 366 2173 utraque
390 2139 496 2161 manu
529 2127 742 2172 prehensam
771 2128 822 2160 ita
855 2128 894 2160 in
919 2129 1054 2161 Branae
1090 2127 1235 2159 maxilla
1268 2125 1414 2169 defigit,
1450 2131 1491 2158 ut
1520 2125 1649 2158 oborta

211 2175 385 2219 vertigine
405 2186 505 2219 ,equo
532 2175 830 2219 praecipitaretur
855 2179 892 2207 et
915 2185 934 2206 a
960 2174 1180 2207 satellitibus
1198 2173 1358 2206 Caesaris
1385 2171 1647 2204 confoderetur.

214 2224 338 2262 aiunt,
368 2233 447 2253 cum
472 2221 586 2265 primo
609 2221 758 2253 vulnere
794 2226 940 2265 accepto
965 2226 1115 2253 mortem
1142 2220 1419 2264 deprecaretur,
1446 2218 1649 2251 conradum

214 2280 296 2301 eum
338 2268 434 2301 bono
485 2268 603 2300 animo
642 2278 718 2299 esse
760 2268 932 2308 iussisse,
969 2278 1089 2312 neque
1134 2267 1229 2299 enim
1274 2266 1466 2310 quicquam
1509 2266 1649 2308 gravius

213 2326 320 2359 quam
348 2314 475 2358 capitis
509 2315 772 2347 truncationem
808 2314 841 2346 ei
874 2313 1117 2347 metuendam'
1141 2324 1240 2355 esse3
1270 2312 1379 2356 idque
1413 2312 1534 2344 statim
1555 2313 1648 2344 acci-

214 2361 278 2394 dit.
305 2361 343 2393 in
382 2361 445 2392 illa
483 2363 592 2392 effusa
629 2361 711 2404 fuga
748 2361 949 2404 proximum
979 2371 1194 2405 quemquam
1231 2358 1390 2404 quilibet
1415 2358 1567 2400 occidit;
1595 2358 1649 2390 id-

215 2418 285 2451 que
313 2406 491 2451 principio
529 2407 633 2451 fugae
670 2407 846 2439 duntaxat
880 2407 1012 2440 factum
1047 2418 1120 2439 non
1158 2406 1310 2438 ulterius
1344 2405 1527 2449 processit.
1567 2416 1650 2436 narn

216 2458 254 2485 et
286 2453 434 2485 Romani
473 2459 622 2496 cognato
667 2454 831 2498 sanguini
866 2453 1081 2498 parcebant3
1120 2458 1158 2486 et
1190 2453 1216 2485 ii
1250 2462 1339 2496 quos
1383 2451 1648 2495 persequeban—

216 2505 299 2538 tur,
336 2500 470 2543 quippe
503 2511 557 2532 res
595 2500 721 2544 capitis
757 2500 947 2544 agebatur,
984 2511 1119 2533 summa
1146 2499 1377 2532 festinatione
1405 2497 1648 2540 aufugiebant.

217 2550 332 2578 castra
356 2557 376 2577 a
409 2546 606 2579 victoribus
645 2546 785 2591 direpta
810 2552 910 2587 sunt,
949 2558 1015 2579 nec
1047 2545 1224 2579 militibus
1251 2544 1426 2578 duntaxat
1455 2542 1519 2575 sed
1543 2542 1651 2574 urba-

218 2601 286 2624 nae
320 2592 428 2624 etiam
459 2592 685 2625 multitudini
722 2592 877 2637 praedae
913 2594 1070 2626 suerunt.
1106 2593 1144 2625 in
1181 2592 1247 2624 hac
1285 2601 1403 2635 pugna
1444 2589 1651 2621 Constanti-

218 2649 285 2670 nus
310 2636 492 2670 Stethatus
527 2638 718 2679 occubuit,
759 2639 860 2672 hasta
902 2640 940 2672 in
963 2640 1110 2683 inguine
1141 2639 1368 2676 vulneratus,
1396 2636 1449 2668 vir
1472 2634 1587 2667 bonus
1615 2639 1651 2666 et

220 2683 357 2724 suavi53
384 2683 445 2727 qui
474 2694 551 2716 eum
576 2685 740 2717 Anchiali
771 2686 976 2730 provinciae
1014 2690 1207 2730 praeesset,
1242 2686 1390 2717 Eranam
1425 2691 1497 2713 non
1523 2685 1651 2723 sponte

222 2734 385 2768 secutus,
426 2739 493 2761 nec
527 2730 619 2773 ipsi,
647 2737 689 2763 ut
723 2731 999 2775 expectabatur,
1029 2730 1367 2768 commodavit‚nec
1396 2731 1507 2759 semet
1535 2726 1651 2770 ipsum

216 2775 463 2817 conservavit,
487 2777 676 2821 quominus
701 2777 795 2812 ferro
819 2778 1001 2818 interiret,
1027 2778 1186 2821 quamvis
1212 2775 1469 2817 astrologorum
1493 2772 1569 2806 eius
1591 2783 1651 2806 ae-
