1878 3230
518 176 573 216 m
612 173 848 216 menum
887 172 1221 215 cnomxrm.
1486 153 1593 228 877

172 274 322 328 legitur
346 280 388 314 et
427 275 537 329 apud
569 276 783 315 [socratem
819 273 940 313 semel
978 280 1100 327 atque
1136 274 1280 312 iterum
1317 270 1387 326 ἐφ’
1422 266 1598 326 ἑκάτερα

170 330 246 383 τῆς
271 328 462 383 ἠπείρου.

283 383 332 423 Ρ.
361 385 432 436 63,
466 382 530 432 ι4.
584 375 696 433 ἄγων
721 379 879 434 σχολὴν
902 381 983 422 τῶν
1013 377 1145 435 ἐκτός]
1173 380 1324 422 scilicet
1350 378 1598 435 ἀνθρώπων,

172 452 248 493 per
273 439 401 478 otium
420 468 433 489 ,
454 439 488 478 si
518 450 637 476 nemo
664 444 850 476 externus
877 436 1043 477 adesset.

282 493 331 532 P.
360 492 432 544 66,
467 505 530 532 ιι.
587 487 614 541 ἦ
639 486 773 544 τάξις]
813 491 918 529 hanc
947 506 1084 530 veram
1122 489 1331 529 lectionem
1370 505 1455 529 esse
1485 491 1598 530 arbi·
1611 494 1732 539 [³45

173 553 272 590 tror.
325 546 428 586 alter
454 545 578 586 codex
602 545 772 584 habebat
799 544 973 596 πρᾶξις-ε
1011 545 1119 584 unde
1157 545 1350 598 putabam
1389 545 1601 598 legendum

174 600 234 648 ὥς
260 600 459 640 ἐπανετέα
485 597 511 653 ἦ
540 599 688 650 πρᾶξις
718 600 772 653 τῇ
798 599 971 653 προνοίᾳ
998 595 1073 651 ὕφ’
1103 591 1177 652 ἧς,
1214 606 1256 638 et
1292 603 1350 638 sic
1386 608 1600 640 converte-

175 669 283 694 ram:
315 664 435 709 atque
462 655 510 694 id
516 654 686 703 facinus
708 654 875 693 divinae
902 652 1112 693 vindictae
1126 683 1139 704 ,
1169 655 1438 706 gubernatrici
1467 668 1600 693 rerum

173 710 457 757 universitatis,
483 708 759 748 commendans
798 716 875 751 etc.
929 708 1001 748 sed
1035 709 1112 747 hoc
1150 708 1237 747 vult
1274 709 1471 760 Isaacius,
1515 710 1602 748 lau-

173 764 353 803 dandum
380 777 464 802 esse
488 762 676 803 ordinem
716 776 799 816 quo
837 777 920 802 non
963 770 1120 802 tantum
1166 763 1334 816 imperia
1370 765 1438 802 sed
1480 766 1602 803 etiam

174 819 315 858 mundi
343 817 462 857 huius
497 817 739 857 universitas
777 818 1042 870 gubernetur.
1095 824 1273 857 vetustus
1314 818 1439 857 codex
1478 817 1603 857 habet

173 873 249 912 καί
271 867 430 911 ἄτακτα
455 872 587 924 βοῶν,
612 865 648 910 ὦ
682 866 923 924 ἄνθρωποι,
951 869 1010 918 ὥς
1046 867 1252 924 κατελύθη
1279 870 1306 924 ἧ
1346 868 1462 920 τάξις
1475 875 1493 911 .'
1545 870 1604 920 ὥς

174 926 467 979 νεουργοῦνται
496 926 618 977 ἕτερα
646 923 874 978 πράγματα
890 929 909 965 l
959 926 1188 965 immodeste
1213 927 1463 969 vociferans:
1492 940 1518 966 ο
1544 929 1604 966 οἱ.

173 995 243 1020 ves
257 1011 270 1035 ‚
298 990 342 1019 ut
364 981 467 1020 ordo
493 989 550 1020 esc
574 984 759 1020 eversus!
784 989 828 1021 ut
853 994 989 1020 novae
1015 995 1076 1019 res
1105 980 1387 1020 instituuntur!

285 1035 334 1074 P.
363 1035 432 1090 67,
471 1050 503 1077 ι.
557 1034 716 1074 τυποῦν
737 1034 897 1089 αυ’τοῖς]
925 1034 1132 1088 χορηγοῦν
1162 1029 1192 1087 ἢ
1217 1032 1375 1079 τάττον.
1398 1033 1509 1075 unde
1533 1049 1602 1075 su-

176 1104 254 1144 pra
279 1085 407 1136 τύπος
435 1086 646 1141 βασιλικὸς
675 1089 781 1129 idem
809 1089 918 1143 quod
947 1087 1170 1140 διάταγμα.

285 1144 337 1183 Ρ.
368 1157 433 1198 70,
469 1145 531 1184 18.
585 1141 897 1197 δὀσξύμβλητος
923 1146 1009 1189 τοῖς
1049 1145 1215 1190 πολλοῖς
1247 1141 1427 1195 difficilis
1458 1143 1730 1194 aditu,1⁵.423

174 1195 288 1250 παρὰ
319 1200 400 1237 τῶν
426 1197 588 1237 πολλῶν
618 1196 794 1250 μισητὸς
825 1199 948 1250 vulgo
976 1197 1136 1237 invisus.
1162 1197 1270 1250 quod
1299 1198 1419 1251 paulo
1447 1200 1605 1252 gravius

173 1260 256 1300 est3
282 1253 360 1292 etsi
385 1252 666 1293 morositatem
703 1252 842 1293 odium
880 1252 1104 1306 plerunque
1120 1281 1134 1304 ,
1171 1259 1219 1292 ut
1255 1253 1399 1292 umbra
1432 1267 1574 1307 corpus
1590 1283 1605 1304 ‚

164 1346 167 1349 .
247 1307 360 1346 uitur

174 1322 241 1362 seq
286 1362 335 1402 P.
358 1337 430 1410 ’4,
457 1361 500 1402 8.
554 1360 653 1414 περὶ
676 1353 727 1399 οὗ
756 1355 1025 1414 δηλώσωμεν]
1053 1359 1152 1413 περὶ
1177 1350 1229 1398 οὗ
1265 1358 1310 1399 ἐν
1339 1364 1424 1408 τοῖς
1450 1356 1606 1412 &stenvo—

172 1416 278 1457 σθεν
306 1415 503 1466 ἑλεξαμεν
526 1416 610 1455 sive
637 1413 822 1466 λέξομεν.
862 1415 1065 1468 scriptura
1091 1414 1199 1454 enim
1228 1429 1368 1468 parum
1397 1418 1607 1470 perspicua

174 1477 249 1511 est.
275 1470 455 1510 fortassis
483 1466 529 1508 τό
559 1466 797 1520 ἔμπροσθεν
823 1483 900 1523 pro
928 1483 978 1509 eo
1006 1469 1124 1523 ponit
1151 1469 1262 1522 quod
1287 1477 1382 1509 ante
1409 1484 1480 1510 nos
1516 1477 1606 1520 cst,

176 1529 204 1566 i.
230 1539 267 1565 e.
295 1524 350 1564 ad
376 1523 486 1577 quod
513 1524 693 1564 noudum
719 1524 992 1578 pervenimus.
1019 1523 1229 1563 barbaries
1249 1524 1355 1563 enim
1384 1538 1463 1563 non
1493 1525 1611 1564 modo

177 1593 286 1619 nova
334 1577 532 1619 vocabula
581 1579 738 1633 giguit,
784 1577 858 1619 sed
901 1579 1022 1618 etiam
1064 1585 1244 1618 veterum
1295 1579 1610 1631 significationes

176 1639 325 1676 mutat.

286 1687 336 1729 Ρ.
366 1687 432 1742 75,
461 1688 502 1730 5.
553 1687 658 1731 aiter
688 1687 810 1728 codex
843 1701 916 1742 pro
957 1685 1215 1726 πλευστικαῖν
1251 1686 1376 1727 habet
1404 1689 1608 1738 προσπλε-

175 1741 319 1785 όντων,
360 1742 533 1783 verbum
573 1742 800 1794 στρατειῶν
840 1741 1066 1781 redundare
1104 1740 1297 1780 arbitror.
1336 1756 1464 1794 neque
1503 1744 1609 1780 enim

175 1797 351 1838 militare
379 1803 440 1837 est
468 1796 650 1850 pendere
671 1797 740 1837 sed
774 1802 1010 1850 extorquere
1037 1795 1232 1835 tributum
1248 1825 1261 1845 ,
1294 1804 1335 1836 et
1361 1796 1610 1849 προσπλέον-

181 1866 258 1900 τας
276 1858 519 1892 mercatores
539 1852 734 1905 iuteyliigo.

287 1907 338 1947 P.
368 1907 434 1960 74,
469 1907 531 1950 18.
586 1909 671 1953 τοῖς
698 1904 792 1945 τότε
820 1905 867 1945 iis
900 1906 970 1958 qui
1010 1911 1096 1943 tum
1140 1910 1280 1953 eraut,
1320 1904 1425 1944 iuius
1471 1906 1611 1944 aetatis

179 1960 429 2002 hominibus.
453 1968 513 2000 est
550 1957 846 2013 περισσολογία
884 1962 1038 1999 Graeca
1056 1990 1068 2009 ,
1101 1972 1206 2012 quae
1250 1961 1354 2000 citra
1392 1959 1612 1999 molestiam

179 2017 322 2057 Latine
351 2014 415 2054 vix
442 2015 610 2068 exprimi
637 2022 796 2068 potest,
826 2028 956 2067 neque
982 2014 1111 2053 debet.

290 2070 343 2110 P.
373 2069 441 2123 75,
477 2081 535 2109 ιι.
591 2068 837 2123 ειῖάγκαλον]
869 2069 980 2122 quod
1019 2068 1124 2107 ulnis
1152 2067 1268 2109 facile
1307 2067 1614 2124 comprehendi·

182 2133 252 2166 tur
277 2131 319 2165 et
342 2130 531 2177 tenetur,
561 2129 603 2163 et
629 2124 798 2176 proinde
824 2137 905 2162 non
935 2123 1040 2162 iusto
1070 2123 1208 2162 maius.

294 2179 346 2221 P.
375 2177 446 2233 76,
476 2191 514 2218 2.
570 2192 648 2232 pro
683 2178 724 2218 εἰ
766 2177 812 2216 δὲ
856 2176 992 2217 malim
1047 2175 1177 2231 legere
1219 2173 1264 2217 εἴ
1296 2189 1367 2229 γε,
1411 2177 1487 2216 nisi
1538 2176 1614 2216 ali-

182 2233 281 2289 quid
310 2233 413 2274 forte
442 2239 535 2272 ante
575 2231 617 2272 εἰ
653 2231 700 2271 δὲ
735 2232 858 2272 deest.
897 2239 937 2273 et
977 2238 1085 2271 certe
1121 2245 1264 2284 parum
1297 2237 1392 2284 apte
1430 2232 1616 2271 cohaeret

183 2288 345 2338 oratio,
374 2289 557 2341 quamvis
584 2294 793 2342 utcunque
817 2286 1015 2327 sententia
1043 2285 1139 2325 baec
1171 2286 1266 2326 inde
1291 2285 1518 2340 colligatur,
1546 2287 1615 2339 qui

185 2344 293 2385 malo
323 2350 394 2382 aut
418 2342 667 2382 occasionem
690 2341 926 2396 praebuerit
953 2348 1023 2393 aut
1052 2355 1131 2380 non
1162 2340 1394 2391 obstiterit,
1417 2340 1511 2379 mali
1542 2355 1616 2379 au-

187 2406 341 2438 ctorem
366 2396 598 2437 habendum
626 2410 722 2440 esse.
751 2411 824 2451 ego
854 2410 930 2449 pro
957 2393 1030 2436 τόν
1056 2394 1278 2446 α’μύσαντα
1325 2394 1403 2448 legi
1448 2391 1519 2433 τὸν
1554 2390 1614 2445 μὴ

186 2449 407 2504 ἅμήσαντα
425 2481 437 2502 ,
467 2451 520 2490 ab
547 2448 695 2502 α’μάω,
726 2466 810 2490 non
839 2450 892 2491 ab
916 2448 1066 2500 α’μύω,
1113 2450 1247 2489 addita
1284 2450 1510 2502 negatione.
1555 2454 1617 2487 est

187 2514 229 2547 et
257 2504 360 2546 illud
390 2506 644 2559 ambiguum,
673 2512 811 2546 utrum
840 2505 909 2545 hic
924 2506 1107 2543 Puzenus
1133 2519 1183 2544 an
1214 2504 1413 2543 lohannes
1442 2503 1615 2554 impera-

188 2569 257 2601 tor
282 2560 408 2612 magis
436 2568 672 2610 accusetur,
703 2575 755 2601 an
786 2574 882 2601 vero
910 2561 1122 2612 utriusque
1158 2558 1413 2612 reprehensio
1448 2557 1615 2596 coniun-

217 2623 322 2656 atur.

190 2631 215 2670 g
301 2671 355 2710 P.
386 2668 453 2724 76,
483 2680 549 2707 21.
616 2670 715 2722 quid
748 2668 906 2722 γνίφων
944 2670 995 2706 sit
1017 2698 1027 2714 ‚
1077 2679 1273 2718 nusquam
1316 2665 1504 2718 reperio3
1545 2681 1616 2706 nec

191 2725 291 2766 alibi
318 2724 399 2765 hoc
424 2722 664 2764 vocabulum
694 2738 759 2764 me
786 2723 916 2776 legere
942 2723 1116 2763 memini.
1144 2718 1348 2773 γριπίζειν
1375 2727 1434 2759 est
1459 2721 1615 2774 piscari.
