1878 3230
397 228 468 268 DE
503 226 827 270 ANnnomco
866 226 1130 270 coMNENo
1169 228 1265 269 mn.
1304 229 1358 269 ιι.
1486 207 1600 274 453

175 326 248 380 κῆς
274 323 408 381 ἀρχῆς
434 325 756 382 α’πεσφαίριστο,
780 324 987 375 Ἰσαάκιος
1017 328 1062 367 δὲ
1088 328 1168 368 τῶν
1198 327 1378 380 ἀρχείων
1406 321 1507 368 εἴσω
1525 341 1608 366 πα-

175 388 340 444 ρελθών
367 392 437 432 καί
451 391 651 444 βασιλεὺς
671 390 937 446 αὐτοκράτωρ
953 392 1171 444 Ῥωμαίων
1187 390 1266 432 ὑπὸ
1285 393 1370 432 τῶν
1381 395 1610 445 συνεληλυ-

175 453 310 497 θότων
339 452 473 509 ὄχλων
500 451 627 506 αὖθις
651 456 905 510 ἀναρρηθείς
933 460 1090 498 στέλλει
1117 455 1213 505 τοὺς
1248 456 1378 498 ὄπίσω
1397 452 1612 509 Ἀνδρονί-

173 535 248 561 κου
278 520 618 572 καταδιιόξόντας.
674 520 720 562 τὸ
753 523 798 562 δὲ
818 523 895 562 τοῦ
927 519 1061 575 δήμου
1088 518 1213 572 πολύ,
1248 519 1390 575 ἐπειδη
1431 518 1480 562 τοὶ
1510 520 1612 562 circi-

140 586 302 638 5κτορα
331 581 456 628 ἄνετα
484 584 746 640 ἐγεγόνεισαν
770 589 842 626 καί
869 587 1005 634 οιῗδείς
1031 582 1084 639 ἧν
1112 583 1133 626 ὅ
1166 587 1366 628 κωλύσων
1396 583 1552 634 miron-34·
1586 575 1613 640 ἢ

175 649 344 700 α’πάξων
382 652 459 692 τοῦ
487 651 590 704 δρᾶν
620 646 688 692 οἷα
719 652 790 691 καί
826 647 905 691 ὅσα
943 649 1187 703 βούλοιντο,
1229 650 1529 703 διαρπάζουσιν
1563 651 1613 692 οὕ
1623 657 1650 689 Β

171 714 299 767 μόνον
341 714 475 774 ὁπόσα
509 714 710 769 χρήματα
760 712 934 766 εὕραντο
974 715 1089 771 παρὰ
1136 720 1222 764 τοῖς
1256 715 1615 769 Χρυσιοπλυσίοις

172 779 523 833 ἐπιταμιευόμενα
553 776 675 834 (ἦσαν
706 782 753 822 δὲ
787 776 888 822 ἄνευ
917 783 1000 822 τῶν
1040 778 1099 836 μή
1128 783 1388 833 κεκομμένων
1415 781 1473 829 εἰς
1499 779 1618 832 νόμι-

172 862 260 899 σμα
286 845 397 887 ὑλῶν
428 847 606 899 χρυσίου
637 843 880 900 κεντηνὰρια
921 843 1107 899 δώδεκα,
1142 846 1348 900 α’ργυριόυ
1392 843 1618 899 τριάκοντα

114 924 160 950 10
173 913 246 953 καί
268 913 346 952 τοῦ
373 913 419 952 ἐκ
446 913 608 965 χαλκοῦ
637 909 849 963 κόμματος
879 911 1092 967 διακόσια)
1126 909 1230 952 ἄλλα
1262 910 1334 952 καί
1359 912 1442 951 πᾶν
1478 913 1617 963 ἕτερον

172 973 274 1031 ὅπερ
304 972 417 1030 εἶχον
457 975 501 1017 αἱ
539 981 679 1029 χεῖρες
711 973 802 1023 ἑνός
844 992 953 1024 τινος
991 976 1247 1032 μεταφέρειν
1284 974 1437 1033 ῥᾳδίως
1478 972 1508 1029 ἢ
1542 978 1619 1018 κατ’

169 1044 334 1083 πολλῶν
362 1042 677 1094 συνερχομένων
706 1039 826 1093 ὁμοῦ.
883 1038 1022 1082 ὅπλων
1051 1043 1096 1082 δὲ
1112 1040 1363 1095 μετήνεγκαν
1390 1039 1615 1095 μυριάδας,

169 1107 247 1156 τὰς
274 1105 512 1161 ὁπλοθήκας
542 1104 749 1155 εἰσιόντες.
804 1109 962 1161 προέβη
992 1107 1038 1147 δὲ
1065 1104 1117 1147 τὰ
1149 1109 1223 1160 τῆς
1246 1105 1433 1160 ἁρπαγῆς
1459 1106 1532 1145 καί
1555 1106 1616 1153 εἷς

168 1172 266 1220 τούς
297 1170 415 1214 ἔνδον
441 1173 526 1213 τῶν
548 1173 771 1224 βασιλείων
798 1169 924 1224 νεώς,
968 1167 1073 1212 ὥστε
1103 1172 1176 1212 καί
1202 1170 1386 1222 κόσμους
1422 1169 1611 1223 ἀπορρα-

111 1237 292 1292 ι5γῆναι
320 1235 449 1291 ἁγίων
479 1236 674 1277 εἰκασιῶν
702 1237 776 1278 καί
800 1234 903 1278 αὐτὸ
934 1237 982 1278 δὲ
1008 1234 1054 1278 τὸ
1095 1232 1317 1291 ἱερώτατον
1353 1238 1611 1290 κλοποφορη-

168 1305 298 1361 θῆναι
325 1302 483 1354 σκεῦος,
513 1295 562 1343 οὗ
589 1299 757 1343 ἔνδοθεν
786 1301 907 1357 φήμη
938 1297 1102 1344 ἄνωθεν
1129 1301 1316 1355 διαρρέει
1335 1299 1409 1342 καί
1425 1303 1469 1348 ἐς
1496 1298 1608 1354 ἡμᾶς

168 1368 479 1420 καταβαίνουσα
507 1366 555 1408 τὸ
585 1369 662 1409 τοῦ
692 1371 840 1419 κυρίου
876 1365 1111 1409 ἐπιστόλιον
1140 1365 1466 1419 ,συνεπτιίχθαι,
1504 1361 1646 1420 &nepe

169 1435 341 1482 οἰκείαις
369 1432 497 1482 αὐτὸς
536 1435 686 1486 χερσίν
720 1435 885 1483 ἐξέθετο
919 1431 1023 1488 πρὸς
1062 1430 1134 1474 τόν
1170 1427 1391 1487 Αῧγαρον.
1447 1430 1605 1484 ἡμέρας

168 1496 255 1559 οὖν
270 1498 429 1553 συχνὰς
446 1501 502 1556 τῷ
518 1499 682 1556 μεγάλῳ
701 1498 888 1556 παλατίῳ
914 1499 1191 1553 ἐνδιατρίψας
1208 1497 1229 1538 ὃ
1246 1494 1446 1550 βασιλευς
1458 1496 1608 1537 Ἰσαά-

105 1579 251 1615 2οκιος
277 1563 383 1619 πρὸς
418 1563 465 1606 τὸ
495 1565 540 1605 ἐν
567 1565 830 1619 Βλαχὲρναις
868 1565 1039 1618 α’ρχεῖον
1073 1565 1353 1615 μεθίσταται,
1394 1560 1498 1602 ἔνθα
1537 1562 1611 1601 καί

167 1631 206 1672 οἱ
238 1627 500 1685 ἀγγέλλοντες
527 1627 781 1683 ἐληλύθεσαν
808 1625 967 1670 ἁλῶναι
995 1627 1266 1682 Ἀνδρόνικον.
1311 1623 1362 1681 ἧν
1391 1628 1437 1667 δὲ
1467 1623 1604 1679 ὃτρό-

165 1711 242 1745 πος
273 1697 346 1749 τῆς
375 1694 509 1735 αὐτοῦ’
533 1693 778 1747 συλλήψεως
809 1691 964 1734 οὑτοσί.
1020 1692 1338 1748 ἀποδιδράσκων
1365 1687 1605 1746 ἀφικνεῖται

167 1763 228 1811 εἷς
255 1758 424 1816 Χηλήν,
439 1757 616 1813 ὀλίγους
641 1761 723 1800 τῶν
739 1757 818 1814 πρὸ
845 1759 919 1812 τῆς
941 1756 1159 1811 βασιλείας
1185 1755 1402 1812 ὑπηρετῶν
1426 1771 1604 1798 συνεπο-

259 1882 292 1905 2.
316 1870 575 1905 συνελθόντων
598 1871 637 1903 Α.
751 1880 783 1914 7.
806 1869 1107 1913 χρυσοπλυσίοις
1132 1867 1248 1901 εἰσέτι
1279 1865 1534 1912 ταμιευόμενα
1559 1867 1599 1900 Δ.

264 1929 315 1953 12.
342 1917 441 1963 ὅπλ.ι
470 1915 618 1962 ἅρματα
644 1916 709 1949 καὶ
734 1916 910 1960 λουρίκια
935 1916 975 1949 Β.
1035 1916 1086 1951 ι5.
1113 1913 1251 1962 ἁγίων]
1278 1916 1395 1948 θείων
1414 1914 1455 1949 Α.
1515 1913 1600 1948 κλο-

260 1963 547 2012 τιοφορηθῆναι]
572 1964 759 2004 κλαηῆναι
778 1962 820 1995 Α.

164 2072 256 2106 tium
279 2072 482 2116 ingressus,
513 2082 553 2104 ac
586 2069 706 2104 denuo
742 2081 763 2102 a
794 2069 1000 2114 frequentia
1033 2068 1162 2113 populi
1197 2068 1394 2113 imperator
1418 2066 1600 2110 Augustus

166 2119 428 2159 consalutatus,
457 2118 631 2151 satellites
658 2117 772 2150 mittit
798 2117 861 2161 qui
887 2115 1129 2149 Andronicum
1158 2118 1428 2159 persequantur.
1458 2119 1495 2146 at
1518 2113 1599 2158 ple-

165 2165 222 2198 bis
246 2166 419 2210 pleraque
441 2175 534 2209 pars,
558 2176 636 2197 cum
661 2169 787 2208 aperto
809 2163 949 2207 palatio
970 2173 1075 2195 nemo
1101 2167 1194 2194 esset
1210 2162 1272 2206 qui
1297 2161 1490 2205 quicquam
1512 2170 1599 2204 pro-

165 2210 310 2244 hiberet
335 2210 433 2256 quod
460 2211 600 2243 animus
623 2211 777 2250 tulisset,
801 2221 874 2242 non
899 2220 976 2241 eam
993 2214 1132 2241 tantum
1148 2207 1336 2252 pecuniam
1362 2203 1488 2251 diripit
1503 2216 1598 2251 quae

165 2259 205 2291 in
230 2258 505 2302 Chrysioplysiis
534 2256 680 2290 recondi
707 2257 800 2289 solet
825 2256 942 2300 (erant
973 2260 1115 2295 autem,
1150 2259 1293 2299 praeter
1331 2252 1456 2286 rudem
1482 2258 1599 2285 mate-

167 2305 278 2345 riam,
303 2305 379 2336 auri
404 2304 601 2337 centenarii
628 2304 714 2344 XII,
741 2301 879 2347 argenti
903 2302 1018 2342 XXX,
1044 2302 1138 2334 aeris
1160 2300 1246 2347 CC),
1270 2299 1332 2332 sed
1361 2305 1397 2332 et
1423 2298 1600 2344 quicquid

167 2352 272 2383 unius
296 2350 450 2383 hominis
474 2362 582 2383 manu
607 2355 671 2383 aut
694 2350 802 2383 etiam
819 2349 975 2393 plurium
1002 2347 1201 2380 coni-unctis
1230 2346 1347 2391 operis
1374 2346 1507 2378 auferri
1531 2356 1599 2389 po-

166 2402 270 2430 terat.
294 2408 337 2429 ex
362 2396 637 2430 armamentario
662 2407 808 2441 quoque
826 2395 940 2428 multa
963 2406 1139 2427 armorum
1161 2393 1275 2425 millia
1293 2392 1528 2425 abstulerunt.
1557 2403 1599 2424 ac

167 2443 292 2487 rapina
315 2444 423 2476 etiam
446 2444 483 2476 in
505 2443 667 2488 palatina
685 2442 818 2475 sacella
840 2447 1008 2486 grassata,
1033 2446 1178 2473 ornatus
1203 2450 1379 2472 sacrarum
1404 2439 1598 2482 imaginum

169 2495 223 2522 est
247 2495 449 2533 surreptus,
475 2495 511 2523 et
534 2495 796 2522 sacrosanctum
823 2487 916 2520 illud
947 2487 1130 2521 vasculum
1158 2487 1252 2518 furto
1286 2485 1470 2525 ablatum,
1503 2496 1597 2528 quo,

168 2541 210 2568 ut
232 2546 252 2566 a
276 2535 468 2569 maioribus
492 2536 691 2580 accepimus
706 2561 717 2576 ‚
741 2535 875 2568 Christi
898 2534 1064 2567 manibus
1090 2533 1242 2577 scriptae
1266 2531 1312 2565 ad
1336 2532 1511 2575 Abgarum
1536 2531 1598 2562 lit-

168 2587 266 2615 terae
292 2583 573 2615 asservabantur.
594 2583 752 2615 Isaacius
772 2592 859 2615 vero
881 2581 1077 2625 imperator
1102 2579 1179 2612 dies
1203 2579 1402 2623 complures
1436 2578 1473 2608 in
1497 2577 1599 2620 pala-

167 2628 222 2661 tio
247 2633 482 2661 commoratus
509 2629 546 2660 in
569 2628 816 2661 Blacherniam
847 2627 966 2660 aulam
989 2626 1138 2666 transit,
1167 2625 1292 2670 ibique
1326 2624 1370 2656 de
1398 2628 1500 2666 capto
1526 2625 1601 2655 An—

169 2674 322 2707 dronico
348 2674 514 2706 nuntium
538 2675 678 2718 accipit.
706 2675 776 2708 fuit
803 2679 923 2707 autem
946 2685 988 2706 ea
1016 2672 1235 2717 captivitatis
1260 2671 1337 2704 eius
1375 2669 1478 2702 ratio.
1518 2678 1599 2699 cum

170 2722 332 2763 sugeret,
360 2712 687 2763 Chelen⁰pervenit
709 2732 788 2754 cum
812 2721 936 2765 paucis
960 2720 1134 2752 ministris
1166 2729 1256 2762 quos
1290 2721 1373 2749 ante
1409 2713 1598 2758 imperium

170 2767 370 2807 habuerat,
395 2770 432 2799 et
458 2765 597 2799 duabus
619 2766 692 2800 illis
717 2766 949 2800 mulierculis.
973 2765 1076 2800 euius
1103 2764 1175 2798 loci
1208 2763 1367 2801 incolae,
1396 2759 1599 2794 cum'nulla
