<?xml version="1.0" encoding="UTF-8"?>
<!DOCTYPE html PUBLIC "-//W3C//DTD XHTML 1.0 Transitional//EN"
    "http://www.w3.org/TR/xhtml1/DTD/xhtml1-transitional.dtd">
<html xmlns="http://www.w3.org/1999/xhtml" xml:lang="en" lang="en">
 <head>
  <title>
</title>
<meta http-equiv="Content-Type" content="text/html;charset=utf-8" />
  <meta name='ocr-system' content='tesseract 3.04.00' />
  <meta name='ocr-capabilities' content='ocr_page ocr_carea ocr_par ocr_line ocrx_word'/>
</head>
<body>
  <div class='ocr_page' id='page_1' title='image "./corpusscriptorum41niebuoft/corpusscriptorum41niebuoft_0290.png"; bbox 0 0 1838 3210; ppageno 0'>
   <div class='ocr_carea' id='block_1_1' title="bbox 241 124 1231 180">
    <p class='ocr_par' dir='ltr' id='par_1_1' title="bbox 241 124 1231 180">
     <span class='ocr_line' id='line_1_1' title="bbox 241 124 1231 180; baseline -0.003 -1"><span class='ocrx_word' id='word_1_1' title='bbox 241 124 352 179; x_wconf 81' lang='lat'><em>260</em></span> <span class='ocrx_word' id='word_1_2' title='bbox 649 137 878 180; x_wconf 78' lang='lat' dir='ltr'>NICETAE</span> <span class='ocrx_word' id='word_1_3' title='bbox 917 135 1231 177; x_wconf 76' lang='lat' dir='ltr'><strong>cnoNlATAE</strong></span> 
     </span>
    </p>
   </div>
   <div class='ocr_carea' id='block_1_2' title="bbox 94 233 1736 1796">
    <p class='ocr_par' dir='ltr' id='par_1_2' title="bbox 94 233 1736 1796">
     <span class='ocr_line' id='line_1_2' title="bbox 235 233 1674 295; baseline -0.002 -12"><span class='ocrx_word' id='word_1_4' title='bbox 235 239 431 295; x_wconf 74' lang='grc' dir='ltr'><em>άντητον,</em></span> <span class='ocrx_word' id='word_1_5' title='bbox 472 233 540 279; x_wconf 83' lang='grc' dir='ltr'><em>οἷα</em></span> <span class='ocrx_word' id='word_1_6' title='bbox 586 235 707 286; x_wconf 81' lang='grc' dir='ltr'><em>εἰδώς</em></span> <span class='ocrx_word' id='word_1_7' title='bbox 740 234 816 284; x_wconf 83' lang='grc' dir='ltr'><em>τοὶς</em></span> <span class='ocrx_word' id='word_1_8' title='bbox 843 237 923 278; x_wconf 76' lang='grc' dir='ltr'><em>τῶν</em></span> <span class='ocrx_word' id='word_1_9' title='bbox 946 235 1165 289; x_wconf 84' lang='grc' dir='ltr'><em>Ῥωμαίων</em></span> <span class='ocrx_word' id='word_1_10' title='bbox 1195 233 1390 288; x_wconf 83' lang='grc' dir='ltr'><em>δυνάμεις</em></span> <span class='ocrx_word' id='word_1_11' title='bbox 1419 238 1674 294; x_wconf 74' lang='grc' dir='ltr'><em>ἁπροσφυεῖς</em></span> 
     </span>
     <span class='ocr_line' id='line_1_3' title="bbox 235 296 1675 358; baseline -0.002 -9"><span class='ocrx_word' id='word_1_12' title='bbox 235 308 280 357; x_wconf 78' lang='grc' dir='ltr'><em>ἐξ</em></span> <span class='ocrx_word' id='word_1_13' title='bbox 329 302 559 347; x_wconf 72' lang='grc' dir='ltr'><em>ἀντιπάλου</em></span> <span class='ocrx_word' id='word_1_14' title='bbox 610 303 764 355; x_wconf 83' lang='grc' dir='ltr'><em>στῆναι</em></span> <span class='ocrx_word' id='word_1_15' title='bbox 808 306 899 350; x_wconf 82' lang='grc' dir='ltr'><em>ταῖς</em></span> <span class='ocrx_word' id='word_1_16' title='bbox 938 298 1150 356; x_wconf 73' lang='grc' dir='ltr'><em>ἑσπερίαις</em></span> <span class='ocrx_word' id='word_1_17' title='bbox 1195 303 1269 343; x_wconf 83' lang='grc' dir='ltr'><em>καί</em></span> <span class='ocrx_word' id='word_1_18' title='bbox 1294 296 1488 357; x_wconf 69' lang='grc' dir='ltr'><em>ἄντικρυς</em></span> <span class='ocrx_word' id='word_1_19' title='bbox 1515 302 1675 358; x_wconf 77' lang='grc' dir='ltr'><em>χύτρας</em></span> 
     </span>
     <span class='ocr_line' id='line_1_4' title="bbox 234 363 1674 427; baseline 0.001 -17"><span class='ocrx_word' id='word_1_20' title='bbox 234 372 340 427; x_wconf 82' lang='grc' dir='ltr'><em>πρὸς</em></span> <span class='ocrx_word' id='word_1_21' title='bbox 369 371 565 422; x_wconf 81' lang='grc' dir='ltr'><em>λέβητας,</em></span> <span class='ocrx_word' id='word_1_22' title='bbox 595 363 652 415; x_wconf 77' lang='grc' dir='ltr'><em>ὥς</em></span> <span class='ocrx_word' id='word_1_23' title='bbox 678 364 769 416; x_wconf 79' lang='grc' dir='ltr'><em>ἐξὸν</em></span> <span class='ocrx_word' id='word_1_24' title='bbox 786 368 860 409; x_wconf 83' lang='grc' dir='ltr'><strong><em>καί</em></strong></span> <span class='ocrx_word' id='word_1_25' title='bbox 884 364 928 408; x_wconf 82' lang='grc' dir='ltr'><em>τὸ</em></span> <span class='ocrx_word' id='word_1_26' title='bbox 949 366 1106 409; x_wconf 74' lang='grc' dir='ltr'><em>θέσθαι</em></span> <span class='ocrx_word' id='word_1_27' title='bbox 1133 368 1338 422; x_wconf 76' lang='grc' dir='ltr'><em>διαθήκην</em></span> <span class='ocrx_word' id='word_1_28' title='bbox 1367 365 1471 408; x_wconf 77' lang='grc' dir='ltr'><em>κατὰ</em></span> <span class='ocrx_word' id='word_1_29' title='bbox 1495 366 1674 422; x_wconf 84' lang='grc' dir='ltr'><em>Ῥωμαί-</em></span> 
     </span>
     <span class='ocr_line' id='line_1_5' title="bbox 195 428 1674 487; baseline 0.001 -12"><span class='ocrx_word' id='word_1_30' title='bbox 195 444 293 478; x_wconf 77' lang='grc' dir='ltr'><em>Οων</em></span> <span class='ocrx_word' id='word_1_31' title='bbox 336 432 408 475; x_wconf 85' lang='grc' dir='ltr'><strong><em>καί</em></strong></span> <span class='ocrx_word' id='word_1_32' title='bbox 442 429 756 487; x_wconf 73' lang='grc' dir='ltr'><em>συμφρονήσειν</em></span> <span class='ocrx_word' id='word_1_33' title='bbox 792 428 898 480; x_wconf 79' lang='grc' dir='ltr'><em>ὅλως</em></span> <span class='ocrx_word' id='word_1_34' title='bbox 936 429 1037 481; x_wconf 75' lang='grc' dir='ltr'><em>τούς</em></span> <span class='ocrx_word' id='word_1_35' title='bbox 1083 430 1298 484; x_wconf 75' lang='grc' dir='ltr'><em>δυσμόθεν</em></span> <span class='ocrx_word' id='word_1_36' title='bbox 1339 433 1412 474; x_wconf 82' lang='grc' dir='ltr'><strong><em>καί</em></strong></span> <span class='ocrx_word' id='word_1_37' title='bbox 1441 429 1546 487; x_wconf 82' lang='grc' dir='ltr'><em>πρὸς</em></span> <span class='ocrx_word' id='word_1_38' title='bbox 1572 434 1674 485; x_wconf 89' lang='grc' dir='ltr'><em>μίαν</em></span> 
     </span>
     <span class='ocr_line' id='line_1_6' title="bbox 232 496 1707 554; baseline -0.001 -13"><span class='ocrx_word' id='word_1_39' title='bbox 232 499 471 554; x_wconf 76' lang='grc' dir='ltr'><em>τραπέσθαι</em></span> <span class='ocrx_word' id='word_1_40' title='bbox 509 496 742 548; x_wconf 88' lang='grc' dir='ltr'><em>σύμπνοιαν</em></span> <span class='ocrx_word' id='word_1_41' title='bbox 783 497 1059 550; x_wconf 80' lang='grc' dir='ltr'><em>ὑπεβλέπετο,</em></span> <span class='ocrx_word' id='word_1_42' title='bbox 1103 498 1175 539; x_wconf 84' lang='grc' dir='ltr'>καί</span> <span class='ocrx_word' id='word_1_43' title='bbox 1209 497 1414 546; x_wconf 74' lang='grc' dir='ltr'><em>παντοίως</em></span> <span class='ocrx_word' id='word_1_44' title='bbox 1441 497 1707 554; x_wconf 79' lang='grc' dir='ltr'><em>ἄσφαλιζό-5</em></span> 
     </span>
     <span class='ocr_line' id='line_1_7' title="bbox 232 561 1674 618; baseline 0.001 -13"><span class='ocrx_word' id='word_1_45' title='bbox 232 579 354 617; x_wconf 88' lang='grc' dir='ltr'><em>μενος</em></span> <span class='ocrx_word' id='word_1_46' title='bbox 385 563 606 617; x_wconf 73' lang='grc' dir='ltr'><em>πόρρωθεν</em></span> <span class='ocrx_word' id='word_1_47' title='bbox 634 561 732 611; x_wconf 78' lang='grc' dir='ltr'><em>τούς</em></span> <span class='ocrx_word' id='word_1_48' title='bbox 759 565 837 616; x_wconf 83' lang='grc' dir='ltr'><em>μὲν</em></span> <span class='ocrx_word' id='word_1_49' title='bbox 866 563 967 605; x_wconf 73' lang='grc' dir='ltr'><em>κατὰ</em></span> <span class='ocrx_word' id='word_1_50' title='bbox 1001 562 1076 617; x_wconf 80' lang='grc' dir='ltr'><em>τὴν</em></span> <span class='ocrx_word' id='word_1_51' title='bbox 1093 563 1148 604; x_wconf 73' lang='grc' dir='ltr'><em>ἕω</em></span> <span class='ocrx_word' id='word_1_52' title='bbox 1180 561 1425 618; x_wconf 79' lang='grc' dir='ltr'><em>βαρβάρους</em></span> <span class='ocrx_word' id='word_1_53' title='bbox 1451 564 1609 614; x_wconf 77' lang='grc' dir='ltr'><em>ἐξεῖναί</em></span> <span class='ocrx_word' id='word_1_54' title='bbox 1633 562 1674 606; x_wconf 79' lang='grc' dir='ltr'><em>οῖ</em></span> 
     </span>
     <span class='ocr_line' id='line_1_8' title="bbox 233 627 1674 685; baseline 0 -14"><span class='ocrx_word' id='word_1_55' title='bbox 233 629 391 685; x_wconf 81' lang='grc' dir='ltr'><em>ἔφασκε</em></span> <span class='ocrx_word' id='word_1_56' title='bbox 415 627 608 684; x_wconf 82' lang='grc' dir='ltr'><em>χρήμασι</em></span> <span class='ocrx_word' id='word_1_57' title='bbox 636 627 742 684; x_wconf 83' lang='grc' dir='ltr'><em>πρὸς</em></span> <span class='ocrx_word' id='word_1_58' title='bbox 771 627 915 685; x_wconf 87' lang='grc' dir='ltr'><em>φιλίαν</em></span> <span class='ocrx_word' id='word_1_59' title='bbox 941 628 1181 683; x_wconf 78' lang='grc' dir='ltr'><em>ὑπάγεσθαι</em></span> <span class='ocrx_word' id='word_1_60' title='bbox 1213 629 1286 669; x_wconf 83' lang='grc' dir='ltr'>καί</span> <span class='ocrx_word' id='word_1_61' title='bbox 1311 628 1382 669; x_wconf 80' lang='grc' dir='ltr'><em>διὰ</em></span> <span class='ocrx_word' id='word_1_62' title='bbox 1400 628 1541 683; x_wconf 83' lang='grc' dir='ltr'><em>μάχης</em></span> <span class='ocrx_word' id='word_1_63' title='bbox 1564 645 1674 683; x_wconf 82' lang='grc' dir='ltr'><em>συμ-</em></span> 
     </span>
     <span class='ocr_line' id='line_1_9' title="bbox 231 691 1672 749; baseline -0.001 -12"><span class='ocrx_word' id='word_1_64' title='bbox 231 698 395 737; x_wconf 75' lang='grc' dir='ltr'><em>πειθεῖν</em></span> <span class='ocrx_word' id='word_1_65' title='bbox 417 697 500 736; x_wconf 78' lang='grc' dir='ltr'><em>τῶν</em></span> <span class='ocrx_word' id='word_1_66' title='bbox 530 695 690 736; x_wconf 80' lang='grc' dir='ltr'><em>οἰκείων</em></span> <span class='ocrx_word' id='word_1_67' title='bbox 720 691 831 749; x_wconf 79' lang='grc' dir='ltr'><em>ὅρων</em></span> <span class='ocrx_word' id='word_1_68' title='bbox 859 692 917 749; x_wconf 75' lang='grc' dir='ltr'>μή</span> <span class='ocrx_word' id='word_1_69' title='bbox 946 694 1224 748; x_wconf 81' lang='grc' dir='ltr'><em>ἐκκεχύσθαι,</em></span> <span class='ocrx_word' id='word_1_70' title='bbox 1254 696 1329 748; x_wconf 84' lang='grc' dir='ltr'><em>τήν</em></span> <span class='ocrx_word' id='word_1_71' title='bbox 1358 708 1404 748; x_wconf 87' lang='grc' dir='ltr'><em>γε</em></span> <span class='ocrx_word' id='word_1_72' title='bbox 1431 692 1519 749; x_wconf 66' lang='grc' dir='ltr'><em>μὴν</em></span> <span class='ocrx_word' id='word_1_73' title='bbox 1548 691 1672 736; x_wconf 74' lang='grc' dir='ltr'><em>ἑσπε-</em></span> 
     </span>
     <span class='ocr_line' id='line_1_10' title="bbox 231 758 1672 816; baseline -0.001 -13"><span class='ocrx_word' id='word_1_74' title='bbox 231 762 327 816; x_wconf 88' lang='grc' dir='ltr'><em>ριάν</em></span> <span class='ocrx_word' id='word_1_75' title='bbox 360 762 540 802; x_wconf 77' lang='grc' dir='ltr'><em>δεδιέναι</em></span> <span class='ocrx_word' id='word_1_76' title='bbox 585 762 806 814; x_wconf 76' lang='grc' dir='ltr'><em>πολλαχῶς</em></span> <span class='ocrx_word' id='word_1_77' title='bbox 833 758 1004 814; x_wconf 73' lang='grc' dir='ltr'><em>ἐθνικῆν</em></span> <span class='ocrx_word' id='word_1_78' title='bbox 1030 761 1359 815; x_wconf 83' lang='grc' dir='ltr'><em>πολυσπέρειαν·</em></span> <span class='ocrx_word' id='word_1_79' title='bbox 1412 759 1672 814; x_wconf 74' lang='grc' dir='ltr'><em>ὑψαυχενεῖν</em></span> 
     </span>
     <span class='ocr_line' id='line_1_11' title="bbox 229 819 1734 881; baseline 0 -14"><span class='ocrx_word' id='word_1_80' title='bbox 229 840 275 868; x_wconf 88' lang='grc' dir='ltr'><em>τε</em></span> <span class='ocrx_word' id='word_1_81' title='bbox 299 826 380 881; x_wconf 79' lang='grc' dir='ltr'><em>γὰρ</em></span> <span class='ocrx_word' id='word_1_82' title='bbox 407 823 508 874; x_wconf 77' lang='grc' dir='ltr'><em>τούς</em></span> <span class='ocrx_word' id='word_1_83' title='bbox 550 819 705 879; x_wconf 68' lang='grc' dir='ltr'><em>ἄνδρας</em></span> <span class='ocrx_word' id='word_1_84' title='bbox 739 824 812 866; x_wconf 82' lang='grc' dir='ltr'><em>καί</em></span> <span class='ocrx_word' id='word_1_85' title='bbox 843 823 888 867; x_wconf 86' lang='grc' dir='ltr'><em>τὸ</em></span> <span class='ocrx_word' id='word_1_86' title='bbox 934 830 1103 879; x_wconf 82' lang='grc' dir='ltr'><em>φρονεῖν</em></span> <span class='ocrx_word' id='word_1_87' title='bbox 1133 821 1241 867; x_wconf 80' lang='grc' dir='ltr'><em>εἶναι</em></span> <span class='ocrx_word' id='word_1_88' title='bbox 1271 822 1600 877; x_wconf 82' lang='grc' dir='ltr'><em>οἷταπεινώτους,</em></span> <span class='ocrx_word' id='word_1_89' title='bbox 1625 822 1670 867; x_wconf 84' lang='grc' dir='ltr'><em>τό</em></span> <span class='ocrx_word' id='word_1_90' title='bbox 1687 840 1734 868; x_wconf 81' lang='lat'><em>10</em></span> 
     </span>
     <span class='ocr_line' id='line_1_12' title="bbox 227 886 1672 947; baseline 0 -15"><span class='ocrx_word' id='word_1_91' title='bbox 227 906 272 933; x_wconf 86' lang='grc' dir='ltr'><em>τε</em></span> <span class='ocrx_word' id='word_1_92' title='bbox 302 893 559 947; x_wconf 78' lang='grc' dir='ltr'><em>φιλαίματον</em></span> <span class='ocrx_word' id='word_1_93' title='bbox 586 889 656 931; x_wconf 83' lang='grc' dir='ltr'><em>διὰ</em></span> <span class='ocrx_word' id='word_1_94' title='bbox 684 891 860 943; x_wconf 84' lang='grc' dir='ltr'><em>μελέτης</em></span> <span class='ocrx_word' id='word_1_95' title='bbox 889 888 1000 943; x_wconf 77' lang='grc' dir='ltr'><em>ἔχειν</em></span> <span class='ocrx_word' id='word_1_96' title='bbox 1026 886 1116 942; x_wconf 83' lang='grc' dir='ltr'><em>οἷεί,</em></span> <span class='ocrx_word' id='word_1_97' title='bbox 1155 891 1227 931; x_wconf 83' lang='grc' dir='ltr'><em>καί</em></span> <span class='ocrx_word' id='word_1_98' title='bbox 1251 889 1310 944; x_wconf 79' lang='grc' dir='ltr'><em>μὴ</em></span> <span class='ocrx_word' id='word_1_99' title='bbox 1338 890 1468 942; x_wconf 86' lang='grc' dir='ltr'><em>μόνον</em></span> <span class='ocrx_word' id='word_1_100' title='bbox 1494 891 1672 932; x_wconf 81' lang='grc' dir='ltr'><em>πλοῦτον</em></span> 
     </span>
     <span class='ocr_line' id='line_1_13' title="bbox 94 952 1669 1011; baseline 0.001 -17"><span class='ocrx_word' id='word_1_101' title='bbox 94 961 129 994; x_wconf 90' lang='grc' dir='ltr'><em>Ρ.</em></span> <span class='ocrx_word' id='word_1_102' title='bbox 153 961 215 996; x_wconf 84' lang='lat'><em>130</em></span> <span class='ocrx_word' id='word_1_103' title='bbox 228 958 562 1011; x_wconf 74' lang='grc' dir='ltr'><em>περιβεβλῆσθαι</em></span> <span class='ocrx_word' id='word_1_104' title='bbox 588 954 721 997; x_wconf 78' lang='grc' dir='ltr'><em>πολὺν</em></span> <span class='ocrx_word' id='word_1_105' title='bbox 760 958 834 997; x_wconf 81' lang='grc' dir='ltr'><em>καί</em></span> <span class='ocrx_word' id='word_1_106' title='bbox 859 957 1156 1011; x_wconf 75' lang='grc' dir='ltr'><em>σιδηροφορεῖν</em></span> <span class='ocrx_word' id='word_1_107' title='bbox 1191 952 1349 1004; x_wconf 77' lang='grc' dir='ltr'><em>πάντας</em></span> <span class='ocrx_word' id='word_1_108' title='bbox 1379 956 1439 1003; x_wconf 84' lang='grc' dir='ltr'><em>εἰς</em></span> <span class='ocrx_word' id='word_1_109' title='bbox 1464 954 1669 1008; x_wconf 84' lang='grc' dir='ltr'><em>πόλεμον,</em></span> 
     </span>
     <span class='ocr_line' id='line_1_14' title="bbox 230 1018 1674 1077; baseline -0.001 -13"><span class='ocrx_word' id='word_1_110' title='bbox 230 1020 337 1064; x_wconf 79' lang='grc' dir='ltr'><em>α’λλά</em></span> <span class='ocrx_word' id='word_1_111' title='bbox 380 1023 453 1063; x_wconf 84' lang='grc' dir='ltr'><em>καί</em></span> <span class='ocrx_word' id='word_1_112' title='bbox 477 1019 525 1063; x_wconf 86' lang='grc' dir='ltr'><em>τὸ</em></span> <span class='ocrx_word' id='word_1_113' title='bbox 562 1018 740 1063; x_wconf 80' lang='grc' dir='ltr'><em>δύσνουν</em></span> <span class='ocrx_word' id='word_1_114' title='bbox 778 1024 948 1077; x_wconf 82' lang='grc' dir='ltr'><em>τρέφειν</em></span> <span class='ocrx_word' id='word_1_115' title='bbox 974 1018 1080 1062; x_wconf 79' lang='grc' dir='ltr'><em>κατά</em></span> <span class='ocrx_word' id='word_1_116' title='bbox 1104 1020 1325 1074; x_wconf 83' lang='grc' dir='ltr'><em>Ῥωμαίων</em></span> <span class='ocrx_word' id='word_1_117' title='bbox 1354 1021 1573 1075; x_wconf 71' lang='grc' dir='ltr'><em>ἀκοίμητον</em></span> <span class='ocrx_word' id='word_1_118' title='bbox 1601 1023 1674 1064; x_wconf 83' lang='grc' dir='ltr'><strong><em>καί</em></strong></span> 
     </span>
     <span class='ocr_line' id='line_1_15' title="bbox 229 1084 1671 1145; baseline -0.001 -17"><span class='ocrx_word' id='word_1_119' title='bbox 229 1090 478 1145; x_wconf 79' lang='grc' dir='ltr'><em>φιλεχθρεῖν</em></span> <span class='ocrx_word' id='word_1_120' title='bbox 518 1089 587 1128; x_wconf 81' lang='grc' dir='ltr'><em>αἐἰ</em></span> <span class='ocrx_word' id='word_1_121' title='bbox 623 1085 726 1128; x_wconf 79' lang='grc' dir='ltr'><em>κατὰ</em></span> <span class='ocrx_word' id='word_1_122' title='bbox 766 1085 923 1129; x_wconf 87' lang='grc' dir='ltr'><em>τούτων</em></span> <span class='ocrx_word' id='word_1_123' title='bbox 958 1085 1032 1127; x_wconf 80' lang='grc' dir='ltr'><em>καί</em></span> <span class='ocrx_word' id='word_1_124' title='bbox 1056 1084 1175 1137; x_wconf 79' lang='grc' dir='ltr'><em>λοξὸν</em></span> <span class='ocrx_word' id='word_1_125' title='bbox 1213 1085 1316 1141; x_wconf 78' lang='grc' dir='ltr'><em>δρᾶν</em></span> <span class='ocrx_word' id='word_1_126' title='bbox 1342 1089 1416 1129; x_wconf 83' lang='grc' dir='ltr'>καί</span> <span class='ocrx_word' id='word_1_127' title='bbox 1440 1087 1671 1142; x_wconf 75' lang='grc' dir='ltr'><em>σφοδρὺνε-</em></span> 
     </span>
     <span class='ocr_line' id='line_1_16' title="bbox 227 1150 1736 1206; baseline 0 -11"><span class='ocrx_word' id='word_1_128' title='bbox 227 1156 348 1195; x_wconf 78' lang='grc' dir='ltr'><em>σθαι.</em></span> <span class='ocrx_word' id='word_1_129' title='bbox 432 1152 580 1206; x_wconf 79' lang='grc' dir='ltr'><em>οἷμέλει</em></span> <span class='ocrx_word' id='word_1_130' title='bbox 621 1151 823 1194; x_wconf 85' lang='grc' dir='ltr'><em>Βενετίαν</em></span> <span class='ocrx_word' id='word_1_131' title='bbox 878 1150 951 1193; x_wconf 84' lang='grc' dir='ltr'><strong><em>καί</em></strong></span> <span class='ocrx_word' id='word_1_132' title='bbox 988 1153 1027 1193; x_wconf 94' lang='grc' dir='ltr'>Γ</span> <span class='ocrx_word' id='word_1_133' title='bbox 1024 1154 1173 1193; x_wconf 88' lang='grc' dir='ltr'><em>ε’νουαν</em></span> <span class='ocrx_word' id='word_1_134' title='bbox 1217 1154 1363 1194; x_wconf 89' lang='grc' dir='ltr'><em>Πίσαν</em></span> <span class='ocrx_word' id='word_1_135' title='bbox 1403 1167 1449 1194; x_wconf 84' lang='grc' dir='ltr'><em>τε</em></span> <span class='ocrx_word' id='word_1_136' title='bbox 1492 1153 1563 1194; x_wconf 86' lang='grc' dir='ltr'>καί</span> <span class='ocrx_word' id='word_1_137' title='bbox 1599 1150 1736 1198; x_wconf 86' lang='grc' dir='ltr'><em>τὸνι5</em></span> 
     </span>
     <span class='ocr_line' id='line_1_17' title="bbox 226 1213 1673 1272; baseline -0.001 -12"><span class='ocrx_word' id='word_1_138' title='bbox 226 1220 432 1272; x_wconf 77' lang='grc' dir='ltr'><em>Ἀγκῶνα,</em></span> <span class='ocrx_word' id='word_1_139' title='bbox 485 1216 557 1258; x_wconf 84' lang='grc' dir='ltr'><em>καὶ</em></span> <span class='ocrx_word' id='word_1_140' title='bbox 607 1213 687 1259; x_wconf 77' lang='grc' dir='ltr'><em>ὅσα</em></span> <span class='ocrx_word' id='word_1_141' title='bbox 729 1216 844 1272; x_wconf 79' lang='grc' dir='ltr'><em>παρά</em></span> <span class='ocrx_word' id='word_1_142' title='bbox 900 1215 1114 1259; x_wconf 79' lang='grc' dir='ltr'><em>θάλατταν</em></span> <span class='ocrx_word' id='word_1_143' title='bbox 1155 1215 1258 1272; x_wconf 76' lang='grc' dir='ltr'><em>ἔθνη</em></span> <span class='ocrx_word' id='word_1_144' title='bbox 1306 1219 1424 1272; x_wconf 77' lang='grc' dir='ltr'><em>ἕτερα</em></span> <span class='ocrx_word' id='word_1_145' title='bbox 1475 1218 1673 1272; x_wconf 83' lang='grc' dir='ltr'><em>διακὲχυ-</em></span> 
     </span>
     <span class='ocr_line' id='line_1_18' title="bbox 225 1278 1674 1339; baseline -0.001 -13"><span class='ocrx_word' id='word_1_146' title='bbox 225 1299 321 1336; x_wconf 83' lang='grc' dir='ltr'><em>ται,</em></span> <span class='ocrx_word' id='word_1_147' title='bbox 366 1283 488 1339; x_wconf 87' lang='grc' dir='ltr'><em>φίλια</em></span> <span class='ocrx_word' id='word_1_148' title='bbox 524 1282 747 1335; x_wconf 88' lang='grc' dir='ltr'><em>Ῥωμαίοις</em></span> <span class='ocrx_word' id='word_1_149' title='bbox 786 1285 919 1325; x_wconf 73' lang='grc' dir='ltr'><em>ἐτίθει</em></span> <span class='ocrx_word' id='word_1_150' title='bbox 952 1284 1222 1335; x_wconf 80' lang='grc' dir='ltr'><em>κατεμπεδῶν</em></span> <span class='ocrx_word' id='word_1_151' title='bbox 1266 1278 1404 1338; x_wconf 82' lang='grc' dir='ltr'><em>ὅρκοις</em></span> <span class='ocrx_word' id='word_1_152' title='bbox 1447 1285 1520 1325; x_wconf 87' lang='grc' dir='ltr'><strong><em>καί</em></strong></span> <span class='ocrx_word' id='word_1_153' title='bbox 1567 1299 1674 1326; x_wconf 86' lang='grc' dir='ltr'><em>παν-</em></span> 
     </span>
     <span class='ocr_line' id='line_1_19' title="bbox 227 1345 1669 1404; baseline 0.001 -14"><span class='ocrx_word' id='word_1_154' title='bbox 227 1351 433 1398; x_wconf 85' lang='grc' dir='ltr'><em>τοδαπαῖς</em></span> <span class='ocrx_word' id='word_1_155' title='bbox 451 1345 783 1404; x_wconf 76' lang='grc' dir='ltr'><em>φιλοφροσύναις</em></span> <span class='ocrx_word' id='word_1_156' title='bbox 811 1346 1147 1401; x_wconf 85' lang='grc' dir='ltr'><em>ὑποποιούμενος,</em></span> <span class='ocrx_word' id='word_1_157' title='bbox 1179 1349 1252 1390; x_wconf 84' lang='grc' dir='ltr'><em>καί</em></span> <span class='ocrx_word' id='word_1_158' title='bbox 1279 1354 1539 1402; x_wconf 79' lang='grc' dir='ltr'><em>καταγωγαῖς</em></span> <span class='ocrx_word' id='word_1_159' title='bbox 1560 1348 1669 1391; x_wconf 70' lang='grc' dir='ltr'><em>αὐτὰ</em></span> 
     </span>
     <span class='ocr_line' id='line_1_20' title="bbox 227 1410 1671 1471; baseline 0.001 -15"><span class='ocrx_word' id='word_1_160' title='bbox 227 1412 485 1467; x_wconf 77' lang='grc' dir='ltr'><em>δεξιούμενος</em></span> <span class='ocrx_word' id='word_1_161' title='bbox 523 1415 567 1456; x_wconf 75' lang='grc' dir='ltr'><em>ἐν</em></span> <span class='ocrx_word' id='word_1_162' title='bbox 611 1415 665 1471; x_wconf 85' lang='grc' dir='ltr'><em>τῇ</em></span> <span class='ocrx_word' id='word_1_163' title='bbox 710 1410 899 1470; x_wconf 72' lang='grc' dir='ltr'><em>ἀρχούσῃ</em></span> <span class='ocrx_word' id='word_1_164' title='bbox 945 1415 1030 1454; x_wconf 78' lang='grc' dir='ltr'><em>τῶν</em></span> <span class='ocrx_word' id='word_1_165' title='bbox 1067 1413 1243 1455; x_wconf 85' lang='grc' dir='ltr'><em>πόλεων.</em></span> <span class='ocrx_word' id='word_1_166' title='bbox 1315 1411 1587 1470; x_wconf 76' lang='grc' dir='ltr'><em>ὑφορώμενος</em></span> <span class='ocrx_word' id='word_1_167' title='bbox 1625 1417 1671 1457; x_wconf 82' lang='grc' dir='ltr'><em>δὲ</em></span> 
     </span>
     <span class='ocr_line' id='line_1_21' title="bbox 225 1475 1736 1534; baseline 0 -13"><span class='ocrx_word' id='word_1_168' title='bbox 225 1479 373 1534; x_wconf 79' lang='grc' dir='ltr'><em>μήπως</em></span> <span class='ocrx_word' id='word_1_169' title='bbox 408 1481 491 1521; x_wconf 77' lang='grc' dir='ltr'><em>τῶν</em></span> <span class='ocrx_word' id='word_1_170' title='bbox 535 1482 635 1534; x_wconf 86' lang='grc' dir='ltr'><em>παρ’</em></span> <span class='ocrx_word' id='word_1_171' title='bbox 672 1475 812 1528; x_wconf 79' lang='grc' dir='ltr'><em>αὑτοῖς</em></span> <span class='ocrx_word' id='word_1_172' title='bbox 850 1480 1080 1532; x_wconf 83' lang='grc' dir='ltr'><em>λεγομένων</em></span> <span class='ocrx_word' id='word_1_173' title='bbox 1119 1478 1258 1534; x_wconf 75' lang='grc' dir='ltr'><em>ῥηγῶν</em></span> <span class='ocrx_word' id='word_1_174' title='bbox 1286 1477 1412 1532; x_wconf 79' lang='grc' dir='ltr'><em>ἰσχύν</em></span> <span class='ocrx_word' id='word_1_175' title='bbox 1451 1495 1513 1528; x_wconf 85' lang='grc' dir='ltr'><em>τις</em></span> <span class='ocrx_word' id='word_1_176' title='bbox 1556 1495 1736 1534; x_wconf 75' lang='grc' dir='ltr'><em>περι-20</em></span> 
     </span>
     <span class='ocr_line' id='line_1_22' title="bbox 228 1534 1673 1601; baseline -0.001 -15"><span class='ocrx_word' id='word_1_177' title='bbox 228 1544 304 1593; x_wconf 83' lang='grc' dir='ltr'><em>δὺς</em></span> <span class='ocrx_word' id='word_1_178' title='bbox 331 1545 504 1597; x_wconf 80' lang='grc' dir='ltr'><em>μείζονα</em></span> <span class='ocrx_word' id='word_1_179' title='bbox 532 1542 623 1586; x_wconf 81' lang='grc' dir='ltr'><em>εἶτα</em></span> <span class='ocrx_word' id='word_1_180' title='bbox 651 1542 759 1586; x_wconf 77' lang='grc' dir='ltr'><em>κατὰ</em></span> <span class='ocrx_word' id='word_1_181' title='bbox 786 1545 1006 1597; x_wconf 88' lang='grc' dir='ltr'><em>Ῥωμαίων</em></span> <span class='ocrx_word' id='word_1_182' title='bbox 1033 1543 1144 1601; x_wconf 75' lang='grc' dir='ltr'><em>ἐπίῃ,</em></span> <span class='ocrx_word' id='word_1_183' title='bbox 1175 1534 1403 1598; x_wconf 57' lang='grc' dir='ltr'><em>χρήῇιάτων</em></span> <span class='ocrx_word' id='word_1_184' title='bbox 1432 1546 1673 1599; x_wconf 81' lang='grc' dir='ltr'><em>α’νελάμβα..</em></span> 
     </span>
     <span class='ocr_line' id='line_1_23' title="bbox 229 1607 1674 1664; baseline 0.001 -13"><span class='ocrx_word' id='word_1_185' title='bbox 229 1625 275 1651; x_wconf 91' lang='grc' dir='ltr'><em>νε</em></span> <span class='ocrx_word' id='word_1_186' title='bbox 305 1607 496 1662; x_wconf 80' lang='grc' dir='ltr'><em>δόσεσιν,</em></span> <span class='ocrx_word' id='word_1_187' title='bbox 538 1608 775 1662; x_wconf 81' lang='grc' dir='ltr'><em>ἐσωμάσκει</em></span> <span class='ocrx_word' id='word_1_188' title='bbox 810 1625 853 1651; x_wconf 85' lang='grc' dir='ltr'><em>τε</em></span> <span class='ocrx_word' id='word_1_189' title='bbox 882 1608 956 1650; x_wconf 77' lang='grc' dir='ltr'><em>καὶ</em></span> <span class='ocrx_word' id='word_1_190' title='bbox 989 1611 1165 1664; x_wconf 70' lang='grc' dir='ltr'><em>ἑπέθηγε</em></span> <span class='ocrx_word' id='word_1_191' title='bbox 1201 1607 1305 1662; x_wconf 82' lang='grc' dir='ltr'><em>πρὸς</em></span> <span class='ocrx_word' id='word_1_192' title='bbox 1352 1607 1598 1652; x_wconf 77' lang='grc' dir='ltr'><em>α’νθόπλισιν</em></span> <span class='ocrx_word' id='word_1_193' title='bbox 1626 1611 1674 1652; x_wconf 88' lang='grc' dir='ltr'><em>τὸ</em></span> 
     </span>
     <span class='ocr_line' id='line_1_24' title="bbox 190 1670 1674 1729; baseline 0.002 -15"><span class='ocrx_word' id='word_1_194' title='bbox 190 1674 473 1715; x_wconf 86' lang='grc' dir='ltr'><em>Βὺποπίπτειν</em></span> <span class='ocrx_word' id='word_1_195' title='bbox 502 1676 743 1716; x_wconf 82' lang='grc' dir='ltr'><em>κινδυνεῦον</em></span> <span class='ocrx_word' id='word_1_196' title='bbox 770 1676 884 1728; x_wconf 80' lang='grc' dir='ltr'><em>γένος</em></span> <span class='ocrx_word' id='word_1_197' title='bbox 929 1670 1103 1729; x_wconf 71' lang='grc' dir='ltr'><em>ἄρχοντι</em></span> <span class='ocrx_word' id='word_1_198' title='bbox 1129 1674 1384 1728; x_wconf 76' lang='grc' dir='ltr'><em>ὑπερέχοντι.</em></span> <span class='ocrx_word' id='word_1_199' title='bbox 1434 1671 1674 1724; x_wconf 80' lang='grc' dir='ltr'><em>Ἰταλιώτας</em></span> 
     </span>
     <span class='ocr_line' id='line_1_25' title="bbox 228 1734 1672 1796; baseline 0.002 -17"><span class='ocrx_word' id='word_1_200' title='bbox 228 1734 304 1781; x_wconf 76' lang='grc' dir='ltr'><em>οὖν</em></span> <span class='ocrx_word' id='word_1_201' title='bbox 345 1736 542 1788; x_wconf 80' lang='grc' dir='ltr'><em>πολλάκις</em></span> <span class='ocrx_word' id='word_1_202' title='bbox 585 1739 691 1782; x_wconf 77' lang='grc' dir='ltr'><em>κατὰ</em></span> <span class='ocrx_word' id='word_1_203' title='bbox 735 1740 809 1782; x_wconf 84' lang='grc' dir='ltr'><em>τοῦ</em></span> <span class='ocrx_word' id='word_1_204' title='bbox 831 1738 957 1796; x_wconf 77' lang='grc' dir='ltr'><em>ῥηγὸς</em></span> <span class='ocrx_word' id='word_1_205' title='bbox 996 1741 1255 1792; x_wconf 85' lang='grc' dir='ltr'><em>Ἀλαμανίας</em></span> <span class='ocrx_word' id='word_1_206' title='bbox 1291 1742 1366 1781; x_wconf 79' lang='grc' dir='ltr'><em>τοῦ</em></span> <span class='ocrx_word' id='word_1_207' title='bbox 1407 1741 1672 1796; x_wconf 67' lang='grc' dir='ltr'><em>Φρεδεριχου</em></span> 
     </span>
    </p>
   </div>
   <div class='ocr_carea' id='block_1_3' title="bbox 320 1827 1672 1876">
    <p class='ocr_par' dir='ltr' id='par_1_3' title="bbox 320 1827 1672 1876">
     <span class='ocr_line' id='line_1_26' title="bbox 320 1827 1672 1876; baseline 0.001 -14"><span class='ocrx_word' id='word_1_208' title='bbox 320 1839 352 1862; x_wconf 88' lang='lat'><em>2.</em></span> <span class='ocrx_word' id='word_1_209' title='bbox 377 1828 571 1876; x_wconf 78' lang='grc' dir='ltr'><em>ἄντικρυς]</em></span> <span class='ocrx_word' id='word_1_210' title='bbox 604 1828 703 1864; x_wconf 80' lang='grc' dir='ltr'><em>εἶναι</em></span> <span class='ocrx_word' id='word_1_211' title='bbox 744 1829 901 1876; x_wconf 75' lang='grc' dir='ltr'><em>ὁμοίους</em></span> <span class='ocrx_word' id='word_1_212' title='bbox 938 1829 1124 1875; x_wconf 70' lang='grc' dir='ltr'><em>γάστρινα</em></span> <span class='ocrx_word' id='word_1_213' title='bbox 1164 1829 1275 1870; x_wconf 72' lang='grc' dir='ltr'><em>σκεύη</em></span> <span class='ocrx_word' id='word_1_214' title='bbox 1311 1827 1408 1872; x_wconf 81' lang='grc' dir='ltr'><em>πρὸς</em></span> <span class='ocrx_word' id='word_1_215' title='bbox 1446 1828 1600 1875; x_wconf 65' lang='grc' dir='ltr'><em>σιδήρεα</em></span> <span class='ocrx_word' id='word_1_216' title='bbox 1635 1831 1672 1863; x_wconf 91' lang='grc' dir='ltr'><em>Β.</em></span> 
     </span>
    </p>
   </div>
   <div class='ocr_carea' id='block_1_4' title="bbox 317 1875 1674 2062">
    <p class='ocr_par' dir='ltr' id='par_1_4' title="bbox 317 1875 1674 2062">
     <span class='ocr_line' id='line_1_27' title="bbox 321 1875 1671 1922; baseline 0.003 -15"><span class='ocrx_word' id='word_1_217' title='bbox 321 1889 353 1921; x_wconf 83' lang='lat'><em>7.</em></span> <span class='ocrx_word' id='word_1_218' title='bbox 385 1875 659 1921; x_wconf 74' lang='grc' dir='ltr'><em>ὑπαγαγέσθαι</em></span> <span class='ocrx_word' id='word_1_219' title='bbox 690 1877 728 1909; x_wconf 86' lang='grc' dir='ltr'><em>Α.</em></span> <span class='ocrx_word' id='word_1_220' title='bbox 892 1889 925 1922; x_wconf 87' lang='lat'><em>9.</em></span> <span class='ocrx_word' id='word_1_221' title='bbox 952 1875 1130 1922; x_wconf 77' lang='grc' dir='ltr'><em>δεδιέναι]</em></span> <span class='ocrx_word' id='word_1_222' title='bbox 1165 1877 1390 1920; x_wconf 67' lang='grc' dir='ltr'><em>ὑφορόσθαι</em></span> <span class='ocrx_word' id='word_1_223' title='bbox 1428 1876 1469 1910; x_wconf 91' lang='lat' dir='ltr'><em>A.</em></span> <span class='ocrx_word' id='word_1_224' title='bbox 1493 1877 1589 1909; x_wconf 89' lang='lat' dir='ltr'><strong>idem</strong></span> <span class='ocrx_word' id='word_1_225' title='bbox 1614 1889 1671 1911; x_wconf 87' lang='lat' dir='ltr'><em>om</em></span> 
     </span>
     <span class='ocr_line' id='line_1_28' title="bbox 317 1922 1674 1969; baseline 0 -13"><span class='ocrx_word' id='word_1_226' title='bbox 317 1923 484 1963; x_wconf 76' lang='grc' dir='ltr'><em>ἐθνικῆν.</em></span> <span class='ocrx_word' id='word_1_227' title='bbox 637 1934 686 1957; x_wconf 83' lang='grc' dir='ltr'><em>ιο.</em></span> <span class='ocrx_word' id='word_1_228' title='bbox 711 1922 884 1969; x_wconf 82' lang='grc' dir='ltr'><em>φρονεῖν]</em></span> <span class='ocrx_word' id='word_1_229' title='bbox 922 1929 1082 1968; x_wconf 81' lang='grc' dir='ltr'><em>φρονεῖν</em></span> <span class='ocrx_word' id='word_1_230' title='bbox 1115 1924 1292 1959; x_wconf 65' lang='grc' dir='ltr'><em>ἐπιεικῶς</em></span> <span class='ocrx_word' id='word_1_231' title='bbox 1315 1924 1354 1956; x_wconf 83' lang='grc' dir='ltr'><em>Α.</em></span> <span class='ocrx_word' id='word_1_232' title='bbox 1498 1925 1550 1967; x_wconf 76' lang='grc' dir='ltr'><em>ι4.</em></span> <span class='ocrx_word' id='word_1_233' title='bbox 1576 1933 1674 1969; x_wconf 81' lang='grc' dir='ltr'><em>σφο-</em></span> 
     </span>
     <span class='ocr_line' id='line_1_29' title="bbox 319 1968 1670 2018; baseline 0.001 -16"><span class='ocrx_word' id='word_1_234' title='bbox 319 1968 543 2016; x_wconf 76' lang='grc' dir='ltr'><em>δρύνεσθαι]</em></span> <span class='ocrx_word' id='word_1_235' title='bbox 571 1970 708 2005; x_wconf 75' lang='grc' dir='ltr'><em>λυττᾶν</em></span> <span class='ocrx_word' id='word_1_236' title='bbox 731 1970 770 2002; x_wconf 92' lang='grc' dir='ltr'><em>Α.</em></span> <span class='ocrx_word' id='word_1_237' title='bbox 896 1971 944 2004; x_wconf 85' lang='lat'><em>15.</em></span> <span class='ocrx_word' id='word_1_238' title='bbox 971 1972 1213 2015; x_wconf 74' lang='grc' dir='ltr'><em>γενουβίσους</em></span> <span class='ocrx_word' id='word_1_239' title='bbox 1238 1970 1273 2001; x_wconf 86' lang='grc' dir='ltr'><em>Β.</em></span> <span class='ocrx_word' id='word_1_240' title='bbox 1393 1971 1449 2015; x_wconf 75' lang='lat'><em>24.</em></span> <span class='ocrx_word' id='word_1_241' title='bbox 1474 1969 1670 2018; x_wconf 81' lang='grc' dir='ltr'><em>πολλάκις]</em></span> 
     </span>
     <span class='ocr_line' id='line_1_30' title="bbox 318 2014 1014 2062; baseline 0 -14"><span class='ocrx_word' id='word_1_242' title='bbox 318 2014 544 2053; x_wconf 81' lang='grc' dir='ltr'><em>πλειστάκις</em></span> <span class='ocrx_word' id='word_1_243' title='bbox 566 2017 606 2049; x_wconf 90' lang='lat' dir='ltr'><em>A.</em></span> <span class='ocrx_word' id='word_1_244' title='bbox 722 2016 952 2062; x_wconf 81' lang='grc' dir='ltr'><em>φερδεριχου</em></span> <span class='ocrx_word' id='word_1_245' title='bbox 978 2018 1014 2049; x_wconf 93' lang='grc' dir='ltr'><em>Β.</em></span> 
     </span>
    </p>
   </div>
   <div class='ocr_carea' id='block_1_5' title="bbox 227 2084 1714 2735">
    <p class='ocr_par' dir='ltr' id='par_1_5' title="bbox 227 2084 1714 2735">
     <span class='ocr_line' id='line_1_31' title="bbox 228 2084 1672 2130; baseline 0.001 -13"><span class='ocrx_word' id='word_1_246' title='bbox 228 2084 392 2118; x_wconf 78' lang='lat' dir='ltr'><strong>dentales</strong></span> <span class='ocrx_word' id='word_1_247' title='bbox 418 2085 585 2118; x_wconf 87' lang='lat' dir='ltr'><strong>Romanis</strong></span> <span class='ocrx_word' id='word_1_248' title='bbox 614 2095 691 2118; x_wconf 88' lang='lat' dir='ltr'><strong>esse</strong></span> <span class='ocrx_word' id='word_1_249' title='bbox 716 2086 821 2130; x_wconf 82' lang='lat' dir='ltr'><strong>longe</strong></span> <span class='ocrx_word' id='word_1_250' title='bbox 846 2086 1069 2130; x_wconf 84' lang='lat' dir='ltr'><strong>superiores,</strong></span> <span class='ocrx_word' id='word_1_251' title='bbox 1114 2086 1324 2130; x_wconf 79' lang='lat' dir='ltr'><strong>praesertim</strong></span> <span class='ocrx_word' id='word_1_252' title='bbox 1350 2096 1433 2118; x_wconf 88' lang='lat' dir='ltr'><strong>vero</strong></span> <span class='ocrx_word' id='word_1_253' title='bbox 1460 2085 1672 2119; x_wconf 81' lang='lat' dir='ltr'><strong>formidabi-</strong></span> 
     </span>
     <span class='ocr_line' id='line_1_32' title="bbox 228 2131 1671 2176; baseline 0.002 -13"><span class='ocrx_word' id='word_1_254' title='bbox 228 2132 280 2164; x_wconf 81' lang='lat' dir='ltr'><strong>les</strong></span> <span class='ocrx_word' id='word_1_255' title='bbox 309 2142 368 2163; x_wconf 81' lang='lat' dir='ltr'><em>eas</em></span> <span class='ocrx_word' id='word_1_256' title='bbox 403 2131 479 2163; x_wconf 85' lang='lat' dir='ltr'><strong>sore</strong></span> <span class='ocrx_word' id='word_1_257' title='bbox 504 2132 534 2164; x_wconf 82' lang='lat' dir='ltr'><em>si</em></span> <span class='ocrx_word' id='word_1_258' title='bbox 567 2132 605 2164; x_wconf 89' lang='lat' dir='ltr'><em>in</em></span> <span class='ocrx_word' id='word_1_259' title='bbox 640 2144 752 2165; x_wconf 86' lang='lat' dir='ltr'><strong>unum</strong></span> <span class='ocrx_word' id='word_1_260' title='bbox 786 2133 1055 2176; x_wconf 78' lang='lat' dir='ltr'>conspirarent,</span> <span class='ocrx_word' id='word_1_261' title='bbox 1091 2133 1205 2165; x_wconf 76' lang='lat' dir='ltr'><strong>inulto</strong></span> <span class='ocrx_word' id='word_1_262' title='bbox 1243 2138 1326 2164; x_wconf 86' lang='lat' dir='ltr'><strong>ante</strong></span> <span class='ocrx_word' id='word_1_263' title='bbox 1350 2142 1387 2164; x_wconf 82' lang='lat' dir='ltr'><strong>se</strong></span> <span class='ocrx_word' id='word_1_264' title='bbox 1413 2132 1540 2176; x_wconf 87' lang='lat' dir='ltr'><strong>quovis</strong></span> <span class='ocrx_word' id='word_1_265' title='bbox 1563 2133 1671 2166; x_wconf 88' lang='lat' dir='ltr'><strong>modo</strong></span> 
     </span>
     <span class='ocr_line' id='line_1_33' title="bbox 229 2177 1671 2225; baseline 0.002 -16"><span class='ocrx_word' id='word_1_266' title='bbox 229 2183 352 2210; x_wconf 83' lang='lat' dir='ltr'><strong>contra</strong></span> <span class='ocrx_word' id='word_1_267' title='bbox 391 2177 472 2210; x_wconf 87' lang='lat' dir='ltr'><strong>illas</strong></span> <span class='ocrx_word' id='word_1_268' title='bbox 512 2178 711 2211; x_wconf 83' lang='lat' dir='ltr'><strong>muniebat.</strong></span> <span class='ocrx_word' id='word_1_269' title='bbox 748 2190 829 2211; x_wconf 85' lang='lat' dir='ltr'><em>nam</em></span> <span class='ocrx_word' id='word_1_270' title='bbox 856 2179 1059 2225; x_wconf 77' lang='lat' dir='ltr'><strong>Orientales</strong></span> <span class='ocrx_word' id='word_1_271' title='bbox 1092 2178 1238 2223; x_wconf 85' lang='lat' dir='ltr'><strong>quidem</strong></span> <span class='ocrx_word' id='word_1_272' title='bbox 1266 2177 1435 2210; x_wconf 81' lang='lat' dir='ltr'><strong>barbaros</strong></span> <span class='ocrx_word' id='word_1_273' title='bbox 1464 2178 1574 2211; x_wconf 83' lang='lat' dir='ltr'><strong>licere</strong></span> <span class='ocrx_word' id='word_1_274' title='bbox 1601 2180 1671 2212; x_wconf 88' lang='lat' dir='ltr'><strong>sibi</strong></span> 
     </span>
     <span class='ocr_line' id='line_1_34' title="bbox 230 2224 1672 2267; baseline 0.002 -11"><span class='ocrx_word' id='word_1_275' title='bbox 230 2229 266 2256; x_wconf 86' lang='lat' dir='ltr'><strong>et</strong></span> <span class='ocrx_word' id='word_1_276' title='bbox 290 2224 443 2267; x_wconf 87' lang='lat' dir='ltr'><strong>pecunia</strong></span> <span class='ocrx_word' id='word_1_277' title='bbox 479 2225 672 2257; x_wconf 84' lang='lat' dir='ltr'><strong>conciliare</strong></span> <span class='ocrx_word' id='word_1_278' title='bbox 699 2231 736 2258; x_wconf 87' lang='lat' dir='ltr'><strong>et</strong></span> <span class='ocrx_word' id='word_1_279' title='bbox 770 2226 876 2258; x_wconf 83' lang='lat' dir='ltr'><strong>armis</strong></span> <span class='ocrx_word' id='word_1_280' title='bbox 900 2226 994 2258; x_wconf 85' lang='lat' dir='ltr'><strong>intra</strong></span> <span class='ocrx_word' id='word_1_281' title='bbox 1021 2226 1108 2257; x_wconf 84' lang='lat' dir='ltr'><strong>fines</strong></span> <span class='ocrx_word' id='word_1_282' title='bbox 1132 2236 1214 2257; x_wconf 86' lang='lat' dir='ltr'><strong>suos</strong></span> <span class='ocrx_word' id='word_1_283' title='bbox 1243 2224 1450 2256; x_wconf 86' lang='lat' dir='ltr'><strong>continere:</strong></span> <span class='ocrx_word' id='word_1_284' title='bbox 1479 2225 1542 2257; x_wconf 87' lang='lat' dir='ltr'><strong>sed</strong></span> <span class='ocrx_word' id='word_1_285' title='bbox 1567 2225 1672 2259; x_wconf 86' lang='lat' dir='ltr'><strong>Occi-</strong></span> 
     </span>
     <span class='ocr_line' id='line_1_35' title="bbox 229 2270 1672 2316; baseline 0.002 -13"><span class='ocrx_word' id='word_1_286' title='bbox 229 2270 429 2303; x_wconf 74' lang='lat' dir='ltr'><strong>dentalium</strong></span> <span class='ocrx_word' id='word_1_287' title='bbox 455 2271 613 2312; x_wconf 81' lang='lat' dir='ltr'><strong>gentium</strong></span> <span class='ocrx_word' id='word_1_288' title='bbox 640 2272 912 2304; x_wconf 77' lang='lat' dir='ltr'><strong>multitudinem</strong></span> <span class='ocrx_word' id='word_1_289' title='bbox 936 2272 1063 2304; x_wconf 88' lang='lat' dir='ltr'><strong>timere</strong></span> <span class='ocrx_word' id='word_1_290' title='bbox 1089 2282 1145 2308; x_wconf 81' lang='lat' dir='ltr'><strong>se,</strong></span> <span class='ocrx_word' id='word_1_291' title='bbox 1187 2270 1286 2316; x_wconf 87' lang='lat' dir='ltr'><strong>quod</strong></span> <span class='ocrx_word' id='word_1_292' title='bbox 1312 2271 1379 2303; x_wconf 83' lang='lat' dir='ltr'><strong>viri</strong></span> <span class='ocrx_word' id='word_1_293' title='bbox 1406 2271 1552 2316; x_wconf 82' lang='lat' dir='ltr'><strong>superbi</strong></span> <span class='ocrx_word' id='word_1_294' title='bbox 1579 2273 1672 2314; x_wconf 83' lang='lat' dir='ltr'><strong>sint,</strong></span> 
     </span>
     <span class='ocr_line' id='line_1_36' title="bbox 227 2316 1671 2361; baseline 0.002 -12"><span class='ocrx_word' id='word_1_295' title='bbox 227 2316 415 2356; x_wconf 78' lang='lat' dir='ltr'><strong>indomiti,</strong></span> <span class='ocrx_word' id='word_1_296' title='bbox 451 2317 690 2360; x_wconf 80' lang='lat' dir='ltr'><strong>sanguinarii,</strong></span> <span class='ocrx_word' id='word_1_297' title='bbox 724 2329 790 2350; x_wconf 88' lang='lat' dir='ltr'><em>nec</em></span> <span class='ocrx_word' id='word_1_298' title='bbox 828 2323 968 2350; x_wconf 83' lang='lat' dir='ltr'><strong>tantum</strong></span> <span class='ocrx_word' id='word_1_299' title='bbox 1008 2317 1136 2361; x_wconf 86' lang='lat' dir='ltr'><strong>opibus</strong></span> <span class='ocrx_word' id='word_1_300' title='bbox 1164 2323 1198 2350; x_wconf 83' lang='lat' dir='ltr'><strong>et</strong></span> <span class='ocrx_word' id='word_1_301' title='bbox 1242 2318 1348 2349; x_wconf 85' lang='lat' dir='ltr'><strong>armis</strong></span> <span class='ocrx_word' id='word_1_302' title='bbox 1374 2317 1583 2358; x_wconf 85' lang='lat' dir='ltr'><strong>abundent,</strong></span> <span class='ocrx_word' id='word_1_303' title='bbox 1607 2318 1671 2352; x_wconf 85' lang='lat' dir='ltr'><strong>sed</strong></span> 
     </span>
     <span class='ocr_line' id='line_1_37' title="bbox 228 2362 1672 2408; baseline 0.002 -13"><span class='ocrx_word' id='word_1_304' title='bbox 228 2362 527 2395; x_wconf 87' lang='lat' dir='ltr'><strong>irreconciliabili</strong></span> <span class='ocrx_word' id='word_1_305' title='bbox 558 2364 664 2396; x_wconf 80' lang='lat' dir='ltr'><strong>etiam</strong></span> <span class='ocrx_word' id='word_1_306' title='bbox 694 2364 778 2396; x_wconf 89' lang='lat' dir='ltr'><strong>odio</strong></span> <span class='ocrx_word' id='word_1_307' title='bbox 808 2365 983 2396; x_wconf 84' lang='lat' dir='ltr'><strong>Romanos</strong></span> <span class='ocrx_word' id='word_1_308' title='bbox 1017 2369 1290 2408; x_wconf 85' lang='lat' dir='ltr'><strong>persequantur.</strong></span> <span class='ocrx_word' id='word_1_309' title='bbox 1318 2363 1472 2407; x_wconf 81' lang='lat' dir='ltr'><strong>proinde</strong></span> <span class='ocrx_word' id='word_1_310' title='bbox 1498 2364 1672 2398; x_wconf 72' lang='lat' dir='ltr'><strong>Venetias</strong></span> 
     </span>
     <span class='ocr_line' id='line_1_38' title="bbox 229 2409 1671 2455; baseline 0.001 -13"><span class='ocrx_word' id='word_1_311' title='bbox 229 2410 393 2442; x_wconf 79' lang='lat' dir='ltr'><strong>Genuam</strong></span> <span class='ocrx_word' id='word_1_312' title='bbox 424 2409 519 2441; x_wconf 85' lang='lat' dir='ltr'><strong>Pisas</strong></span> <span class='ocrx_word' id='word_1_313' title='bbox 545 2409 727 2442; x_wconf 85' lang='lat' dir='ltr'><strong>Anconam</strong></span> <span class='ocrx_word' id='word_1_314' title='bbox 757 2416 794 2443; x_wconf 86' lang='lat' dir='ltr'><strong>et</strong></span> <span class='ocrx_word' id='word_1_315' title='bbox 818 2411 975 2455; x_wconf 83' lang='lat' dir='ltr'><strong>reliquos</strong></span> <span class='ocrx_word' id='word_1_316' title='bbox 1007 2421 1090 2442; x_wconf 86' lang='lat' dir='ltr'><strong>orae</strong></span> <span class='ocrx_word' id='word_1_317' title='bbox 1112 2410 1313 2442; x_wconf 79' lang='lat' dir='ltr'><strong>maritimae</strong></span> <span class='ocrx_word' id='word_1_318' title='bbox 1339 2410 1476 2443; x_wconf 83' lang='lat' dir='ltr'><strong>accolas</strong></span> <span class='ocrx_word' id='word_1_319' title='bbox 1503 2411 1671 2444; x_wconf 84' lang='lat' dir='ltr'><strong>Romanis</strong></span> 
     </span>
     <span class='ocr_line' id='line_1_39' title="bbox 230 2454 1672 2500; baseline 0.003 -12"><span class='ocrx_word' id='word_1_320' title='bbox 230 2454 468 2494; x_wconf 84' lang='lat' dir='ltr'><strong>conciliabat,</strong></span> <span class='ocrx_word' id='word_1_321' title='bbox 491 2455 723 2489; x_wconf 86' lang='lat' dir='ltr'><strong>iureiurando</strong></span> <span class='ocrx_word' id='word_1_322' title='bbox 749 2456 998 2496; x_wconf 79' lang='lat' dir='ltr'><strong>devinciebat,</strong></span> <span class='ocrx_word' id='word_1_323' title='bbox 1025 2456 1139 2488; x_wconf 85' lang='lat' dir='ltr'><strong>omnis</strong></span> <span class='ocrx_word' id='word_1_324' title='bbox 1169 2457 1307 2500; x_wconf 81' lang='lat' dir='ltr'><strong>generis</strong></span> <span class='ocrx_word' id='word_1_325' title='bbox 1333 2456 1456 2489; x_wconf 85' lang='lat' dir='ltr'><strong>officiis</strong></span> <span class='ocrx_word' id='word_1_326' title='bbox 1485 2457 1672 2491; x_wconf 81' lang='lat' dir='ltr'><strong>alliciebat</strong></span> 
     </span>
     <span class='ocr_line' id='line_1_40' title="bbox 232 2501 1672 2546; baseline 0.001 -11"><span class='ocrx_word' id='word_1_327' title='bbox 232 2507 269 2535; x_wconf 82' lang='lat' dir='ltr'><strong>et</strong></span> <span class='ocrx_word' id='word_1_328' title='bbox 299 2502 337 2534; x_wconf 86' lang='lat' dir='ltr'><em>in</em></span> <span class='ocrx_word' id='word_1_329' title='bbox 374 2501 462 2533; x_wconf 89' lang='lat' dir='ltr'><strong>urbe</strong></span> <span class='ocrx_word' id='word_1_330' title='bbox 495 2502 722 2545; x_wconf 87' lang='lat' dir='ltr'><strong>imperatrice</strong></span> <span class='ocrx_word' id='word_1_331' title='bbox 753 2503 919 2546; x_wconf 83' lang='lat' dir='ltr'><strong>hospitiis</strong></span> <span class='ocrx_word' id='word_1_332' title='bbox 959 2502 1173 2546; x_wconf 80' lang='lat' dir='ltr'><strong>excipiebat.</strong></span> <span class='ocrx_word' id='word_1_333' title='bbox 1216 2508 1252 2535; x_wconf 85' lang='lat' dir='ltr'><strong>et</strong></span> <span class='ocrx_word' id='word_1_334' title='bbox 1281 2503 1365 2546; x_wconf 85' lang='lat' dir='ltr'><strong>quia</strong></span> <span class='ocrx_word' id='word_1_335' title='bbox 1400 2503 1594 2537; x_wconf 79' lang='lat' dir='ltr'><strong>verebatur</strong></span> <span class='ocrx_word' id='word_1_336' title='bbox 1623 2515 1672 2537; x_wconf 88' lang='lat' dir='ltr'><em>ne</em></span> 
     </span>
     <span class='ocr_line' id='line_1_41' title="bbox 232 2547 1714 2595; baseline 0.002 -15"><span class='ocrx_word' id='word_1_337' title='bbox 232 2548 314 2593; x_wconf 87' lang='lat' dir='ltr'><strong>quis</strong></span> <span class='ocrx_word' id='word_1_338' title='bbox 339 2547 626 2580; x_wconf 84' lang='lat' dir='ltr'><strong>occidentalium</strong></span> <span class='ocrx_word' id='word_1_339' title='bbox 655 2559 773 2591; x_wconf 77' lang='lat' dir='ltr'><strong>regum</strong></span> <span class='ocrx_word' id='word_1_340' title='bbox 800 2548 930 2592; x_wconf 85' lang='lat' dir='ltr'><strong>opibus</strong></span> <span class='ocrx_word' id='word_1_341' title='bbox 969 2549 1082 2581; x_wconf 83' lang='lat' dir='ltr'><strong>auctis</strong></span> <span class='ocrx_word' id='word_1_342' title='bbox 1110 2550 1285 2581; x_wconf 85' lang='lat' dir='ltr'><strong>Romanos</strong></span> <span class='ocrx_word' id='word_1_343' title='bbox 1311 2548 1516 2590; x_wconf 80' lang='lat' dir='ltr'><strong>invaderet,</strong></span> <span class='ocrx_word' id='word_1_344' title='bbox 1541 2555 1671 2595; x_wconf 80' lang='lat' dir='ltr'><strong>poten·</strong></span> <span class='ocrx_word' id='word_1_345' title='bbox 1712 2593 1714 2595; x_wconf 26' lang='grc' dir='ltr'>Ι</span> 
     </span>
     <span class='ocr_line' id='line_1_42' title="bbox 232 2593 1671 2639; baseline 0.001 -12"><span class='ocrx_word' id='word_1_346' title='bbox 232 2596 366 2627; x_wconf 84' lang='lat' dir='ltr'><strong>tiorum</strong></span> <span class='ocrx_word' id='word_1_347' title='bbox 390 2593 533 2627; x_wconf 88' lang='lat' dir='ltr'><strong>iniuriis</strong></span> <span class='ocrx_word' id='word_1_348' title='bbox 565 2595 742 2627; x_wconf 81' lang='lat' dir='ltr'><strong>obnoxios</strong></span> <span class='ocrx_word' id='word_1_349' title='bbox 767 2595 918 2639; x_wconf 80' lang='lat' dir='ltr'><strong>populos</strong></span> <span class='ocrx_word' id='word_1_350' title='bbox 945 2596 1097 2638; x_wconf 80' lang='lat' dir='ltr'><strong>pecunia</strong></span> <span class='ocrx_word' id='word_1_351' title='bbox 1126 2595 1331 2636; x_wconf 77' lang='lat' dir='ltr'><strong>reficiebat,</strong></span> <span class='ocrx_word' id='word_1_352' title='bbox 1376 2596 1413 2628; x_wconf 86' lang='lat' dir='ltr'><em>in</em></span> <span class='ocrx_word' id='word_1_353' title='bbox 1438 2596 1544 2629; x_wconf 81' lang='lat' dir='ltr'><strong>armis</strong></span> <span class='ocrx_word' id='word_1_354' title='bbox 1569 2607 1671 2629; x_wconf 79' lang='lat' dir='ltr'><strong>exer-</strong></span> 
     </span>
     <span class='ocr_line' id='line_1_43' title="bbox 235 2640 1670 2687; baseline 0.002 -14"><span class='ocrx_word' id='word_1_355' title='bbox 235 2640 339 2673; x_wconf 74' lang='lat' dir='ltr'><strong>cebat</strong></span> <span class='ocrx_word' id='word_1_356' title='bbox 365 2645 402 2673; x_wconf 84' lang='lat' dir='ltr'><strong>et</strong></span> <span class='ocrx_word' id='word_1_357' title='bbox 424 2640 470 2673; x_wconf 90' lang='lat' dir='ltr'><strong>ad</strong></span> <span class='ocrx_word' id='word_1_358' title='bbox 493 2641 731 2674; x_wconf 79' lang='lat' dir='ltr'><strong>resistendum</strong></span> <span class='ocrx_word' id='word_1_359' title='bbox 757 2641 949 2673; x_wconf 82' lang='lat' dir='ltr'><strong>animabat.</strong></span> <span class='ocrx_word' id='word_1_360' title='bbox 980 2653 1019 2673; x_wconf 82' lang='lat' dir='ltr'><em>ac</em></span> <span class='ocrx_word' id='word_1_361' title='bbox 1047 2642 1155 2674; x_wconf 83' lang='lat' dir='ltr'><strong>Italos</strong></span> <span class='ocrx_word' id='word_1_362' title='bbox 1184 2647 1305 2674; x_wconf 82' lang='lat' dir='ltr'><strong>contra</strong></span> <span class='ocrx_word' id='word_1_363' title='bbox 1320 2642 1527 2675; x_wconf 75' lang='lat' dir='ltr'><strong>Alcmaniae</strong></span> <span class='ocrx_word' id='word_1_364' title='bbox 1552 2653 1670 2687; x_wconf 83' lang='lat' dir='ltr'><strong>regem</strong></span> 
     </span>
     <span class='ocr_line' id='line_1_44' title="bbox 235 2687 1669 2735; baseline 0.001 -14"><span class='ocrx_word' id='word_1_365' title='bbox 235 2687 477 2728; x_wconf 83' lang='lat' dir='ltr'><strong>Fridericum‚</strong></span> <span class='ocrx_word' id='word_1_366' title='bbox 516 2689 578 2732; x_wconf 87' lang='lat' dir='ltr'><em>qui</em></span> <span class='ocrx_word' id='word_1_367' title='bbox 619 2699 679 2721; x_wconf 89' lang='lat' dir='ltr'><strong>eos</strong></span> <span class='ocrx_word' id='word_1_368' title='bbox 715 2699 800 2722; x_wconf 85' lang='lat' dir='ltr'><strong>suae</strong></span> <span class='ocrx_word' id='word_1_369' title='bbox 839 2687 989 2721; x_wconf 83' lang='lat' dir='ltr'><strong>ditionis</strong></span> <span class='ocrx_word' id='word_1_370' title='bbox 1016 2688 1132 2721; x_wconf 78' lang='lat' dir='ltr'><strong>facere</strong></span> <span class='ocrx_word' id='word_1_371' title='bbox 1168 2688 1321 2721; x_wconf 76' lang='lat' dir='ltr'><strong>maxime</strong></span> <span class='ocrx_word' id='word_1_372' title='bbox 1347 2688 1537 2734; x_wconf 76' lang='lat' dir='ltr'><strong>cupiebat,</strong></span> <span class='ocrx_word' id='word_1_373' title='bbox 1563 2700 1669 2735; x_wconf 82' lang='lat' dir='ltr'><strong>saepe</strong></span> 
     </span>
    </p>
   </div>
  </div>
 </body>
</html>
