1838 3210
277 185 387 240 270
715 175 944 220 NICETAE
981 172 1292 221 CHONIATAE

265 279 415 328 ’κιανός
453 275 475 318 ὅ
514 275 623 319 πάνυ
668 270 881 329 ἀνήγειρε,
914 274 999 328 πῦρ
1045 273 1091 314 δὲ
1126 267 1344 329 ᾗθάλωσε,
1374 275 1481 329 μέρη
1510 276 1603 318 τινὰ
1635 277 1711 317 τοῦ

270 343 458 387 τοιούτου
485 342 681 394 τεμένους
707 340 753 380 ἐκ
777 337 951 394 βάθρων
983 336 1229 392 δειμάμενος
1254 339 1330 380 τοῦ
1348 341 1498 392 λοιποῦ
1516 341 1589 396 τῆς
1613 355 1710 384 ναο-

271 411 422 462 δομίας
448 405 671 451 ἐπαύσατο.
727 402 930 460 ἱδρύσατο
957 404 1002 446 δὲ
1019 402 1337 460 φροντιστήριον
1365 402 1478 460 ἱερὸν
1507 408 1609 461 περί
1629 423 1709 450 που

223 479 255 511 1)
271 473 316 515 τό
346 474 420 514 τοῦ
444 471 618 513 Πόντου
647 468 796 523 στόμα,
829 469 888 518 εἷς
906 469 1033 510 τόπον
1058 466 1151 511 τινὰ
1177 470 1456 524 Κατασκέπην
1482 470 1708 526 λεγόμενον,

268 540 328 587 εἷς
355 533 482 589 ὄνομα
508 537 582 577 τοῦ
625 531 961 590 ἀρχιστρατήγου
992 532 1197 588 ῙΙίῙιχαὴλ,
1228 536 1323 575 καθ’
1353 531 1378 574 ὃ
1404 536 1489 577 τῶν
1516 533 1607 578 τότε
1631 542 1745 590 μο-5

267 605 432 644 ναστῶν
460 599 670 656 ἠθροικώς
692 598 790 650 τούς
811 599 1164 652 ὀνομαστοτάτους
1179 614 1222 641 τε
1251 597 1323 640 καί
1339 600 1572 655 α’κρὲμονας
1600 599 1708 645 ndr-

266 684 316 724 τῃ
343 664 570 720 μοναδικόν
615 667 687 707 καί
725 663 972 720 α’πράγμονα
1011 665 1200 718 μετιέναι
1227 666 1318 718 βίον
1345 664 1703 720 προεμηθεύσατο.

265 730 388 780 εἰδώς
414 731 494 785 γὰρ
529 728 574 772 τὸ
608 729 880 785 κτηματικούς
907 725 1014 771 εἶναι
1051 731 1123 771 καί
1150 728 1435 784 τυρβάζεσθαι
1462 728 1586 774 πάλιν
1612 733 1711 788 περὶ

262 794 394 838 πολλοὶ
423 794 524 845 τούς
551 794 620 838 τὸν
649 794 848 851 ἕρημικὸν
875 796 967 848 βίον
995 795 1266 848 ἀνελομένους
1283 798 1357 850 τῆς
1385 795 1565 850 ἦσυχιάς
1593 799 1707 854 σφᾶς

260 864 476 915 μεθιστῶν
502 863 574 903 καί
599 863 674 903 τοῦ
703 859 808 902 κατὰ
837 859 940 902 θεὸν
958 861 1029 915 ζῆν
1049 861 1220 914 α’πάγον,
1247 862 1368 903 τοῦτο
1397 859 1450 915 δὴ
1478 861 1525 903 τὸ
1556 863 1704 904 οἰκεῖον
1722 878 1770 904 ιο

262 929 401 975 αὐτοῖς
440 923 699 981 ἐπάγγελμα,
739 927 865 968 οὐδὲν
907 927 1115 981 κτησίδιον
1157 926 1302 974 αὐτοῖς
1337 923 1569 979 ἆπετάμετο
1610 922 1704 970 οὔτε

258 991 343 1047 μήν
372 991 530 1048 α’γρούς
559 994 633 1034 καί
659 991 906 1046 ἀμπελῶνας
925 994 984 1048 τῷ
1002 993 1304 1049 φροντιστηράιο
1332 992 1534 1045 α’πέταξε,
1563 994 1704 1035 πᾶσαν

258 1059 307 1099 δὲ
336 1062 423 1107 τοῖς
449 1062 677 1110 μονασταῖς
705 1058 875 1098 δίαιταν
910 1057 955 1097 ἐκ
983 1059 1068 1098 τῶν
1107 1059 1334 1110 βασιλικῶν
1351 1057 1583 1113 χρυσώνων
1611 1059 1703 1101 ἑπι-

257 1120 469 1178 μετρὴσας
498 1124 657 1164 ἐκεῖθεν
682 1120 812 1177 αὖτῆν
839 1120 1086 1176 ἐβράβευεν,
1115 1117 1368 1175 ἀνακόπτων,
1399 1117 1528 1176 οἶμαι,
1557 1123 1702 1177 ἐντεῦ-

256 1192 333 1230 θεν
358 1188 430 1230 τὸν
457 1186 586 1229 πολὺν
611 1186 748 1242 ἔρωτα
772 1189 856 1229 τῶν
884 1190 1086 1229 πλείστων
1115 1189 1213 1242 περί
1230 1190 1306 1229 τοῦ
1325 1186 1457 1241 μονάς
1482 1189 1699 1243 συνιστᾶν,
1717 1192 1765 1232 15

118 1263 152 1296 P.
174 1265 240 1300 135
255 1253 329 1296 καί
361 1253 630 1309 παράδειγμα
671 1252 816 1302 διδοὺς
853 1258 941 1302 τοῖς
978 1251 1234 1305 μετόπισθεν
1273 1249 1386 1302 ὅπως
1421 1252 1564 1310 χρεών
1596 1255 1701 1303 νεώς

254 1320 426 1361 οἶνιστᾶν
452 1320 525 1361 καί
551 1320 643 1361 οἵαν
670 1319 764 1360 δέον
782 1316 1021 1371 ἑτοιμάζειν
1048 1316 1256 1372 τράπεζαν
1282 1322 1370 1367 τοῖς
1388 1319 1600 1374 ἕρημικοῖς
1629 1318 1703 1361 καὶ

253 1385 394 1439 ἅβιόις
434 1384 507 1426 καί
547 1386 622 1440 τῆς
651 1374 752 1438 ὕλής
778 1380 958 1432 ἑαυτοῦς
995 1384 1209 1426 ἐκλύσασι.
1265 1385 1461 1426 τοσοῦτον
1489 1386 1527 1426 δ’
1552 1384 1700 1438 ἀπεῖχε

252 1451 330 1492 τοῦ
357 1448 430 1504 τὴν
471 1451 548 1492 νῦν
576 1448 833 1491 κατάστασιν
863 1450 1070 1502 ἐπαινεῖν,
1099 1448 1143 1489 οἳ
1168 1448 1367 1502 μονάζειν
1392 1450 1471 1502 μὲν
1500 1449 1698 1504 ἐπαγγέλ-

251 1519 417 1568 λονται,
446 1514 752 1570 πολυκτήμονες
795 1515 841 1555 δὲ
870 1513 942 1555 καί
968 1512 1296 1569 πολυφρόντιδές
1325 1515 1430 1556 εἶσιν
1458 1513 1565 1570 ὑπὲρ
1595 1514 1697 1564 τούς
1709 1534 1762 1561 20

250 1583 304 1638 τῇ
335 1582 525 1622 ἐνταῦθα
554 1581 837 1636 φιληδοῦντας
865 1581 975 1636 ζωῇ,
1010 1577 1115 1620 ὥστε
1145 1578 1217 1621 καί
1238 1579 1315 1634 τὴν
1341 1578 1497 1634 νεαρὰν
1522 1581 1697 1632 νομοθε-

248 1647 369 1699 σίαν,
399 1643 451 1701 ἢν
479 1644 500 1687 ὃ
517 1646 813 1699 βασιλεύτατος
830 1647 887 1701 τῷ
924 1640 1015 1686 ὄντι
1044 1642 1287 1700 Νικηφόρος
1315 1643 1339 1686 ὃ
1370 1646 1548 1699 Φωκᾶς,
1575 1643 1597 1688 ὅ
1624 1643 1698 1702 τὴν

348 1769 376 1790 ι.
401 1756 528 1803 ἤγειρε
551 1757 592 1790 Α.
732 1767 765 1790 2.
791 1754 1034 1803 δειμάμενος]
1060 1754 1316 1802 οἰκοδομήσας
1339 1756 1379 1789 A.
1518 1756 1582 1798 τῆς
1606 1766 1695 1791 ναο-

337 1804 474 1850 δομίας
498 1814 557 1836 om
579 1805 619 1836 A.
752 1806 783 1848 4.
811 1805 955 1845 σκέπην
985 1804 1020 1837 Β.
1123 1805 1155 1838 5-
1181 1804 1239 1836 ἐπ’
1266 1800 1428 1849 ὀνόματι
1451 1803 1520 1836 τοῦ
1546 1801 1694 1848 α’ρχαγ-

337 1852 450 1896 γέλου
476 1852 514 1884 Α.
619 1861 668 1883 ιι.
695 1848 825 1887 αὐτοῖς
847 1860 905 1882 om
929 1849 968 1882 A.
1071 1861 1122 1884 ια.
1147 1848 1291 1896 πᾶσαν]
1321 1842 1389 1891 τὴν
1415 1846 1601 1893 χρονικῆν
1623 1848 1694 1882 αὐ-

334 1899 412 1932 τῶν
437 1893 534 1939 ζωὴν
566 1894 643 1930 α’πό
669 1899 738 1930 τοῦ
761 1897 964 1941 βασιλικοῦ
989 1897 1205 1941 βεστιαρίου
1231 1898 1319 1929 καθ’
1341 1895 1505 1931 ἕκαστον
1525 1897 1627 1943 μῆνα
1653 1895 1692 1928 Β.

346 1946 397 1989 14.
422 1942 472 1981 ὥς
496 1941 605 1990 οἶμαι
633 1941 701 1978 τόν
724 1943 765 1976 A.
906 1952 961 1976 21.
988 1941 1288 1989 φιληδονοῦντας
1309 1943 1351 1975 Α.

247 2035 374 2067 timum
400 2045 420 2067 a
442 2034 627 2067 Marciano
658 2034 874 2078 imperatore
910 2031 1095 2067 conditum
1121 2038 1157 2066 et
1182 2031 1352 2065 incendio
1380 2031 1609 2077 absumptum
1633 2032 1690 2067 in-

246 2087 406 2114 staurare
430 2091 631 2124 aggressus,
658 2091 737 2112 cum
762 2085 881 2124 partes
906 2079 1078 2124 quasdam
1116 2090 1159 2112 ex
1182 2078 1426 2113 fundamentis
1453 2079 1688 2121 extruxisset,

245 2127 412 2169 destitit;
451 2132 489 2159 et
511 2127 771 2159 monasterium
809 2126 849 2160 in
876 2126 980 2159 Ponti
1005 2125 1189 2166 faucibus,
1227 2126 1307 2158 loco
1327 2126 1390 2171 qui
1416 2125 1610 2170 Catascepe
1632 2125 1690 2159 di-

245 2174 364 2214 citur,
400 2171 602 2205 archiducis
641 2172 830 2205 Michaelis
864 2172 1012 2205 nomine
1054 2172 1235 2214 extruxit3
1273 2172 1312 2204 in
1335 2182 1407 2217 quo
1432 2171 1687 2205 celeberrimos

246 2230 409 2264 quosque
432 2224 469 2252 et
490 2219 815 2264 praestantissimos
848 2218 1041 2251 monachos
1065 2218 1279 2258 collocavit,
1305 2228 1347 2250 ea
1372 2218 1511 2251 ratione
1534 2223 1576 2251 ut
1599 2219 1688 2251 soli-

245 2266 374 2299 tariam
404 2271 442 2298 et
465 2265 626 2309 quietam
662 2265 772 2298 vitam
798 2266 876 2298 sine
905 2265 980 2298 ulla
1007 2264 1240 2298 solicitudine
1265 2269 1414 2309 possent
1436 2263 1575 2308 degere.
1604 2275 1686 2298 cum

246 2314 344 2345 enim
375 2310 568 2344 monachos
608 2311 896 2356 possessionibus
933 2316 969 2344 et
990 2311 1145 2355 negotiis
1169 2310 1332 2344 turbatos
1358 2315 1393 2343 et
1417 2310 1686 2355 tranquillitate

247 2359 358 2392 animi
391 2364 427 2391 et
461 2357 521 2390 dei
560 2359 659 2390 cultu
696 2357 860 2390 excidere
886 2357 1128 2401 intelligeret,
1164 2357 1282 2389 nullas
1310 2357 1361 2389 eis
1397 2357 1538 2396 vineas,
1562 2357 1684 2390 nullos

247 2417 366 2450 agros,
390 2403 507 2437 nullas
532 2404 792 2448 possessiones,
834 2415 921 2448 quas
946 2414 1014 2436 nec
1036 2414 1158 2436 eorum
1183 2403 1357 2447 professio
1384 2402 1567 2444 admittit,
1595 2404 1684 2437 assi-

246 2452 385 2497 gnavit,
415 2450 479 2483 sed
505 2461 550 2483 ex
574 2451 658 2483 fisco
684 2455 824 2483 tantum
852 2449 962 2494 pendi
985 2449 1092 2483 iussit
1114 2454 1287 2493 quantum
1311 2448 1358 2481 ad
1382 2450 1513 2482 victum
1540 2454 1578 2482 et
1601 2451 1683 2483 bul-

247 2506 335 2539 tum‚
357 2509 446 2542 opus
479 2501 582 2530 esset.
616 2496 759 2530 videtur
794 2496 963 2528 nimirum
1006 2495 1234 2528 immodicam
1258 2494 1492 2539 cupiditatem
1517 2496 1682 2530 struendi

245 2545 462 2579 monasteria
481 2542 701 2588 improbasse
717 2568 726 2582 ,
756 2548 792 2576 et
816 2542 1017 2586 exemplum
1042 2541 1195 2586 prodere
1219 2542 1372 2586 posteris
1397 2542 1578 2583 voluisse,
1607 2553 1681 2588 quo

243 2597 349 2637 pacto
390 2590 524 2634 templa
564 2588 768 2629 condenda,
797 2594 833 2621 et
859 2600 951 2633 quae
984 2587 1127 2622 vivendi
1156 2588 1248 2621 ratio
1276 2588 1434 2622 eremitis
1460 2589 1681 2634 pauperibus

246 2644 283 2671 et
309 2650 328 2671 a
350 2636 501 2671 terrenis
526 2636 631 2669 rebus
656 2646 694 2669 se
719 2634 1012 2668 abstrahentibus
1046 2634 1281 2679 proponenda
1310 2635 1365 2668 sit.
1394 2641 1534 2669 tantum
1559 2640 1681 2668 autem

246 2684 365 2717 abfuit
387 2689 428 2717 ut
452 2694 573 2716 eorum
602 2683 808 2715 institutum
832 2681 1021 2722 laudaret,
1050 2681 1113 2726 qui
1137 2681 1368 2715 monasticam
1393 2682 1502 2715 vitam
1526 2681 1679 2727 professi

246 2737 282 2765 et
310 2730 438 2777 opibus
466 2731 616 2764 affluunt
640 2734 676 2763 ct
701 2727 934 2763 multitudine
965 2739 1126 2762 curarum
1151 2729 1260 2773 magis
1299 2727 1547 2764 distrahuntur
1571 2739 1676 2774 quam
