1878 3230
532 206 586 246 m
623 203 859 247 Nicrum
900 203 1235 246 cuomATAM.
1501 187 1611 261 873

183 304 293 344 haud
324 304 447 345 dubie
490 305 742 359 probabitur.
767 306 800 346 si
827 307 897 359 qui
925 313 1059 345 autem
1086 305 1314 345 semidocti
1324 313 1363 345 et
1389 305 1613 370 scrupulosi

179 359 468 399 homunciones
517 361 582 400 vel
625 360 905 424 negligentiam
955 361 1019 400 vel
1067 361 1269 400 licentiam
1305 359 1369 399 vel
1416 360 1613 400 inscitiam

183 427 316 453 meam
344 413 600 465 accusabant,
631 411 795 462 τούτοις
818 411 900 466 ἐγώ
917 413 1085 465 χαίρειν
1108 415 1180 454 καί
1205 415 1420 466 ἑρρωσθαι
1449 412 1613 468 φράσω.

183 482 312 522 neque
339 470 445 508 enim
475 476 584 508 tauta
610 483 673 508 res
701 475 774 518 est,
805 476 846 508 et
864 483 888 508 a
916 476 1061 507 natura
1087 475 1130 508 et
1147 449 1290 508 studiis
1318 469 1415 508 meis
1438 469 1615 508 alienum

183 529 230 562 ut
258 538 485 576 quenquam
517 523 678 576 cupiam
713 521 870 562 κλαίειν
911 522 983 562 καί
1009 522 1141 572 οιμωΥ
1141 535 1214 563 ειν
1253 522 1352 562 illud
1381 524 1553 573 vellem,
1580 524 1613 563 si

181 572 280 630 quid
309 578 486 630 optando
513 577 804 631 proficeretur,
836 577 877 615 in
908 578 1108 630 plerisque
1136 577 1354 617 lectoribus
1383 585 1453 618 aut
1481 580 1614 617 minus

185 646 272 671 esse
301 634 565 698 arrogantiae
587 639 656 671 aut
684 631 774 684 plus
801 632 1038 671 eruditionis
1065 639 1104 671 et
1131 632 1368 671 industriae.

298 688 348 729 P.
378 686 419 737 5,
447 701 485 740 9.
537 683 824 737 ἆνεχριμψατο
852 683 927 739 τὴν
953 682 1112 740 ψυχήν]
1160 688 1371 726 exet-eavit
1406 700 1611 750 ant-mam,-

181 746 229 779 ιιι
256 741 432 781 Zonaras
473 754 591 794 saepe
629 738 878 793 ὲξηρεύξατο
921 743 1140 792 eructavit,
1188 741 1259 781 sed
1296 742 1345 781 de
1372 741 1507 795 impiis
1534 742 1615 780 fere

185 801 358 834 tautum.

293 850 345 889 P.
371 850 408 900 5,
444 864 507 890 ιι.
559 847 824 903 τρικόρωνοι]
863 850 934 903 qui
964 850 1086 888 trium
1116 851 1323 890 cornicum
1352 856 1522 890 aetatem
1554 849 1617 888 vi-

184 911 349 954 xerunt,
379 906 407 944 i.
435 919 469 945 e.
493 906 571 944 300
598 919 736 944 annos·
768 912 909 943 notum
937 910 996 943 est
1024 902 1124 956 quid
1152 905 1346 958 Virgilius
1378 919 1423 945 ex
1445 903 1610 944 Hesiodi

186 935 431 999 auctoritate
461 959 512 998 de
539 961 712 999 cornicis
740 972 840 998 aevo
870 958 1101 1007 fabuletur,
1129 958 1191 998 his
1220 959 1428 1000 versibus:

403 1023 468 1054 ter
489 1015 601 1053 bmos
628 1014 838 1067 deciesque
863 1027 1005 1052 novem
1028 1015 1232 1067 stqoerexic
1257 1016 1300 1053 in
1325 1027 1454 1054 annos
1467 1042 1480 1064 ,

401 1069 508 1107 iusta
534 1076 794 1107 senescentum
821 1080 921 1121 quos
946 1068 1084 1121 implet
1109 1068 1200 1107 vita
1228 1070 1430 1108 virorum.-

406 1124 476 1161 hos
504 1120 641 1162 novies
665 1130 828 1175 superat
853 1123 1032 1161 mvendo
1056 1123 1226 1185 garrula
1251 1124 1413 1162 cornix.

294 1175 347 1216 Ρ.
380 1176 421 1226 5,
455 1177 518 1216 13.
547 1173 625 1223 τὰς
651 1176 738 1215 τῶν
764 1173 953 1227 πράξεων
987 1174 1158 1240 ῥύσσας.
1173 1171 1521 1230 ἅνασκάλλοντες]
1550 1189 1616 1215 re-

184 1241 274 1270 rum
311 1240 515 1283 gestarum
553 1245 669 1284 rugas
717 1229 971 1285 refodientes.
1013 1232 1102 1284 quis
1146 1229 1239 1271 istas
1277 1231 1494 1285 elegantias
1534 1244 1617 1270 non

187 1285 258 1324 des
289 1289 387 1325 uat?

175 1350 178 1354 '
258 1299 407 1379 pP.''
384 1339 423 1389 5,
452 1353 518 1383 20.
571 1336 664 1378 ἐπεὶ
689 1337 736 1378 δὲ
760 1351 818 1385 ως
835 1351 906 1378 και
937 1329 1058 1377 αλλοι
1077 1337 1303 1389 ξυμβαλεῖν
1325 1333 1491 1390 ἔχουσι]
1520 1353 1617 1402 pro-

186 1392 264 1432 lixa
296 1400 336 1433 et
362 1393 652 1434 intricatissima
680 1393 885 1446 periodus.
912 1407 936 1433 e
974 1393 1119 1447 quibus
1147 1392 1312 1432 salebris
1340 1407 1404 1433 me
1429 1394 1495 1433 vix
1521 1393 1615 1446 qui..

185 1447 303 1499 dem,
351 1449 422 1488 sed
456 1448 640 1503 expedivi
679 1455 847 1497 tamen,
888 1453 936 1487 ut
973 1448 1178 1488 arbitror:
1219 1447 1391 1487 multum
1418 1454 1528 1488 certe
1556 1447 1615 1488 la-

187 1502 346 1542 boravi.

293 1557 346 1596 P.
373 1571 415 1611 7,
450 1569 510 1596 ιι.
567 1551 769 1608 ἄρξαντος
806 1567 982 1606 πρωτως
1005 1553 1212 1608 Ἀλεξίου]
1252 1556 1412 1609 respicit
1449 1556 1500 1596 ad
1543 1569 1614 1596 sua

185 1611 439 1663 potissimum
481 1617 689 1663 tempora,
736 1617 782 1649 ut
806 1610 1008 1649 arbitror.
1035 1624 1129 1649 nam
1163 1611 1282 1673 longe
1310 1618 1403 1650 ante
1427 1610 1615 1650 Alexium

185 1666 359 1705 lsaacius
388 1667 614 1705 Comnenus
653 1672 743 1719 post
774 1663 1012 1703 Michaelem
1051 1664 1329 1704 Stratioticum
1373 1664 1612 1718 imperavit3
1625 1674 1667 1707 V.
1679 1674 1748 1720 343

185 1720 250 1760 cui
280 1721 565 1760 Constantinus
590 1721 727 1759 Ducas
753 1720 971 1768 successit,
1005 1725 1051 1757 ut
1082 1718 1212 1759 refert
1236 1720 1422 1758 Zonaras.

297 1775 350 1814 P.
383 1789 444 1823 ιο,
482 1775 544 1818 16.
598 1773 623 1828 ἡ
657 1773 823 1825 βασιλὶς
859 1773 906 1813 δὲ
931 1747 1092 1826 Εἰρήνη
1128 1773 1203 1813 καί
1226 1771 1364 1836 μήτηρ
1390 1767 1664 1827 Ἰωάννουᾙ).
1679 1774 1749 1821 4ι9

187 1828 403 1869 choniates
442 1830 608 1877 nimium
646 1828 848 1878 solicitus,
886 1834 932 1867 ut
963 1835 1157 1880 apparet,
1203 1842 1255 1867 ne
1295 1829 1386 1881 quis
1426 1841 1547 1867 error
1570 1842 1616 1866 ex

185 1882 366 1936 propriis
408 1884 638 1924 nominibus
684 1883 851 1932 existat,
903 1882 1081 1935 epitheta
1131 1896 1427 1935 supervacanea
1466 1882 1618 1922 adiicit.

183 1939 331 1978 Irenen
373 1952 456 1978 esse
482 1938 772 1992 imperatricem
812 1944 852 1976 et
880 1937 1075 1977 Iohannis
1104 1945 1272 1976 matrem
1301 1936 1395 1976 satis
1421 1936 1619 1976 intellexi·

184 2006 271 2031 mus
290 2021 302 2041 ,
342 2006 474 2046 neque
514 1994 735 2046 periculum
782 2000 842 2031 est
883 2005 935 2030 ne
963 2005 1070 2031 nunc
1102 1991 1178 2031 alia
1208 1994 1323 2030 lrene
1353 1990 1613 2042 intelligatur.

185 2060 311 2099 quare
335 2047 409 2087 has
446 2054 486 2087 et
524 2047 671 2088 similes
705 2045 1020 2098 περισσολογάις
1061 2046 1250 2086 omittere
1296 2060 1376 2084 non
1416 2045 1618 2086 dubitavi.

183 2101 289 2139 idem
317 2104 438 2141 etiam
483 2102 559 2142 feci
592 2102 633 2140 in
660 2114 956 2153 supervacanea
985 2101 1239 2154 propriorum
1264 2102 1471 2140 nominum
1496 2115 1615 2154 repe-

183 2155 329 2195 titione
354 2164 423 2196 aut
447 2169 522 2210 pro
549 2155 727 2196 relativis
752 2154 1056 2209 pronominibus
1080 2154 1350 2196 collocatione
1380 2155 1545 2195 molesta
1574 2162 1616 2196 et

183 2209 333 2249 odiosa.

294 2264 344 2305 P.
354 2278 461 2327 ⁴‘'io,
477 2262 542 2315 24.
597 2278 675 2304 και
691 2258 920 2327 βαλοῦσα“
901 2278 1056 2318 εαυτην
1069 2266 1126 2320 τῷ
1150 2259 1332 2317 σωματι]
1362 2278 1435 2318 pro
1461 2263 1613 2305 ἐπικει-

184 2317 289 2371 μένη
316 2317 374 2372 τιὸ
401 2313 563 2369 σώματι
587 2318 663 2358 τοῦ
690 2313 854 2381 α’νδρός.

296 2373 347 2414 Ρ.
379 2386 443 2422 ιι,
479 2386 510 2413 ι.
582 2386 640 2419 ως
673 2368 797 2424 κρήνη
821 2367 1093 2427 μελάνυδρος]
1118 2382 1160 2413 ut
1166 2380 1271 2425 jons
1295 2373 1435 2425 nigrae
1465 2386 1611 2425 aquae.

185 2425 317 2477 aptior
354 2426 496 2466 fuisset
538 2427 755 2467 Choniates
792 2427 1004 2466 scribendo
1039 2429 1211 2481 poemati
1238 2442 1361 2481 quam
1388 2427 1609 2476 historiae,

186 2488 356 2542 propter
387 2481 554 2521 Homeri
582 2481 815 2535 diligentem
842 2481 1126 2522 imitationem.
1151 2483 1250 2522 haec
1278 2481 1453 2534 epitheta
1482 2487 1521 2518 et
1549 2480 1611 2519 εἰ-

187 2528 300 2580 κόνες
336 2548 457 2586 quam
501 2536 706 2575 historiam
749 2535 918 2575 deceant
959 2537 1106 2576 nescio.
1149 2533 1310 2582 εἰκόνας
1336 2535 1519 2573 omittere
1545 2534 1610 2572 vix

188 2589 346 2636 ausim,
387 2590 461 2627 nisi
502 2589 672 2629 nimium
710 2589 939 2652 frequentes
974 2597 1015 2630 et
1042 2590 1203 2631 licentes
1241 2590 1404 2628 fuerint.
1437 2588 1611 2641 epitheta

189 2656 288 2681 vero
318 2655 401 2680 non
431 2642 579 2696 ubique
606 2645 706 2683 mihi
735 2643 1046 2697 interpretanda
1072 2659 1156 2685 esse
1185 2644 1295 2683 duxi.
1324 2642 1438 2682 cuius
1463 2644 1520 2681 rei
1548 2641 1609 2681 le..

187 2703 340 2735 ctorem
368 2697 490 2737 semel
518 2697 765 2738 admonitum
793 2701 911 2737 etiam
942 2699 1127 2752 deinceps
1150 2697 1373 2736 meminisse
1400 2696 1534 2746 velim,
1561 2707 1612 2735 ne

187 2750 296 2804 quod
330 2750 474 2791 iudicio
517 2752 663 2792 lactum
698 2760 788 2804 est,
826 2753 1003 2793 inscitiae
1043 2761 1113 2793 aut
1142 2750 1401 2805 negligentiae
1442 2751 1609 2796 tribuat.
