1878 3230
382 197 452 236 DE
492 195 815 241 ANnnoNJco
854 196 1113 240 commo
1151 201 1250 241 mn.
1293 202 1346 240 u.
1477 181 1583 248 451

160 297 260 351 διχῇ
293 296 539 351 διῃρημένον
564 295 637 337 καί
660 295 889 352 μυουρίζον
918 297 1016 352 περί
1042 299 1086 340 τό
1120 300 1250 353 πέρας
1275 300 1354 340 τοῦ
1383 298 1590 353 πώγωνος.

158 357 266 402 οὕτω
291 360 431 401 τοίνυν
459 361 502 410 ἐς
528 361 706 414 βασιλέα
730 363 975 417 χρισθέντος
998 363 1213 404 Ἰσαακίου
1241 365 1392 418 συνέβη
1419 367 1493 406 καί
1498 366 1592 407 ’ἓτε-

157 423 232 480 ρόν
259 441 300 467 τι
334 424 631 481 ἀξιαφήγητον.
688 428 826 468 ἳππων
864 425 946 482 γάρ
985 427 1327 484 χρυσοφαλάρων
1364 432 1593 482 βασιλικῶν

157 491 204 531 ἐκ
231 492 304 545 τῆς
341 493 519 546 περαίας
546 491 652 533 κατὰ
689 491 760 534 τὸν
784 492 911 546 πόρον
946 494 1032 534 τῶν
1059 495 1244 534 Κιονίων
1279 496 1593 548 διαπορθμευο-

120 557 292 610 5μένων
319 551 379 605 εἷς
405 554 501 604 τοὺς
527 555 660 610 πόδας
684 556 907 609 ἅναβαλών
934 558 1009 598 καί
1032 557 1293 612 τυραννήσας
1319 557 1393 600 τὸν
1421 558 1594 602 ἱπποκό-

155 636 234 674 μον
262 619 356 662 ἔθεε
377 619 447 661 διὰ
468 622 551 663 τῶν
574 618 811 677 λεωφόρων,
841 624 914 662 καί
937 621 1195 677 συλληφθεὶς
1218 622 1429 676 εἰσάγεται
1443 623 1593 668 ,Ἰσαα-

155 688 231 744 κίῳ
264 685 368 741 πρὸς
394 679 554 740 &mam
611 686 682 728 καί
707 685 728 728 ὁ
755 687 832 739 μὲν
861 687 908 727 έκ
937 688 1015 727 τοῦ
1040 690 1240 740 μεγίστου
1279 686 1358 730 νεώ
1394 689 1591 743 ἀπαίρει,

154 750 430 805 συνεπόμενον
458 749 566 805 ἔχων
590 754 664 792 καί
688 749 762 793 τὸν
787 751 1054 806 πατριάρχην
1079 753 1302 794 Βασίλειον
1331 751 1406 795 τὸν
1431 758 1593 807 Καμα-

153 818 304 872 τηρόν,
332 815 426 859 ἐπεὶ
448 817 521 858 καί
542 817 690 858 τοῦτον
719 816 766 858 τὸ
794 819 955 871 πλῆθος
973 814 1255 872 συμπράττειν
1285 819 1359 860 καί
1387 835 1592 860 συνεπευ-

91 890 141 918 10
156 884 289 925 δοκεῖν
317 887 399 931 τοῖς
425 898 468 924 τε
495 883 710 935 λουμένοις
741 879 894 924 ἄκοντα
915 883 1203 933 ἐπεσπάσατο·
1260 880 1283 924 ὅ
1311 885 1348 925 δ’
1371 883 1594 938 Ἀνδρόνι-

153 963 222 996 κος
251 946 354 990 κατὰ
384 947 429 990 τὸ
458 949 564 1002 μέγα
591 948 769 1002 γεγονώς
801 948 996 1002 ἀρχεῖον,
1035 947 1128 990 ἐπεὶ
1164 947 1187 989 ὅ
1217 949 1428 1004 συμμιγής
1458 953 1632 1003 &posis-C

150 1014 300 1055 ἐκέντει
319 1014 452 1055 αιῖτοῦ
478 1012 530 1054 τὰ
561 1008 661 1066 ὦτα,
678 1011 784 1066 μετὰ
811 1013 952 1068 βραχὺ
983 1015 1030 1055 δὲ
1051 1011 1124 1055 καί
1147 1012 1222 1069 τήν
1249 1010 1351 1067 ὄψιν
1375 1017 1456 1057 τῶν
1480 1031 1591 1068 γινο-

148 1080 286 1131 μένων
324 1075 412 1133 εἶχε
455 1079 706 1120 διδάσκαλον
719 1111 732 1132 ,
777 1079 954 1132 ἐπέβαλε
991 1080 1069 1131 μὲν
1109 1082 1164 1135 τῇ
1202 1079 1479 1135 ἅντιμαχήσει
1515 1082 1592 1122 τοῦ

148 1143 335 1199 πλήθους
366 1143 440 1186 καί
464 1142 562 1193 τους
591 1141 795 1192 συνάπας
823 1143 1063 1199 συνεκρότει
1099 1144 1206 1198 πρός
1237 1144 1438 1198 πόλεμον,
1475 1145 1590 1200 εὑρί-

90 1203 259 1251 ῐ5σκων
288 1211 334 1251 δὲ
362 1212 537 1264 βραχεῖς
574 1210 619 1250 ἐκ
655 1208 816 1251 τούτων
853 1205 1156 1262 ἓτοιμοπειθεῖς
1194 1206 1301 1264 πρὸς
1335 1207 1382 1251 τό
1429 1211 1589 1251 ἐκείνου

147 1276 313 1328 σκέμμα
342 1274 414 1316 καί
436 1275 659 1329 σύνθημα,
687 1272 909 1328 ηὕτούργει
943 1273 1016 1316 καὶ
1041 1273 1170 1324 αὐτὸς
1195 1275 1240 1317 έν
1265 1275 1322 1333 τῷ
1357 1275 1478 1331 μέρει
1516 1275 1590 1317 τόν

147 1339 353 1394 πόλεμον,
381 1338 499 1391 τόξον
526 1338 626 1389 δοὺς
650 1340 702 1397 τῇ
722 1338 859 1394 χειρί,
887 1339 966 1381 xcix
995 1342 1078 1382 τῶν
1105 1342 1180 1382 τοῦ
1203 1340 1399 1395 μεγίστου
1426 1341 1608 1395 πύργου,

148 1403 414 1462 ὃιασφὰγων,
445 1402 492 1454 ὃς
519 1402 784 1460 κικλήσκεται
815 1404 1112 1459 Κεντηνοίριον,
1143 1401 1284 1461 ἀφιείς
1309 1411 1394 1455 τοῖς
1420 1407 1588 1447 ἐπιοῦσι

146 1474 339 1524 βέλεμνα.
396 1468 520 1525 γνοὺς
548 1471 595 1512 δὲ
623 1470 679 1521 ὥς
706 1469 842 1525 μάτην
873 1471 1093 1525 α’νηνύτοις
1120 1472 1344 1526 ἐπιχειρεῖ,
1373 1470 1443 1512 διά
1475 1486 1586 1519 τινος

82 1546 133 1572 20
146 1534 305 1590 ὄμιλεῖν
333 1536 560 1592 προάγεται
586 1543 670 1585 τοῖς
700 1540 844 1589 λαοῖς,
885 1537 1165 1578 damaim-912⁶
1195 1538 1324 1591 λέγων
1352 1536 1426 1591 τήν
1459 1539 1585 1589 βασι-

142 1603 256 1643 λείαν
282 1604 355 1644 uae*
379 1604 672 1657 παραπέμπειν
697 1599 855 1656 ταύτην
889 1600 995 1656 πρὸς
1033 1600 1107 1643 τὸν
1147 1603 1307 1644 ἐκείνου
1346 1603 1477 1642 παῖδα
1512 1599 1585 1642 τὸν

142 1667 376 1723 ΙΠανουήλ,
404 1665 618 1715 πεποιθώς
644 1667 840 1709 ἐντεῦθεν
868 1671 1141 1708 καταστεῖλαι
1183 1667 1257 1708 τὸν
1297 1664 1482 1720 θόρυβον
1512 1669 1586 1708 καί

141 1732 213 1776 τὸν
240 1735 308 1775 ἐπ’
330 1734 464 1788 ἀκμῆς
489 1731 564 1775 καί
588 1730 703 1789 παρὰ
731 1729 874 1788 βραχύ
904 1732 1092 1773 κίνδυνον
1128 1730 1485 1787 ἀποκρούσασθαι.
1541 1730 1577 1772 οἱ
1594 1747 1623 1778 1)

233 1866 267 1891 2.
294 1856 486 1899 βασιλείαν
509 1855 548 1888 Α.
663 1854 700 1888 5.
721 1850 811 1890 τούς
833 1852 1056 1898 ἔμπροσθεν
1084 1851 1205 1891 πόδας
1235 1851 1484 1892 α’νασηκώσας
1513 1853 1578 1885 καὶ

230 1901 443 1948 ἐγλυτιύσας
477 1900 553 1935 dud
590 1900 660 1935 τοῦ
694 1898 784 1934 αὐτὸ
822 1900 1005 1944 σύροντος
1028 1899 1066 1932 Β.
1211 1910 1243 1942 9
1268 1897 1511 1932 συνευδοκεῖν
1535 1900 1574 1930 Α.

234 1959 286 1985 12-
310 1947 440 1995 αὐτοῦ]
468 1947 603 1982 τούτου
620 1947 660 1980 Α.
759 1948 808 1982 13.
831 1945 1026 1986 ἐπεβάλετο
1044 1946 1084 1978 Α.
1183 1947 1233 1980 15.
1257 1943 1573 1991 ἔτοιμοπαθεῑςΑ.

231 1997 284 2031 16.
310 1994 502 2042 σύνθημα]
527 1994 694 2040 βούλημα
718 1993 759 2026 Α.
873 2004 924 2037 ¹9·
952 1990 1164 2039 ἀνηνύτοις]
1194 1990 1336 2035 πάσχει
1363 1993 1397 2024 Β.
1492 1992 1575 2025 ἐπι-

0 2052 6 2076 r
228 2047 351 2087 χειρεῖ
371 2042 622 2088 πράγμασιν,
650 2040 798 2086 ὁμιλεῖν
819 2039 1057 2084 προσάγειαι
1082 2043 1160 2076 τοῖς
1185 2039 1371 2080 πλήθεσιν
1394 2037 1436 2074 Α.
1519 2040 1573 2072 23.

227 2089 280 2139 οἱ]
305 2083 349 2123 τὰ
376 2088 426 2129 Α,
453 2093 491 2122 et
514 2098 599 2121 mox
625 2087 937 2132 ἐκτραχυνθένια.

137 2195 261 2229 ratorii
286 2195 403 2229 aureis
428 2195 546 2228 ornati
566 2193 724 2240 phaleris
750 2203 815 2238 per
838 2193 1026 2226 traiectum
1052 2191 1258 2224 Cioniorum
1284 2189 1571 2231 adveherentur,

136 2253 228 2275 unus
253 2242 297 2275 ab
328 2242 502 2287 equisone
523 2241 559 2275 vi
587 2241 728 2274 avulsus
765 2245 801 2272 et
823 2250 888 2284 per
912 2238 1076 2284 publicas
1105 2239 1180 2271 vias
1205 2238 1380 2270 cursitans
1410 2248 1570 2282 compre-

134 2287 307 2322 henditur
331 2294 368 2322 et
394 2288 440 2321 ad
465 2287 639 2321 Isaacium
667 2286 868 2320 adducitur.
895 2286 925 2319 is
947 2296 988 2318 eo
1013 2296 1206 2318 conscenso
1232 2295 1276 2317 ex
1299 2284 1453 2317 maximo
1479 2290 1570 2318 tem-

0 2314 7 2366 ἱ
133 2336 195 2380 plo
220 2335 392 2376 discedit,
418 2335 525 2368 etiam
554 2335 682 2368 Basilio
710 2333 897 2366 camatero
923 2331 1126 2378 patriarcha
1151 2331 1354 2371 comitante,
1379 2342 1486 2375 quem
1503 2342 1570 2375 po-

0 2370 6 2428 l·
133 2381 240 2426 pulus
265 2382 424 2426 quamvis
447 2382 600 2415 invitum
626 2380 825 2426 approbare
850 2385 928 2412 acta
962 2379 1027 2412 illa
1067 2378 1298 2423 compulerat.
1342 2377 1568 2410 Andronicus

133 2438 217 2461 vero
233 2427 298 2460 ubi
320 2428 367 2461 ad
391 2439 552 2473 magnam
577 2428 711 2461 curiam
734 2427 908 2472 pervenit,
938 2426 1093 2470 primum
1121 2425 1268 2458 confuso
1294 2424 1461 2465 clamore,
1485 2429 1569 2469 post.

135 2475 244 2507 etiam
281 2485 319 2507 re
354 2475 430 2520 ipsa
468 2476 544 2509 visa
587 2475 774 2514 turbatus,
817 2473 1018 2506 centuriare
1048 2482 1131 2505 suos
1176 2477 1212 2504 et
1249 2471 1441 2515 confligere
1485 2482 1566 2503 cum

131 2519 269 2565 populo
293 2521 460 2554 instituit.
485 2522 550 2555 sed
573 2533 652 2554 cum
676 2531 808 2566 paucos
833 2519 878 2552 ad
900 2530 1004 2552 suum
1027 2518 1218 2552 consilium
1241 2522 1385 2562 paratos
1413 2516 1564 2555 videret,

134 2568 211 2612 ipse
236 2577 319 2599 arcu
342 2573 504 2612 correpto
528 2579 593 2613 pro
618 2567 715 2601 virili
740 2566 787 2599 ad
818 2577 973 2611 pugnam
1005 2576 1042 2598 se
1075 2570 1198 2610 parat,
1241 2570 1278 2597 et
1315 2575 1359 2597 ex
1389 2564 1565 2596 maximae

132 2614 265 2652 turris,
289 2623 382 2657 quae
407 2613 659 2647 Centenarium
683 2613 898 2659 appellatur,
921 2612 1126 2657 pinnaculis
1152 2611 1298 2655 sagittas
1329 2611 1366 2642 in
1389 2609 1565 2642 acceden-

133 2665 187 2693 tes
212 2659 368 2692 coniicit.
393 2670 508 2703 quem
524 2666 690 2694 conatum
714 2661 800 2705 quia
832 2659 973 2692 irritum
1010 2657 1180 2697 videbat,
1215 2657 1354 2701 alloqui
1388 2655 1584 2700 populum·

132 2706 315 2746 instituit3
339 2716 450 2750 seque
474 2707 663 2751 imperium
688 2707 764 2739 filio
790 2706 951 2738 Manueli
973 2704 1188 2738 traditurum
1213 2703 1405 2748 professus,
1430 2700 1564 2734 tumut-

133 2758 209 2786 tum
234 2753 352 2798 sopire
377 2758 414 2786 et
434 2753 764 2798 praesentissimum
791 2751 991 2797 perieulum
1028 2750 1237 2795 propulsare
1270 2747 1404 2782 studet.
1440 2745 1562 2781 verum
