1878 3230
307 226 378 266 DE
416 224 609 265 ALEXIO
649 224 841 268 JSAAcu
881 224 1080 267 ANGEm
1120 227 1408 266 FR.L1}3.11.
1487 203 1592 260 65ι

175 325 255 367 τῶν
290 323 382 366 τότε
418 321 601 378 πενήτων
633 320 858 376 γνώσεως.”
925 324 968 372 ἒς
1003 322 1083 377 γὰρ
1128 326 1310 380 φατρίαν
1351 324 1403 364 οὕ
1430 325 1604 378 μετρίαν

176 389 473 444 ἀθροισθέντες
496 389 569 430 καί
592 387 707 442 κοινῇ
724 385 988 436 συνελθόντες
1015 387 1177 430 ὁπόσων
1202 386 1329 439 αὐτὸς
1351 393 1444 437 ταῖς
1471 403 1604 444 κεφα-

175 457 268 503 λαῖς
298 452 402 494 κατὰ
446 452 522 507 τὴν
561 454 635 506 τῆς
654 453 873 509 κωμῳδίας
906 452 1075 504 ψύλλαν
1116 451 1301 508 ἑφήλατο
1332 452 1406 495 καὶ
1431 450 1504 502 οὓς
1530 468 1604 505 μι-

176 521 279 573 κροῦ
305 516 410 560 κατὰ
438 518 592 572 κόρρης
631 515 854 571 ε’ρράπιζεν
894 516 952 565 ὥς
979 517 1222 572 α’νδρᾴποδα
1244 549 1256 568 ,
1287 519 1364 560 καί
1382 533 1497 566 τινας
1523 517 1604 570 οὐχ

140 583 308 637 5ὗγιεῖς
335 585 424 624 κατ’
453 581 582 623 αὐτοῦ
605 583 854 635 κατηγορίας
869 580 926 629 ὥς
946 581 1179 636 α’φυσγετὸν
1207 583 1450 638 ἠθροικότες
1475 597 1603 637 προσ-
1619 592 1729 626 Ρ.3ι8

171 647 262 690 ιάσι
321 650 508 701 βασιλεῖ,
553 645 625 687 καί
650 644 697 686 τὸ
729 642 859 688 αὐτοῦ
894 645 1110 687 ειῖένδοτόν
1137 662 1181 689 τε
1206 648 1279 689 καί
1310 646 1457 706 ῥᾴδιον
1483 646 1612 689 παντὶ

176 713 497 765 καθυπὰγεσθαι
524 711 685 766 ῥήματι
725 712 949 766 συνέριθον
990 711 1095 765 πρὸς
1140 710 1188 752 τὸ
1233 710 1360 766 ἔχθος
1387 710 1608 766 εὑράμενοι

177 778 436 832 κατέδραμον
472 775 665 829 γενναίως
684 792 694 802 ·
759 775 834 817 καί
867 774 914 817 τό
946 777 1137 818 ἐντεῦθεν
1175 777 1225 818 οὖ
1249 776 1378 830 μόνον
1404 779 1486 819 τῶν
1512 778 1609 818 α’να-

176 842 336 897 κτόρων
371 842 627 892 ἔκτοπίζεται
663 838 720 889 ὦς
745 841 911 896 σφαῖρά
948 857 1012 889 τις
1039 841 1369 897 εὖπερίγραπτος
1397 844 1610 897 διαφεθεῖ-

118 920 232 950 ιοσα
273 907 438 963 ἰσχυρῷ
473 905 771 961 μηχανήματι,
806 904 915 948 α’λλά
956 906 1029 947 κατ’
1063 909 1139 961 τῆς
1182 907 1496 962 ἀρχιερωσύνης
1520 910 1608 957 ἔξο-

176 973 467 1027 στρακίζεται,
508 969 598 1020 ἑνός
631 986 743 1019 τινος
783 971 1023 1026 προκοιλίου
1059 973 1103 1020 ἐς
1146 972 1354 1027 ἆγορητὴν
1394 972 1611 1027 ἐπιλέγδην

176 1036 292 1091 παρὰ
324 1038 408 1078 τῶν
439 1034 548 1078 ὅλων
577 1039 892 1091 προβληθέντος,
921 1038 1027 1091 λέγω
1056 1036 1107 1092 δὴ
1136 1040 1215 1079 τοῦ
1239 1037 1331 1080 τότε
1361 1037 1511 1087 δουκὸς
1535 1038 1613 1080 τοῦ

176 1103 328 1144 στόλου
357 1101 540 1156 Μιχαὴλ
576 1103 652 1143 τοῦ
685 1102 929 1157 Στρυφνοῦ,
970 1097 1004 1159 ᾧ
1030 1101 1104 1143 καί
1127 1105 1284 1155 μᾶλλον
1308 1103 1331 1143 ὅ
1357 1106 1613 1145 Μεσοποτα-

177 1169 302 1221 μίτης
342 1165 674 1208 α’ντεπολιτεύετο
711 1166 769 1216 ὥς
808 1166 882 1208 καί
917 1166 1021 1222 ὑπὲρ
1070 1166 1227 1216 πάντας
1258 1163 1346 1209 ὄντι
1375 1169 1620 1223 φιλοκερδεῖ

115 1231 252 1274 .ιὸκαί
278 1229 331 1273 τὰ
359 1230 475 1284 κοινοὶ
503 1233 788 1287 νοσφιζομὲνῳ
818 1231 892 1273 καί
916 1229 1075 1285 χανδὸν
1103 1234 1481 1288 καταβροχθίζοντι
1506 1232 1616 1289 χρή-

177 1310 302 1350 ματα.
358 1294 466 1350 πλὴν
493 1291 600 1337 ἀλλὰ
628 1298 748 1338 τοῦτο
773 1298 852 1348 μὲν
878 1296 928 1337 οὔ
959 1295 1069 1338 πάνυ
1098 1296 1247 1350 δεινόν,
1275 1300 1424 1352 καίπερ
1454 1292 1501 1339 ὂν
1526 1299 1614 1348 δεμ,

176 1362 265 1415 νόν,
291 1361 335 1404 τὸ
354 1377 469 1410 τινας
508 1361 801 1415 α’βασανιῖττως
830 1363 913 1412 ,καί
939 1357 1068 1417 ἄλλης
1108 1364 1186 1415 μὲν
1213 1358 1442 1418 ὑπηρεσίας
1466 1363 1651 1406 οἷδίκουΒ

176 1427 358 1482 γλώττης
386 1425 626 1481 ἀπάγεσθαι
646 1426 865 1481 πάρεργον,
888 1426 1072 1480 μάλιστα
1103 1428 1143 1469 δ’
1169 1427 1413 1469 ἀποπίπτειν
1439 1429 1516 1468 τοῦ
1542 1429 1618 1482 τῆς

181 1491 406 1548 ἱερωσύνης
436 1494 634 1546 μεγίστου
660 1489 890 1547 χρήματος.
947 1494 1078 1534 ἐκεῖνο
1107 1494 1154 1534 δὲ
1181 1492 1255 1534 καί
1278 1493 1375 1535 λίαν
1402 1492 1616 1546 α’σύγγνω-

110 1572 167 1598 .2o
180 1574 275 1600 στον
319 1560 392 1600 καί
430 1555 585 1612 πολλὴν
634 1557 884 1612 ἆβελτηρίαν
923 1560 1008 1599 τῶν
1045 1557 1306 1611 δεδρακότων
1349 1558 1616 1612 κατηγοροῦν.

180 1625 335 1677 δεῆσαν
371 1622 452 1678 γὰρ
493 1625 635 1677 ἕτερον
663 1624 863 1676 α’ρχιερέα
911 1625 1182 1678 ψηφισθῆναι
1219 1623 1549 1677 Θεσσαλονίκης,
1587 1621 1616 1676 ἧ

180 1691 258 1731 τοῦ
287 1690 639 1741 Μεσοποταμίτου
666 1689 912 1743 καθαίρεσις
940 1691 1030 1729 κατ’
1056 1686 1217 1743 ἐρήμην
1245 1689 1485 1742 προτίθεται
1510 1685 1615 1742 πρὸς

274 1814 302 1837 ι.
327 1801 364 1838 ἐς
386 1796 478 1847 γὰρ]
516 1799 764 1843 συναχθέντες
795 1796 872 1845 γᾶρ
915 1801 980 1833 καὶ
1008 1801 1078 1845 μία
1110 1794 1218 1844 φωνῆ
1253 1798 1454 1844 γεγονότες
1486 1798 1550 1831 καὶ
1572 1797 1614 1833 ’ἐν

271 1849 392 1894 χεῖλος
420 1848 457 1883 οἳ
478 1846 664 1892 πρότερον
692 1845 753 1880 ὑπ’
779 1845 895 1880 αὐτοῦ
927 1846 1205 1880 κατεπατοῦντο
1232 1847 1296 1878 καὶ
1321 1846 1374 1882 εἰς
1396 1843 1510 1880 οὐδὲν
1532 1845 1615 1878 ἐλο-

271 1897 420 1940 γίζοντο
450 1895 487 1927 Β.
602 1905 635 1937 9-
662 1891 709 1928 αἷς
734 1892 894 1939 σφαῖρά]
922 1887 983 1927 οἶα
1008 1893 1120 1938 μα’πα
1145 1891 1355 1936 στρογγύλη
1380 1891 1416 1923 Β.
1562 1901 1615 1925 ιι.

272 1941 388 2025 {zi-§¹13
401 1942 468 1976 ἕνα
501 1934 574 1973 α’πό
605 1939 679 1974 τῶν
704 1935 802 1975 ὅλων
839 1940 893 1978 εἰς
918 1941 1150 1986 κατηγορίαν
1174 1939 1194 1973 ὁ
1219 1931 1395 1983 βασιλεῦς
1418 1935 1615 1983 ἐκλεξάμε-

183 2092 242 2113 um
269 2084 424 2120 exercet,
448 2079 642 2112 inclinatus
668 2077 846 2118 concidit,
871 2082 912 2111 ut
946 2081 1000 2110 est
1022 2077 1060 2109 in
1084 2075 1230 2108 Psalmis
1256 2073 1449 2116 Davitlicis.
1476 2083 1558 2106 nam
1585 2074 1613 2106 ii

183 2137 333 2171 quorum
358 2126 536 2170 capitibus
565 2130 605 2158 ut
642 2124 796 2158 comicus
821 2124 885 2156 ille
910 2124 1019 2168 pulex
1042 2122 1252 2162 insultarat,
1279 2119 1474 2165 «atquibus
1498 2120 1613 2153 veluti

180 2173 367 2219 mancipiis
400 2177 539 2206 tantum
570 2183 643 2205 non
677 2171 846 2216 colaphos
881 2170 1093 2213 infregerat,
1128 2179 1202 2201 non
1225 2177 1333 2212 parvo
1358 2172 1464 2200 coetu
1487 2171 1613 2199 coacto

183 2224 220 2252 et
243 2218 450 2252 criminibus
475 2230 599 2263 parum
624 2219 718 2251 sanis
743 2217 964 2251 concinnatis
991 2217 1240 2261 imperatorem
1264 2213 1448 2253 adierunt,
1474 2218 1511 2246 et
1534 2213 1613 2245 eius

182 2266 356 2298 facilitate
390 2276 430 2298 ac
468 2265 616 2298 levitate
649 2265 745 2310 (nam
778 2263 903 2309 quovis
933 2262 1044 2295 verbo
1085 2261 1313 2303 flectebatur)
1338 2259 1384 2292 ad
1408 2259 1460 2292 rei
1488 2259 1613 2291 odium

184 2312 288 2345 abusi
305 2311 433 2344 acriter
446 2311 625 2344 hominem
648 2311 817 2344 insectati
834 2314 927 2342 sunt.
943 2320 986 2342 ex
1001 2319 1043 2341 eo
1068 2319 1142 2341 non
1156 2308 1263 2341 modo
1278 2311 1319 2339 ut
1337 2317 1465 2350 parvus
1485 2306 1614 2349 globus

185 2358 330 2391 robusta
351 2357 514 2391 machina
530 2358 664 2403 palatio
682 2358 787 2390 facile
804 2367 969 2389 excussus
988 2360 1052 2396 est,
1079 2354 1142 2387 sed
1159 2353 1370 2398 pontificatu
1388 2353 1498 2385 etiam
1515 2351 1615 2384 deie-

185 2407 273 2444 ctus,
294 2415 366 2437 uno
385 2409 552 2437 venti-oso
572 2405 617 2437 ab
640 2403 806 2439 omnibus
827 2407 1029 2435 accusatore
1048 2400 1210 2440 delecto,
1232 2398 1450 2433 Michaelum
1464 2398 1618 2442 stu-yph-

184 2460 270 2482 num
284 2450 404 2484 classis
422 2451 639 2495 praefectum
654 2451 830 2494 intelligo,
846 2449 902 2482 cui
918 2454 958 2481 ut
973 2448 1131 2480 omnium
1146 2446 1351 2479 avarissimo
1364 2445 1563 2490 peculatori
1579 2449 1616 2477 et

184 2495 365 2540 publicam
383 2497 572 2541 pecuniam
587 2497 770 2531 hiantibus
789 2496 952 2529 faucibus
966 2494 1153 2527 devoranti
1171 2493 1209 2526 in
1222 2492 1345 2538 primis
1358 2490 1616 2535 Mesopotami-

185 2547 291 2574 tanus
320 2541 525 2576 adversatus
551 2544 676 2576 fuerat.
707 2554 828 2577 verum
852 2542 921 2574 hoc
935 2551 1138 2586 quanquam
1155 2550 1268 2583 grave,
1292 2549 1366 2570 non
1384 2543 1505 2570 tamen
1522 2535 1613 2567 adeo

186 2597 290 2631 grave
315 2593 388 2627 est,
423 2589 578 2634 aliquem
605 2592 827 2634 incomperto
855 2588 1003 2621 crimine
1028 2598 1107 2619 cum
1136 2586 1208 2618 alio
1233 2595 1402 2623 munere,
1425 2588 1503 2615 tum
1528 2592 1613 2613 vero

188 2632 387 2666 sacerdotio
406 2644 442 2666 re
464 2636 618 2668 maxima
650 2641 796 2680 propter
811 2635 995 2679 improbae
1013 2634 1156 2677 linguae
1180 2641 1340 2664 susurros
1362 2628 1469 2661 deiici
1488 2640 1495 2658 ε
1521 2627 1614 2659 illud

186 2691 270 2718 Vero
298 2679 433 2712 nullam
464 2692 606 2724 prorsus
648 2683 761 2715 habet
792 2681 1058 2714 excusationem
1083 2684 1120 2712 et
1142 2678 1316 2721 insignem
1341 2674 1530 2707 stultitiam
1556 2684 1614 2705 ar-

187 2726 275 2770 guit.
302 2737 383 2759 nam
411 2736 490 2758 cum
526 2727 617 2760 alius
643 2728 921 2767 Thessalonicae
945 2725 1110 2771 pontifex
1137 2723 1309 2758 creandus
1335 2725 1447 2759 esset,
1472 2718 1613 2752 delibe-

188 2772 279 2811 'satio
306 2772 350 2808 de
373 2772 686 2820 Mesopotamitani
730 2773 888 2808 absentis
922 2772 1154 2816 abrogatione
1178 2770 1215 2803 in
1237 2767 1484 2814 quaestionem
1507 2768 1611 2800 voca-
