1878 3230
333 141 443 213 374
741 151 968 196 Momm
1009 151 1318 196 cuomATAE

331 257 546 310 ὁμολογίας
575 269 618 296 τε
648 251 719 294 καί
757 252 937 305 σπονδῆς
973 250 1078 303 μετά
1119 252 1194 292 τοῦ
1231 252 1311 292 τιὸν
1349 251 1609 303 Προυσαέων
1643 253 1746 304 πλη-

330 323 521 374 ρώματος
555 314 583 372 ἢ
619 314 811 364 ἑκουσίας
851 314 1060 371 προβάσης
1104 316 1376 370 παραδοχῆς,
1429 312 1534 356 ἀλλὰ
1583 316 1746 371 πολέμῳ

291 385 534 439 Βὴλωκυίας
578 383 650 437 τῆς
690 381 872 432 πόλεως,
929 382 1144 429 πλείστους
1195 378 1257 421 ὅτι
1310 377 1489 431 μάλιστα
1534 379 1748 435 διέφθειρε

326 450 399 490 καί
426 446 654 503 ῆφάνισεν,
698 448 757 495 εἷς
794 447 1024 493 πολυειδεῖς
1051 444 1123 486 καί
1147 443 1432 498 πολυτρόπους
1475 440 1662 492 κολάσεις
1700 441 1745 484 τὸ

324 515 403 554 τοῦ
452 513 594 565 θυμοῦ
645 510 927 565 καταμερίσας
983 507 1212 554 ἀλλόκοτον.
1283 505 1503 562 Θεόδωρον
1547 508 1624 560 μὲν
1669 506 1787 562 γάρ5

323 571 605 631 τόν”Αγγελον
635 576 779 630 ἠΐθεον
822 569 918 617 ὄντα
958 573 1029 616 καί
1063 572 1134 616 τόν
1174 572 1315 616 ἴουλον
1353 570 1526 628 πρώτως
1553 569 1751 626 χνοοὶζον-

326 659 378 686 τα
407 640 572 696 τίθησιν
599 640 838 694 ἑξόμματον,
868 642 939 683 καί
966 635 1046 696 ὄνῳ
1075 635 1361 693 ἀναβληθέντα
1387 639 1460 679 καί
1477 637 1751 688 τῶνῬωμαϊ-

327 709 409 749 κῶν
437 705 564 760 ὅρι’ων
590 706 836 760 ὑπερέκεινα
876 705 1122 758 α’παχθέντα
1150 700 1236 745 εἶτα
1275 701 1436 744 κελεύει
1475 702 1752 758 διαφεθῆναι,

327 773 398 813 ἵνα
420 768 494 826 ὅπῃ
523 771 566 813 τὸ
593 770 813 824 ὑποζύγιον
841 767 986 827 ὅρμιρη
1015 767 1253 821 αὐτόματον
1283 767 1513 823 φερόμενος
1540 764 1753 818 πλάζοιτο.

327 838 401 879 καί
423 835 518 889 τάχ’
550 832 605 877 ἄν
631 836 797 890 θηρίοις
829 832 1009 888 ἐγεγόνει
1036 831 1303 887 κατάβρωμα,
1330 829 1352 874 ὃ
1383 835 1455 875 καί
1482 830 1503 872 ὅ
1527 830 1601 886 τὴν
1627 846 1755 884 τιμω-
1774 851 1821 877 10

327 902 423 955 ριάν
451 899 606 954 ταύτην
639 901 778 955 ἐκείνῳ
811 897 972 947 ἐπιθεὶς
999 895 1256 953 Ἀνδρόνικος
1283 899 1592 953 προεσκέψατο,
1632 897 1673 938 εἰ
1695 894 1755 950 μή

290 968 510 1020 ΟΤοῦρκοι
538 965 809 1019 ἐγκύρσαντες
837 958 1037 1019 ᾤκτειράν
1068 977 1114 1004 τε
1147 962 1220 1003 τὸν
1255 962 1548 1017 μείρακακαί
1584 962 1643 1010 εἷς
1683 959 1760 1009 τὰς

327 1029 466 1073 αὖτῶν
490 1028 643 1083 σκηνὰς
673 1024 956 1082 ἆπαγαγόντες
983 1029 1212 1081 θεραπείας
1246 1027 1438 1081 ἠξίωσαν.
1493 1026 1567 1068 τὸν
1603 1026 1650 1067 δὲ
1677 1025 1759 1066 Συ-

295 1093 459 1138 *wioton
487 1095 653 1136 Λέοντα
684 1094 755 1135 καί
780 1091 854 1134 τόν
882 1094 1091 1145 Λαχανᾶν
1118 1090 1329 1146 Μανουὴλ
1365 1091 1438 1132 καὶ
1466 1090 1649 1145 συχνούς
1685 1085 1759 1131 ὅλ-

328 1164 426 1208 λους
454 1164 540 1207 τοῖς
567 1161 650 1200 τῶν
675 1157 1035 1213 παραπεφυκότων
1059 1159 1112 1212 τῇ
1143 1156 1323 1213 Προύσῃ
1361 1157 1543 1209 δένδρων
1581 1152 1758 1211 ἄκρέμοὲ
1777 1154 1824 1195 15

328 1240 394 1267 σιν
421 1225 705 1278 α’πεκρέμασε,
747 1221 822 1264 τὸν
863 1223 1032 1263 δέκατον
1066 1223 1300 1276 τετραπλῶς
1338 1221 1627 1271 α’ποσώζοντας
1661 1219 1756 1274 ἄρι-

327 1289 450 1342 θμόν.
479 1289 836 1336 πολλαπλασιόνας
872 1287 912 1328 δ’
945 1283 1107 1342 ἑτέραις
1144 1285 1415 1341 ὖποβεβλῆκει
1461 1291 1648 1335 ποιναῖς·
1703 1278 1763 1327 ὧν

328 1357 405 1407 μὲν
430 1353 510 1409 γὰρ
535 1358 683 1406 χεῖρας
709 1353 926 1405 ἀπέτεμεν,
956 1345 1014 1393 ὧν
1042 1352 1087 1394 δὲ
1120 1351 1349 1401 δακτύλους
1378 1350 1435 1400 ὦς
1466 1351 1662 1402 ἀμπέλων
1687 1364 1762 1391 πε·

333 1421 509 1475 ριέκειρε
534 1415 738 1469 κλάδους,
766 1417 886 1458 τινῶν
915 1416 966 1458 δὲ
995 1414 1126 1464 πόδας
1154 1414 1360 1471 α’φῄρηκε.
1415 1416 1560 1456 πολλοὶ
1594 1415 1642 1456 δὲ
1666 1429 1760 1468 χει-

334 1484 419 1538 ρῶν
449 1482 520 1524 καί
560 1481 793 1537 ὀφθαλμῶν
827 1478 1069 1535 ὑπέστησαν
1100 1481 1318 1535 στέρησιν·
1375 1475 1484 1534 ἦσαν
1527 1480 1562 1521 δ’
1609 1478 1654 1520 οἳ
1691 1479 1826 1522 natae

332 1545 559 1604 ὀφθαλμὸν
589 1545 722 1596 δεξιόν
750 1544 821 1587 καί
835 1543 945 1586 πόδα
975 1544 1188 1597 εὐώνυμον
1210 1546 1460 1599 έζημίωντο,
1485 1543 1556 1586 καὶ
1580 1540 1639 1586 αὖ
1665 1545 1762 1586 τού·

337 1612 497 1654 ναντίον
523 1607 826 1653 ἐπεπόνθεισαν
852 1611 999 1664 ἕτεροι.
1061 1611 1134 1650 καί
1167 1605 1298 1657 οὕτως
1324 1608 1614 1662 ἀπανθρώπως
1642 1607 1687 1650 τὸ
1719 1608 1764 1650 ἐν

296 1675 459 1733 Ιὶρώμῃ
487 1676 675 1729 σώματος
701 1676 967 1728 καλλιστεῦον
991 1673 1063 1715 καί
1087 1675 1356 1730 στρατιωτικῇ
1383 1674 1592 1728 ἐξαίρετον
1620 1674 1763 1725 ἐμπει-

341 1741 410 1799 ρία
449 1739 524 1793 τὴν
563 1740 717 1781 οἰκείαν
760 1738 971 1793 ζημιώσας
1015 1741 1232 1791 βασιλείαν
1269 1737 1539 1793 Ἀνδρόνικος
1574 1738 1763 1792 μεταίρει

340 1805 441 1861 πρὸς
458 1805 504 1848 τὸ
530 1804 763 1848 Λοπάδιον.
821 1806 944 1846 κιίκεῖ
962 1803 1010 1846 τοὶ
1042 1799 1167 1856 ὅμοια
1187 1801 1358 1858 δράσας,
1386 1805 1459 1844 καί
1483 1804 1566 1845 τῶν
1597 1802 1763 1844 ἑπισκό-
1776 1802 1827 1842 25

431 1907 463 1940 3.
491 1902 700 1950 διέφθειρε]
730 1903 852 1940 κακῶς
870 1903 1015 1936 διέθετο
1039 1904 1079 1936 Α.
1111 1912 1114 1915 ’
1149 1904 1183 1946 4.
1209 1902 1250 1936 τὸ
1269 1904 1330 1943 τῆς
1343 1901 1494 1948 γνώμης
1509 1903 1764 1948 καταμερίζων

431 1949 644 1996 αὐτόνομον
670 1951 733 1982 καὶ
756 1948 982 1993 αὐθαίρετον
1005 1950 1044 1982 Α.
1168 1963 1202 1995 9.
1226 1947 1429 1983 αὐτότατον
1451 1948 1617 1994 μονάζον
1637 1950 1696 1982 πλ.
1723 1950 1763 1980 A.

439 2008 490 2030 12.
514 1995 772 2042 ἐγκύρσαντες]
810 1994 1024 2039 ἐντυχόντες
1036 1995 1076 2028 Α.
1220 1996 1268 2038 14.
1293 1996 1357 2027 καὶ
1390 1988 1565 2040 συχνοὺς]
1605 1995 1667 2028 καὶ
1690 1993 1765 2028 ἑτέ-

435 2055 525 2086 ρους
548 2042 636 2076 δέκα
662 2043 716 2078 εἰς
738 2041 781 2075 τὰ
809 2041 1063 2087 εὑρισκόμενα
1092 2038 1198 2077 ἐντὸς
1222 2039 1358 2085 δένδρα
1373 2040 1581 2084 &potiones
1601 2040 1637 2071 B.
1715 2043 1763 2075 ¹6-

435 2088 604 2135 δέκατον]
633 2087 750 2121 dixu?
823 2090 879 2122 25.
902 2086 968 2122 τὸν
996 2088 1209 2122 ἐπίσκοπον
1231 2085 1421 2131 ἀδρανοῦς
1442 2085 1700 2131 ἀποστερήσας
1724 2087 1764 2119 A.

345 2191 391 2213 ne
415 2179 478 2212 sed
503 2179 538 2212 vi
563 2178 700 2222 potitus
725 2183 817 2217 erat,
841 2178 1014 2221 plurimos
1037 2177 1191 2221 pessimo
1211 2176 1320 2209 exitio
1345 2176 1524 2220 perdidit,
1547 2175 1767 2219 multiplices

346 2227 523 2258 cruciatus
548 2230 583 2257 et
606 2224 703 2256 varia
726 2228 904 2256 tormenta
926 2228 1155 2255 commentus.
1212 2223 1383 2265 Angelum
1407 2222 1635 2254 Theodorum
1649 2246 1658 2262 ,
1678 2221 1766 2254 ado-

347 2272 540 2304 lescentem
573 2280 665 2313 pene
690 2269 806 2301 adhue
832 2269 1048 2309 imberbem,
1082 2269 1217 2301 effossis
1240 2268 1352 2300 oculis
1377 2268 1475 2300 asino
1500 2268 1705 2311 impositum
1730 2273 1770 2301 et.

348 2317 442 2349 ultra
468 2316 601 2348 limites
628 2316 864 2348 Romanorum
901 2314 1068 2347 eductum
1092 2314 1225 2346 dimitti
1250 2314 1352 2346 iubet
1368 2338 1377 2353 ,
1401 2319 1440 2346 ut
1462 2324 1677 2357 quocunque
1699 2314 1768 2346 im-

347 2368 452 2408 petus
480 2363 678 2394 iumentum
702 2361 866 2400 tulisset,
889 2360 941 2392 ibi
965 2360 1062 2393 solus
1090 2360 1282 2392 oberraret.
1310 2370 1350 2391 ac
1374 2359 1523 2392 forsitan
1552 2370 1571 2391 a
1595 2359 1680 2392 feris
1702 2359 1766 2391 de-

347 2413 491 2442 voratus
515 2412 619 2447 esset,
643 2406 740 2451 quod
754 2406 947 2439 Andronici
969 2406 1157 2438 consilium
1180 2405 1270 2445 suit,
1295 2405 1364 2437 nisi
1381 2405 1488 2437 Turci
1512 2406 1666 2439 viatores
1691 2406 1769 2438 eius

348 2455 487 2488 miserti
512 2457 632 2486 essent
670 2457 706 2484 et
732 2453 770 2484 in
803 2452 1034 2485 tabernacula
1061 2462 1124 2484 sua
1152 2451 1344 2483 abductum
1371 2457 1564 2484 curassent.
1612 2451 1769 2483 Leonem

349 2500 536 2544 Synesium
575 2502 612 2530 et
634 2498 837 2530 Manuelem
860 2497 1057 2529 Lachanam
1094 2502 1130 2530 et
1154 2497 1242 2529 alios
1270 2497 1489 2540 complures,
1517 2497 1576 2530 XL
1599 2507 1768 2535 numero,

352 2545 398 2578 do
421 2545 563 2579 summis
592 2543 778 2576 arboribus
801 2544 902 2575 iuxta
926 2543 1053 2576 Prusae
1080 2543 1221 2575 moenia
1235 2543 1438 2586 suspeudit3
1463 2548 1499 2575 et
1522 2543 1624 2586 longe
1647 2542 1768 2586 plures

353 2592 434 2625 aliis
458 2590 642 2636 suppliciis
666 2590 802 2629 affecit,
825 2589 976 2621 aliorum
998 2588 1183 2629 manibus,
1208 2589 1358 2620 aliorum
1384 2589 1516 2631 digitis,
1545 2587 1768 2632 quorundam

352 2636 507 2682 pedibus
532 2635 734 2680 amputatis.
758 2635 862 2668 multi
888 2640 923 2667 et
945 2635 1109 2667 manibus
1135 2640 1171 2667 et
1193 2635 1305 2667 oculis
1332 2635 1460 2678 privati
1484 2640 1576 2673 sunt,
1603 2633 1769 2666 nonnulli

354 2683 458 2718 oculo
488 2681 611 2716 dextro
646 2687 683 2716 et
703 2681 794 2727 pede
827 2681 970 2715 sinistro
996 2680 1170 2721 mutilati,
1207 2680 1269 2714 alii
1298 2687 1429 2715 contra.
1455 2679 1708 2714 robustissimis
1733 2683 1768 2711 et
