1838 3210
403 210 474 248 DE
514 209 766 249 MANUELE
803 207 1063 261 COMNENO
1103 209 1205 250 LlB.
1234 211 1284 248 V.
1465 207 1565 242 211

145 309 262 360 δίου,
294 308 366 349 καί
401 306 501 356 τούς
540 307 752 356 πλείστους
788 308 871 348 τῶν
902 310 1105 350 κατοίκων
1139 305 1291 360 ἔχοντα
1326 309 1577 363 γνωριζομέ-

143 388 241 421 νους
272 374 316 422 ἐξ
354 373 557 424 ὀνόματος
594 374 671 414 τοῦ
702 375 908 425 Χριστοῦ.
962 372 1020 421 ὥς
1047 369 1187 429 οἶγαθῇ
1213 374 1313 426 γοῦν
1342 375 1395 430 τῇ
1421 388 1578 428 παραυ-

146 438 277 494 φάσει
293 439 368 479 τοῦ
386 437 516 494 ῥηγὸς
544 438 732 486 πεισθείς
746 436 1017 491 Ἀνδρόνικος,
1047 436 1098 491 ἢν
1114 435 1252 493 ᾑρεῖτο
1282 432 1425 490 οὗτος,
1453 437 1577 494 ἐτρά-

144 518 255 544 πετο.
311 501 386 558 τὴν
416 504 454 544 δ’
482 504 527 544 ἐν
553 505 611 559 τῷ
646 500 804 554 μεταξυ
838 503 1010 557 πορείαν
1036 501 1206 551 α’λύπως
1237 502 1488 556 ἀνύσαντες,
1517 498 1580 552 οἷς

108 566 315 622 5είπομεν
341 569 562 624 φρουρίοις
587 569 867 622 προσέβαλον,
896 568 970 608 καί
1007 565 1213 621 ὁμολόγως
1239 566 1347 610 αυτοὶ
1372 585 1580 625 χειρωσα-

143 649 284 686 μενοι,
313 627 379 674 ὅτι
412 634 514 688 μηδ’
540 629 654 686 εἶχον
681 630 853 673 ἔνδοθεν
894 632 1124 686 α’,ξιόιιαχον
1148 633 1329 685 δύναμιν
1360 634 1433 676 καί
1452 640 1581 688 χεῖρα

145 696 292 753 ἱκανὴν
314 699 374 747 εἰς
400 698 622 740 ἀντίπαλον
644 704 797 752 μοῖραν
822 703 1004 753 χωρεῖν,
1038 698 1118 739 τοῦ
1138 696 1282 753 πρόσω
1309 697 1481 753 εἴχοντο.
1509 715 1582 740 και

147 762 198 818 δὴ
229 765 287 820 τῷ
314 763 444 820 στόλῳ
476 764 751 816 συμμίξαντες
778 759 858 819 ἤδη
887 761 965 812 τὰς
996 763 1138 812 κώπας
1165 762 1235 806 ἐπὶ
1259 767 1334 806 τοῦ
1357 764 1580 818 Ταμιᾰθου

146 829 352 882 σχάσαντι
379 827 453 870 κατ’
488 829 748 885 ἑφορμῶντι,
786 834 871 878 τοῖς
897 827 978 884 πρὸ
1004 831 1076 884 τῆς
1103 827 1262 878 πόλεως
1295 829 1428 879 ειῖθὺς
1459 832 1582 883 ἑκχυ-
1595 843 1631 878 p,
1651 843 1716 878 106

89 909 135 935 10
148 897 261 936 θεῖσι
291 895 364 936 καί
397 896 498 947 μεθ’
537 891 672 936 ὅπλων
708 896 933 950 ἐποφθεῖσι
966 897 1221 950 Σαρακηνοῖς
1261 896 1582 949 συμμίγνυνται.

147 957 259 1001 οὕτω
288 961 328 1001 δ’
354 961 578 1014 ἐξέπληξαν
606 958 761 1008 αὐτοὺς
780 959 981 1013 Ῥωμαῖοι
1000 961 1075 1002 καί
1090 958 1338 1016 διετάραξαν
1354 962 1411 1018 τῷ
1429 958 1588 1015 cintori-

147 1041 202 1081 τῳ
232 1027 307 1079 τῆς
334 1024 578 1075 ἅντιτοίξεως
610 1024 667 1073 ὥς
694 1023 773 1067 σὺν
810 1028 891 1082 βοῇ
911 1041 956 1067 τε
985 1027 1061 1067 καί
1086 1023 1254 1083 ταράχῳ
1282 1029 1588 1080 συνωθηθῆναι

148 1089 247 1132 elim
275 1091 438 1143 πυλῶν,
466 1092 574 1144 μηδὲ
601 1092 799 1145 καθαρῶς
826 1091 1074 1144 ἀντιβλέψαι
1101 1092 1248 1147 σφίσιν
1274 1089 1586 1146 ὗπενεγκόντας.

149 1155 223 1196 καί
251 1156 367 1197 τοῦτο
405 1157 484 1208 μὲν
504 1152 609 1197 οὕτω
651 1157 726 1210 τῆς
752 1156 912 1211 ἡμέρας
939 1155 1094 1212 ἐκείνης
1123 1157 1357 1211 πέπρακται
1373 1189 1386 1210 ,
1413 1159 1513 1198 καθ’
1536 1155 1589 1211 ἢν

90 1222 136 1262 15
151 1219 194 1262 αἱ
220 1222 300 1273 μὲν
340 1220 524 1277 τριήρεις
542 1225 600 1278 τῷ
626 1223 767 1279 Νείλῳ
797 1220 1102 1275 προσαίκειλαν,
1130 1220 1152 1264 ὅ
1181 1223 1228 1264 δὲ
1256 1220 1332 1278 ῥὴξ
1357 1223 1460 1278 πεζῇ
1479 1237 1591 1276 παρ-

147 1288 325 1339 εγένετο·
407 1286 460 1343 τῇ
503 1287 545 1327 δ’
570 1283 772 1343 ὑστεραία
809 1283 932 1328 πάλιν
963 1285 1002 1328 οἱ
1029 1288 1268 1343 Σαρακηνοί
1293 1286 1592 1342 συμπλακησό-

146 1365 265 1403 μενοι
286 1350 508 1404 Ῥωμαίοις
536 1352 871 1406 συνεληλύθεσαν
898 1349 1001 1394 κατὰ
1027 1349 1072 1394 τὸ
1099 1351 1178 1409 πρὸ
1208 1354 1283 1408 τῆς
1309 1352 1470 1402 πόλεως
1495 1356 1587 1394 κολ-

148 1419 284 1466 παῖδες
322 1417 464 1459 πεδίον
508 1416 582 1459 καὶ
618 1418 849 1471 ἐπικαμπὲς
891 1420 1028 1474 ἠρέμα
1069 1417 1169 1474 περὶ
1202 1416 1247 1461 τό
1281 1423 1429 1472 τεῖχος.
1485 1415 1592 1472 πλην

151 1483 251 1527 οὐδὲ
278 1481 370 1526 τότε
393 1482 624 1536 Ῥωμαίους
651 1483 907 1538 ὑπέστησαν.
978 1485 1061 1526 τῶν
1087 1482 1170 1539 γὰρ
1198 1484 1341 1525 πυλῶν
1361 1481 1460 1526 ὅσον
1487 1483 1630 1524 ἄπο-Β

86 1565 138 1591 20
152 1549 319 1603 σχόντες
345 1546 487 1604 βραχύ
521 1550 594 1590 καί
614 1550 791 1606 μηδαμῇ
818 1551 893 1590 τοῦ
921 1551 1268 1604 προτειχάτματος
1299 1548 1592 1605 ἀφιστάμενοι,

153 1612 263 1657 οὕτω
304 1616 514 1656 διετίθουν
553 1612 627 1655 τὸν
666 1612 868 1666 πόλεμον·
937 1614 994 1663 ὥς
1037 1617 1072 1656 δ’
1113 1615 1175 1656 ἐπ’
1217 1613 1373 1664 αὖτοὺς
1399 1612 1593 1668 ὥρμηντο

146 1681 343 1734 Ῥωμαῖοι
376 1678 530 1732 μόνον,
557 1678 602 1722 τὸ
636 1683 787 1721 παθεῖν
814 1681 951 1729 κακῶς
980 1677 1282 1736 φυλαττόμενοι
1305 1669 1506 1722 ἐνέιιλινον
1534 1671 1617 1728 εἷςι

153 1745 291 1802 φυγὴν
320 1747 393 1786 καί
421 1742 491 1786 διοὶ
520 1746 602 1786 τῶν
630 1746 770 1786 πυλῶν
788 1747 1035 1798 εἰσεχέοντο,
1063 1743 1121 1799 μη
1146 1741 1364 1798 εὐθύωρον
1391 1739 1507 1798 ι’ἱγειν
1535 1746 1596 1794 εἰς
1627 1785 1631 1789 ,

151 1810 247 1862 τοὺς
264 1812 487 1864 πολεμίους
511 1811 582 1865 τὴν
603 1807 765 1852 ἑαυτῶν
784 1812 1129 1864 α’ποθαρροῦντες
1150 1810 1355 1866 φάλαγγα.
1384 1812 1458 1851 καί
1475 1811 1596 1851 τοῦτο

88 1875 225 1919 255712
246 1875 401 1925 πολλὰς
433 1876 592 1932 ἡμέρας
629 1877 797 1930 ἐγίνετο.
861 1869 913 1930 ἤν
941 1876 987 1917 δὲ
1014 1875 1040 1931 ἦ
1070 1877 1296 1931 στρατηγία
1324 1873 1433 1930 αὕτη
1461 1876 1594 1929 μηδὲν

151 1938 252 1986 ἄλλο
282 1944 516 1997 δυναμένη,
546 1939 602 1991 ὦς
635 1943 865 1994 δέδεικται,
895 1936 925 1996 ἢ
943 1940 1177 1995 Ῥωμαίους
1221 1942 1594 1997 κατασοφίζεσθαι,

245 2050 276 2083 5.
302 2047 531 2092 ὁμολογίαις
558 2046 634 2079 cod.
660 2047 695 2079 Ρ.
814 2047 847 2081 8.
872 2048 1081 2092 ταμιαθίου
1107 2046 1147 2079 Α.
1245 2057 1294 2082 ιο.
1320 2045 1393 2093 ἔτι]
1417 2043 1593 2080 ἄπαντω-

246 2104 286 2127 σι
316 2097 352 2127 Α.
506 2091 803 2140 συιιαίγνυνται]
843 2094 1127 2139 συιιπλέκονται
1153 2091 1193 2126 Α.
1325 2103 1377 2128 12.
1402 2090 1594 2131 ἀντιτάξε-

245 2139 308 2187 ως]
337 2140 491 2197 ἐμβολῆς
517 2142 555 2173 Α.
683 2142 733 2176 13.
759 2138 841 2187 σφ.]
876 2141 972 2185 γοῦν
997 2139 1183 2187 ρωααίοις
1214 2138 1594 2185 Α.18.ἐπικαμ-

244 2188 324 2235 πὲς]
349 2185 515 2232 πλάγιον
541 2187 577 2219 Β.

155 2277 228 2300 non
246 2266 387 2299 munita
411 2269 533 2305 erant,
560 2265 599 2297 in
627 2264 849 2298 deditionem
876 2265 1050 2310 acceptis,
1088 2269 1266 2309 pergunt3
1292 2268 1327 2297 et
1354 2274 1434 2296 cum
1460 2263 1594 2305 classe,

155 2324 248 2358 quae
272 2314 344 2345 iam
368 2311 414 2345 ad
429 2290 663 2345 Tam’iathum
681 2311 881 2356 appulerat,
906 2311 1085 2356 congressi
1111 2311 1324 2344 Sarracenos
1349 2310 1438 2343 urbe
1463 2313 1595 2343 effusos

157 2359 338 2403 intrepida
365 2359 442 2391 acie
471 2359 521 2391 sic
542 2364 780 2403 exceperunt,
805 2363 847 2392 ut
872 2370 952 2391 cum
977 2359 1132 2391 clamore
1158 2363 1194 2391 et
1210 2357 1379 2398 tumultu,
1405 2357 1466 2390 vix
1489 2368 1595 2401 aspe-

158 2411 217 2439 ctu
242 2407 481 2438 Romanorum
514 2405 692 2446 tolerato,
729 2405 824 2437 intra
846 2410 968 2450 portas
1001 2405 1217 2449 refugerent.
1247 2403 1286 2436 id
1311 2415 1353 2436 ea
1375 2403 1436 2436 ‹lie
1460 2403 1596 2437 factum

158 2463 231 2496 qua
256 2458 293 2485 et
325 2453 488 2485 triremes
512 2452 636 2484 Nilum
672 2456 757 2484 sunt
795 2452 1001 2496 ingressae,
1034 2457 1070 2484 et
1098 2462 1160 2483 rex
1192 2450 1303 2496 pedes
1340 2450 1466 2483 eodem
1483 2451 1594 2484 venit.

158 2498 333 2542 postridie
358 2498 543 2531 Sarraceni
587 2498 707 2531 denuo
732 2503 1002 2538 convenerunt,
1027 2509 1107 2530 cum
1136 2498 1302 2530 Romanis
1327 2497 1365 2530 in
1390 2507 1515 2542 campo
1547 2498 1599 2528 si-

159 2555 272 2576 nuoso
297 2550 334 2577 et
366 2545 498 2578 leniter
531 2543 576 2576 ad
615 2556 756 2577 murum
781 2545 912 2577 inflexo
951 2544 1167 2577 dimicaturi.
1193 2544 1321 2577 sedne
1348 2549 1423 2576 tum
1449 2543 1598 2589 quidem

161 2591 212 2622 eis
239 2591 459 2624 restiterunt.
494 2602 576 2623 nam
611 2592 662 2623 ita
702 2591 935 2635 pugnabant,
972 2596 1013 2624 ut
1046 2591 1195 2635 paulum
1231 2603 1251 2623 a
1280 2591 1394 2635 portis
1420 2589 1598 2637 progressi

160 2647 337 2680 nusquam
373 2647 393 2668 a
430 2637 693 2670 munitionibus
728 2637 964 2670 discederent.
1013 2638 1182 2670 Romanis
1208 2641 1327 2670 autem
1355 2632 1597 2674 irruentibus,

162 2683 314 2715 salutem
353 2682 435 2725 fuga
459 2694 630 2727 quaerere
669 2684 830 2716 contenti
859 2684 897 2716 in
923 2689 1044 2728 portas
1069 2684 1230 2724 irruunt,
1256 2694 1355 2716 suam
1383 2683 1599 2726 phalangem

161 2728 325 2761 hostibus
350 2739 531 2772 opponere
553 2740 627 2762 non
652 2730 739 2762 ausi.
768 2730 807 2763 id
831 2742 895 2774 per
918 2729 995 2762 dies
1029 2731 1230 2774 complures
1257 2729 1400 2761 factum.
1426 2727 1524 2771 quod
1554 2737 1598 2759 eo

96 2778 104 2786 '
162 2775 388 2820 pertinebat,
414 2779 455 2807 ut
483 2785 536 2807 res
571 2775 750 2815 ostendit,
785 2782 826 2808 ut
850 2777 999 2829 Romani
1037 2787 1127 2809 vana
1153 2787 1215 2820 spe
1243 2775 1360 2808 inflati
1383 2780 1523 2818 tempus
1543 2778 1597 2805 te-
