1878 3230
738 173 1093 216 GLossARmM.
1508 155 1619 225 925

205 275 295 323 θεῖς
320 268 399 314 ουν
431 270 645 325 Θεόδωρος
671 273 896 325 βασιλικῶς
925 273 1078 337 ἐχρᾶτο
1104 275 1190 319 τοῖς
1213 247 1446 336 πράγμασι,
1473 270 1623 311 δεσπό-

203 345 276 377 τας
308 343 351 368 τε
379 328 632 382 προυβάλετο
664 343 735 368 και
766 325 1160 379 σεβαστοκροίτορας.
1194 341 1364 365 coronae
1402 328 1461 366 ius
1499 326 1622 365 habe·

203 386 285 427 bat
310 398 412 436 quae
438 391 571 421 tamen
601 383 774 421 multum
803 383 854 420 ab
882 383 1139 434 imperatoria
1172 381 1404 431 differebat,
1441 387 1487 419 ut
1523 381 1622 420 scri-

203 440 264 478 bit
291 440 411 477 Anna
440 438 645 475 Comnena
675 437 891 476 Alexiados
920 439 943 476 3
974 451 1017 489 p.
1048 438 1099 489 59
1127 436 1310 475 editionis
1338 438 1500 487 primae.

313 492 586 542 σέκρετον
634 498 863 541 secretum,
892 493 1159 530 secretarium.
1201 490 1456 529 Andronicus
1485 488 1619 529 iunior

204 546 244 584 in
275 545 492 598 diplomate
519 559 594 597 pro
626 546 978 584 Monembasiotis·
1021 544 1066 584 ἐν
1092 545 1148 598 τῷ
1184 543 1360 598 σεκρέτῳ
1389 543 1460 596 τῆς
1498 545 1619 594 βασι-

202 602 314 646 λείας
342 612 441 649 μου.
469 599 559 638 vide
585 598 637 637 ad
669 599 911 641 cedrenum.

309 654 566 692 σελέντια
594 651 890 706 κατηχητήριοι
917 650 1044 705 λόγοι.
1068 667 1107 696 v.
1141 653 1290 693 Meurs.
1316 657 1356 691 et
1373 649 1620 692 Glossarium

199 715 382 747 nostrum
408 706 461 746 ad
490 707 613 747 Cedr.

307 761 466 801 σέλλα
488 761 606 823 sella,
634 758 831 814 α’στροὶβη.
860 776 898 802 v.
930 761 980 800 ad
1011 760 1137 800 Cedr.

305 811 600 855 σεντούκια
626 815 814 866 κιβώτια,
842 829 980 865 arcae,
1006 817 1160 854 scrinia.
1189 828 1229 854 v.
1258 814 1491 854 Mem-sium.

305 865 410 910 σκα’
427 871 490 908 λα
519 870 650 910 scala.
704 869 795 911 .55
824 884 846 909 c
887 870 1092 936 βαλέσθαι
1116 869 1279 920 ξυλίνην
1305 870 1507 917 κλίμακα.
1551 883 1620 907 eo-

198 925 271 964 dex
298 925 370 964 GB
396 919 564 964 σκάλαν.
596 884 881 976 Mospchopulus
906 920 1003 988 περὶ
1029 924 1218 974 σχεδαῖνε
1248 921 1396 971 κλίμαξ
1422 921 1447 974 ἡ
1474 923 1619 969 κοινῶς

198 975 693 1042 sudaa.cedrenus.15
718 977 790 1029 τῆς
817 975 1081 1044 ἀκροπόλεως
1109 975 1240 1016 σκάλα
1267 976 1515 1026 συνέτριψεν
1542 991 1619 1015 αυ-

198 1031 287 1085 viv.
317 1034 602 1072 Constantinus
630 1033 670 1072 in
698 1033 813 1071 Taet.
842 1047 910 1072 και
937 1028 1092 1077 σκάλας
1120 1033 1298 1078 ξυλίνας.
1328 1030 1451 1069 hodie
1477 1031 1618 1081 σκαλί,

198 1095 238 1126 et
264 1087 459 1126 σκαλοῦνι
489 1088 618 1127 scalae
644 1087 806 1139 gradus.

304 1133 610 1180 σκαλιόνειν
655 1141 870 1193 appellere.
903 1154 941 1179 v.
972 1141 1124 1179 Meurs.
1163 1137 1440 1192 Glossarium
1473 1146 1515 1179 et
1540 1152 1615 1179 no-

199 1203 258 1235 tas
286 1196 464 1235 eiusdem
492 1196 542 1234 ad
569 1196 776 1235 Constant.
806 1196 856 1233 de
882 1195 1029 1236 admin.
1057 1195 1156 1246 Imp.
1187 1207 1274 1245 cap.
1302 1206 1345 1246 9.

305 1250 489 1312 σκίγκο
504 1263 523 1295 ς
546 1263 670 1315 perna
689 1264 728 1302 p.
761 1249 840 1288 206
859 1249 898 1287 d.
925 1262 966 1287 v.
995 1249 1230 1287 Mem-sium.

305 1307 402 1343 σκλ
418 1318 444 1342 α
435 1298 543 1350 βοι
589 1301 758 1369 ὦνητοί,
789 1304 961 1341 esclaves
1005 1316 1096 1354 pag.
1117 1301 1184 1340 58.
1213 1300 1406 1340 Iohannes
1450 1301 1614 1341 cautae.

196 1357 224 1409 4
258 1357 330 1410 ¹4:
358 1357 401 1406 ἐξ
428 1351 486 1396 ων
505 1353 593 1407 ἔχει
619 1354 696 1409 ἀφ’
721 1353 837 1408 ἡμῶν
861 1354 1065 1406 σκλάβων.
1098 1356 1191 1394 hinc
1217 1357 1448 1407 σκλαβοῦν,
1476 1359 1517 1395 in
1534 1371 1616 1395 ser-

196 1413 367 1452 vitutem
394 1411 588 1462 redigere.
624 1411 656 1450 C
689 1410 804 1449 rillus
835 1410 1066 1476 patriarcha
1095 1410 1180 1454 CP.
1221 1416 1359 1447 contra
1392 1386 1500 1449 lu'da
1548 1425 1616 1449 και

193 1465 306 1513 τότες
333 1464 596 1532 ἐσκλαβτιόθηΪ
608 1462 632 1503 ὅ
663 1461 888 1526 Ιεζεκιῆλ(
865 1479 886 1503 ο
913 1461 1140 1516 προφήτης,
1167 1476 1236 1501 και
1265 1460 1450 1511 ε’τοιίταις
1474 1478 1516 1503 αι
1538 1461 1612 1502 δύο

197 1519 435 1582 σκλαβείαις
463 1518 533 1557 ὃὲν
567 1512 675 1582 ἦσαν
717 1517 834 1557 τόσον
875 1518 1096 1580 βαρείαις.
1124 1520 1291 1580 Auctor
1310 1517 1410 1556 GB:
1441 1515 1540 1564 τούς
1567 1519 1613 1558 δὲ

197 1568 347 1620 αλλους
375 1569 729 1635 κατεσκλάβωσαν.
762 1578 803 1611 et
833 1585 953 1611 mox:
983 1584 1038 1616 ως
1067 1564 1242 1622 ἤκουσεν
1270 1566 1291 1608 ὃ
1316 1568 1512 1618 βασιλευς
1537 1566 1613 1610 αὖ-

197 1629 341 1691 θέντης
363 1626 434 1679 τῆς
461 1624 652 1692 Περσίας
684 1621 728 1664 τὸ
769 1624 858 1672 πῶς
894 1622 1021 1688 ξ’χασε
1059 1623 1264 1670 παντελῶς
1291 1621 1334 1662 τό
1368 1619 1493 1670 ἄνθος
1538 1626 1614 1664 τοῦ

147 1696 156 1704 ·
197 1679 439 1748 φοσσάτου,
472 1680 544 1719 καί
577 1674 701 1725 ὅσους
726 1677 1067 1741 ἕσκλαβιόσασιν,
1094 1692 1163 1716 και
1205 1672 1327 1723 οσους
1353 1674 1609 1727 ἐσκότωσαν,

197 1734 273 1774 οιῖκ
299 1731 408 1775 οἶδεν
439 1728 502 1773 ὅτι
528 1729 707 1785 δράσειε.
737 1732 803 1772 alii
831 1729 1042 1783 σθλάβους
1068 1731 1235 1781 dieunt,
1263 1739 1308 1771 ut
1332 1732 1496 1771 Nicetae
1520 1747 1615 1797 pag..

195 1789 289 1852 {25
278 1804 319 1828 ιιι
350 1791 537 1829 Annotat.
565 1787 935 1851 Astrampsychus:
965 1788 1036 1825 καί
1068 1784 1288 1824 ἀσθένειαν
1318 1786 1513 1850 καρδίας,
1544 1801 1612 1826 και

197 1838 278 1882 ἀπὸ
307 1839 501 1894 γυναικὸς
529 1839 722 1891 σθλάβων
748 1855 818 1879 και
848 1837 1006 1879 δούλων
1035 1839 1193 1892 ζημίαν.
1222 1848 1340 1891 atque
1375 1842 1431 1880 ita
1464 1841 1612 1880 intelli-

196 1897 372 1950 gendum
411 1897 571 1936 videtur
608 1895 719 1948 quod
762 1895 903 1934 scribit
941 1894 1227 1933 Constantinus
1265 1895 1517 1960 Porphyifflog
1561 1896 1612 1934 de

196 1951 319 1990 them.
351 1951 420 1990 lib.
446 1965 469 1989 2
501 1950 627 1989 them.
658 1949 712 1988 6.
751 1943 1003 2000 ἔσθλαβωθη
1031 1947 1078 1987 δὲ
1114 1948 1228 1987 πᾶσα
1267 1945 1295 1999 ἦ
1339 1947 1472 2000 χώρα.
1520 1950 1612 1988 hinc

196 2005 499 2067 σθλαβογενῶν.
531 2006 651 2042 Anna
678 2003 883 2041 Comnena
911 2002 1116 2041 Alexiados
1142 2016 1197 2040 2·
1242 2016 1309 2042 και
1338 2003 1494 2052 μᾶλλον
1530 2004 1613 2042 τῶν

197 2058 421 2124 εἰρημένων
448 2053 524 2097 δύο
551 2054 777 2119 βαρβάρων
803 2056 1103 2107 σθλαβογενῶν,
1129 2069 1200 2095 του
1232 2069 1277 2094 τε
1302 2056 1475 2110 Βορίλου
1505 2071 1611 2110 φηιιι

198 2110 270 2151 καί
295 2112 372 2152 τοῦ
400 2111 441 2150 Γ
437 2123 632 2174 ερμανου
1628 2122 1631 2126 ’

306 2179 396 2205 σκο
409 2179 536 2230 υταρ
550 2176 632 2203 ιον
673 2162 862 2228 θυρεός,
893 2170 1047 2202 scutum
1086 2179 1127 2217 p.
1175 2163 1227 2203 56
1275 2164 1314 2202 d.
1363 2164 1610 2204 Glossarium

199 2234 283 2259 ms·
316 2217 544 2285 αρτήτομος
569 2231 591 2256 ο
618 2215 805 2266 τελαμων
833 2211 926 2283 ἤτοι
953 2214 975 2255 ὅ
1001 2218 1160 2280 λοῖρος,
1195 2217 1238 2265 ἐξ
1265 2209 1315 2256 ου
1357 2212 1536 2271 ἤρτηται
1565 2217 1610 2257 τό

198 2271 418 2324 βαλαντιον
442 2269 471 2326 ἢ
495 2269 541 2313 τὸ
568 2268 812 2323 σκουτάριον
837 2266 866 2323 ἢ
896 2268 1034 2324 ἕτερόν
1059 2286 1112 2316 τι.
1140 2273 1258 2324 item,
1287 2271 1412 2320 α’σπίς
1437 2271 1611 2313 σκουτά-

199 2340 300 2380 ριον.
326 2328 419 2368 vide
445 2329 496 2367 ad
524 2326 769 2366 Cedrenum.

304 2382 659 2422 σκουτέλλιον
685 2377 867 2420 scutella.
896 2381 1193 2422 v.Meu1-sium.

307 2435 436 2474 σοῢδ
448 2450 475 2474 α
519 2437 635 2475 fossa.
662 2435 951 2474 Constantinus
979 2435 1016 2472 in
1045 2435 1245 2474 Tacticis.
1283 2430 1452 2484 ποίησον
1475 2430 1609 2483 γύρω-

199 2488 275 2526 θεν
304 2489 456 2528 σοῦ’ὃαν
482 2489 682 2555 βαθεῖαν,
713 2497 753 2528 et
778 2495 916 2542 postea
942 2487 1101 2527 σοῦδαν
1130 2484 1331 2555 ὀρύσσειν.
1372 2493 1411 2524 et
1451 2485 1502 2524 de
1537 2486 1610 2524 ad-

201 2543 346 2581 minist.
376 2544 470 2595 Imp.
500 2542 544 2582 ὲν
575 2534 610 2595 ᾧ
636 2542 708 2582 καί
733 2543 886 2582 σοῧδαν
918 2538 957 2580 οἱ
995 2540 1167 2581 παλαιοι
1200 2552 1480 2591 ποιησαμενοι.
1526 2540 1607 2578 Leo

201 2596 515 2636 Grammaticus:
548 2596 682 2648 κόψας
705 2594 778 2636 καί
801 2592 874 2648 τήν
902 2595 1060 2634 novaram
1086 2597 1291 2633 πλατεῖαν.

308 2650 548 2689 σουππεδ
557 2664 573 2688 ι
586 2664 641 2689 ον
686 2651 940 2703 suppedium,
981 2649 1271 2703 suppedaneum
1293 2675 1305 2698 ,
1346 2642 1571 2687 ὑποπόδιον
1592 2675 1605 2698 ,

203 2702 418 2743 scabellum
446 2704 551 2757 quod
573 2702 737 2757 pedibus
765 2705 983 2742 subiicitur.
