1838 3210
217 195 290 233 Xll
702 192 830 232 IIIER
838 218 848 228 .
896 187 1097 226 WOLFn

218 293 434 347 gnitionem
465 292 691 345 coegerint,
725 292 764 329 in
794 290 910 329 variis
941 289 1084 341 linguis
1113 294 1231 341 atque
1257 285 1494 326 auctoribus
1520 285 1635 326 dissi-

215 365 363 411 patam.
395 359 434 397 id
468 365 600 396 autem
624 355 784 394 difficile
814 355 849 392 ei
878 361 957 393 non
986 355 1083 403 erit,
1112 353 1181 406 qui
1208 352 1367 406 linguae
1384 353 1564 391 Graecae
1589 365 1636 392 ae

216 423 384 462 Latinae
418 422 608 461 mediocri
636 434 710 459 usu
739 421 954 458 instructus
992 418 1185 459 methodo
1221 432 1262 458 se
1301 417 1560 458 assuefecerit
1599 423 1638 456 et

216 490 361 527 artium
390 490 624 540 optimarum
652 484 909 524 fundamenta
939 484 1106 524 fideliter
1142 483 1295 524 iecerit.
1313 497 1361 523 ac
1381 490 1440 522 est
1460 483 1502 522 in
1528 496 1574 522 ea
1593 495 1638 522 re

219 567 314 592 sane
342 552 582 592 difficultatIs
611 558 651 590 et
679 550 884 589 molestiae
904 549 1097 589 nonnihil.
1124 549 1193 590 sed
1218 549 1288 588 ubi
1314 563 1360 588 ex
1388 548 1464 587 illis
1489 549 1637 588 artium

223 619 409 671 angustiis
438 618 477 655 in
507 616 756 655 liberrimum
796 615 936 668 optimi
976 617 1168 668 cuiusque
1207 614 1411 668 scriptoris
1451 627 1638 667 campum

215 685 407 722 eluctatus
436 683 589 732 fueris,
618 696 711 721 vere
743 681 786 720 id
823 681 1028 734 apparebit
1063 681 1170 734 quod
1212 695 1235 720 a
1266 680 1440 734 quodam
1477 679 1637 732 sapien-

213 749 363 787 tissimo
393 748 482 787 viro
511 747 663 787 dictum
690 754 770 798 est,
800 748 884 786 sive
913 747 945 785 is
973 747 1155 785 Socrates
1187 747 1271 785 sive
1298 748 1487 785 Isocrates
1512 744 1637 783 suerit

213 816 319 865 (nam
343 813 508 866 utrique
537 813 680 852 ascribi
722 812 866 862 video,
898 819 937 851 et
963 811 1152 865 proclivis
1185 825 1298 850 error
1332 818 1390 850 est
1432 811 1473 850 in
1517 810 1636 849 unius

214 879 370 918 litterae
399 878 641 928 discrimine)
660 908 671 929 ‚
700 879 850 917 radices
877 878 1109 917 eruditionis
1140 890 1292 916 amaras
1334 890 1415 916 esse
1432 905 1443 925 ,
1487 875 1640 915 fructus

218 958 316 983 vero
344 943 603 984 dulcissimos.
639 944 839 983 radicibus
868 950 1002 983 autem
1033 948 1317 995 comparantur
1343 941 1571 995 linguarum
1600 948 1640 981 et

214 1011 360 1048 artium
389 1010 595 1061 methodi,
623 1010 822 1049 fructibus
852 1009 962 1049 varia
991 1007 1122 1047 lectio.
1152 1007 1222 1061 qui
1251 1013 1298 1046 ut
1325 1007 1408 1046 sine
1435 1005 1639 1046 radicibus

213 1075 317 1114 nulli
347 1083 490 1126 essent,
517 1075 571 1114 ita
602 1075 772 1114 eruditio
798 1075 1003 1128 pertenuis
1033 1081 1106 1124 est,
1134 1087 1237 1126 quae
1264 1087 1344 1112 non
1375 1078 1484 1112 certa
1510 1072 1637 1112 ratio-

211 1154 263 1179 ne
290 1155 334 1179 ac
364 1141 428 1180 via
458 1155 480 1179 a
511 1140 655 1193 primis
683 1141 803 1179 initiis
831 1140 883 1179 ad
919 1153 1118 1179 summum
1148 1152 1273 1192 usque
1315 1139 1515 1191 fastigium
1544 1152 1639 1177 con-

211 1212 364 1245 stanter
388 1206 563 1245 ascendit
592 1220 636 1245 ac
661 1213 893 1259 perpetuum
915 1206 988 1244 sibi
1014 1205 1342 1244 commentarium
1371 1210 1500 1258 parat.
1527 1203 1639 1257 quod

216 1271 324 1309 enim
353 1285 475 1323 supra
506 1271 626 1309 etiam
656 1271 784 1324 attigi,
815 1271 1017 1310 doctrinae
1048 1271 1176 1309 omnis
1204 1270 1292 1309 laus
1319 1271 1360 1308 in
1389 1271 1532 1309 artium
1552 1284 1638 1309 me-

213 1336 346 1375 thodis
373 1344 492 1389 atque
518 1337 558 1374 in
589 1350 635 1375 eo
659 1338 856 1385 vertitur,
888 1336 1018 1389 quod,
1050 1335 1183 1389 quoad
1216 1337 1300 1375 fieri
1326 1342 1458 1389 potest
1476 1364 1488 1386 ,
1521 1337 1637 1389 quie-

212 1401 311 1454 quid
344 1401 394 1440 ad
428 1401 594 1440 eandem
622 1415 707 1440 rem
737 1403 931 1454 pertinet,
965 1402 1196 1453 contrahit,
1226 1409 1264 1441 et
1293 1416 1337 1440 ex
1365 1402 1485 1441 variis
1510 1415 1639 1441 mem-

214 1467 300 1508 bris
329 1481 454 1505 unum
484 1480 631 1519 corpus
664 1466 861 1520 integrum
899 1467 1116 1520 componit.
1157 1481 1202 1506 eo
1239 1466 1421 1506 absoluto
1460 1466 1641 1507 lectionis

215 1532 388 1572 varietas
428 1532 592 1585 singulis
628 1532 809 1586 partibus
849 1533 959 1572 addit
988 1540 1219 1572 ornamenta
1261 1540 1300 1572 et
1340 1531 1639 1586 amplitudinem

213 1597 416 1651 quandam
447 1597 643 1636 conciliat.
676 1597 816 1650 quodsi
835 1598 930 1637 haec
954 1598 1173 1637 similitudo
1195 1598 1325 1637 minus
1342 1598 1489 1651 placet,
1518 1597 1641 1637 homo

214 1663 412 1702 studiosus
443 1663 620 1717 diligenti
646 1663 925 1716 patrifamiliae
953 1671 1234 1717 comparetur;
1264 1665 1345 1717 qui,
1376 1671 1419 1703 ut
1438 1663 1504 1703 ille
1522 1677 1638 1717 agro-

217 1743 305 1767 rum
335 1742 496 1767 suorum
536 1736 752 1781 proventus
780 1736 819 1768 et
850 1729 1063 1769 domestica
1100 1731 1364 1768 instrumenta
1397 1729 1437 1768 in
1479 1729 1638 1769 horreis

217 1802 256 1833 et
279 1795 396 1833 certis
422 1794 658 1847 quibusdam
684 1794 791 1833 cellis
815 1795 993 1847 reponit,
1025 1802 1070 1834 ut
1096 1809 1187 1834 cum
1215 1809 1308 1834 usus
1337 1794 1529 1848 postulat,
1558 1801 1639 1833 sta-

212 1862 285 1898 tim
315 1860 365 1901 a'd
396 1874 559 1898 manum
598 1861 698 1910 sint,
729 1861 785 1898 ita
812 1861 917 1913 ipse,
968 1860 1161 1913 quicquid
1196 1861 1262 1900 vel
1300 1861 1544 1914 cogitatione>
1573 1859 1638 1900 vel

218 1926 386 1964 lectione
413 1925 476 1963 vel
509 1924 715 1963 auditione
751 1939 822 1976 per
853 1939 970 1963 omne
1002 1933 1156 1977 tempus
1189 1926 1329 1965 aetatis
1362 1927 1504 1978 (neque
1531 1927 1638 1964 enim

212 1989 294 2028 ulla
326 1990 540 2042 sapientiae
568 1989 700 2028 studio
730 1996 836 2027 meta
865 1990 1115 2042 praefigenda
1143 1994 1217 2040 est)
1247 1997 1481 2029 consecutus
1505 1990 1636 2040 fuerit,

216 2056 350 2094 statim
375 2055 414 2093 in
441 2053 529 2092 illas
556 2053 707 2092 artium
735 2052 889 2103 classes,
918 2056 949 2092 si
972 2069 1054 2093 non
1081 2055 1184 2108 stylo
1214 2062 1283 2093 aut
1308 2055 1474 2106 calamo,
1497 2055 1637 2094 saltem

216 2121 347 2159 animo
375 2127 416 2158 et
443 2118 720 2158 recordatione
747 2126 941 2172 reponat,
983 2127 1022 2159 et
1052 2120 1102 2158 ad
1135 2121 1290 2173 regulas
1319 2121 1405 2160 illas
1437 2135 1461 2159 a
1487 2121 1636 2160 doctis-

216 2188 323 2224 simis
353 2185 582 2224 hominibus
607 2184 770 2223 traditas
799 2187 924 2237 exigat
944 2214 954 2233 ‚
990 2185 1071 2224 acri
1101 2185 1248 2225 iudicio
1277 2199 1429 2239 semper
1454 2187 1637 2239 interpo-

215 2253 291 2290 sito
310 2282 321 2301 ,
350 2265 401 2289 ne
430 2250 537 2303 quod
568 2251 735 2303 quisque
762 2250 903 2290 dixerit
945 2258 1012 2289 aut
1051 2252 1252 2305 scripserit
1292 2259 1362 2290 aut
1401 2253 1474 2304 ipsi
1518 2252 1658 2290 etiam'

215 2319 258 2355 in
290 2324 461 2368 mentem
490 2317 643 2355 venerit
666 2345 678 2366 ‚
707 2315 913 2355 oraculum
944 2330 1026 2355 esse
1051 2323 1166 2369 putet
1195 2318 1301 2368 (nam
1330 2316 1486 2365 homini
1516 2317 1639 2355 docto

213 2382 489 2435 turpissimum
516 2382 659 2431 fuerit,
687 2387 734 2419 ut
761 2382 903 2420 Graeci
932 2381 1130 2435 eleganter
1158 2381 1323 2431 dicunt,
1351 2379 1636 2431 ἀβασανίστως

216 2446 532 2498 παραδέχεσθαι
559 2443 630 2499 τήν
665 2447 800 2486 πίστιν
835 2446 906 2498 τῆς
949 2445 1174 2498 ἀληθείας,
1217 2447 1298 2486 hoc
1327 2453 1385 2486 est
1432 2446 1638 2499 opiniones

217 2512 435 2550 consectari
470 2511 654 2564 nudaque
681 2512 915 2550 auctoritate
945 2512 1062 2564 niti),
1093 2512 1159 2550 sed
1187 2519 1345 2551 tantum
1375 2512 1518 2564 cuique
1551 2525 1637 2550 cre-

217 2577 394 2616 dendum
423 2591 506 2632 esse
537 2584 707 2626 statuat,
732 2584 923 2629 quantum
950 2584 1019 2615 aut
1047 2578 1169 2616 firmis
1199 2577 1416 2616 rationibus
1444 2583 1512 2615 ant
1536 2572 1635 2628 pro.)

219 2642 419 2681 habilibus
445 2642 679 2681 coniecturis
713 2641 948 2695 persuadere
976 2643 1104 2694 possit
1121 2672 1133 2691 ,
1165 2643 1206 2680 in
1245 2643 1410 2681 caeteris
1438 2655 1635 2680 assensum

222 2707 402 2747 cohibeat
431 2715 472 2747 et
501 2708 711 2755 sustineat,
743 2708 867 2746 donec
897 2708 1023 2759 ipsum
1050 2715 1209 2760 tempus
1243 2706 1471 2760 scrupulum
1500 2712 1634 2745 sustu-
