1838 3210
690 153 1042 195 BREVIARIUM.

153 257 397 297 Protosebasti
434 255 563 290 classis
603 262 733 287 contra
768 251 1028 287 Andronicum·
1088 248 1278 297 Xiphilini
1301 249 1437 295 legati,
1462 249 1589 293 magni

148 308 253 343 dacis
275 313 309 339 et
323 303 526 338 aulicorum
539 300 624 347 jere
635 300 795 334 omnium
812 298 863 332 ad
883 297 1129 332 Andronicum
1151 296 1303 345 desectio
1329 297 1416 341 (ιο).
1467 295 1591 338 Cpoli-

151 364 326 390 tanarum
349 361 469 384 rerum
501 350 607 381 mira·
635 347 838 379 conversio.
873 345 1141 390 protosebastus
1166 345 1207 377 in
1230 344 1381 377 vincula
1406 342 1590 375 coniectus

153 406 383 435 excaecatur.
410 395 538 429 Latini
563 404 626 427 seu
638 393 778 426 Franci
799 391 886 424 urbe
909 390 1196 436 pelluntur(11).
1242 389 1460 424 Futurorum
1484 398 1592 433 prae-

153 447 272 491 sagia.
298 441 535 489 patriarchae
566 451 644 472 cum
666 437 878 471 Andronico
913 448 1127 482 congressus
1162 444 1196 468 et
1224 436 1484 470 collocutiones
1506 435 1592 475 (12).

159 490 364 528 Andronici
390 499 468 523 cum
493 487 708 524 imperatore
724 485 852 518 Ale-‘rio
869 491 902 516 et
926 491 1040 516 matre
1065 483 1142 516 eius
1165 493 1386 527 congressus.
1411 479 1595 514 mendicus

153 542 196 574 in
223 535 428 572 Andronici
454 533 611 578 gratiam
635 544 658 565 a
670 530 772 575 plebe
799 530 909 564 vivus
926 532 1101 562 exuritur.
1129 527 1374 562 adManuelis
1391 527 1592 573 sepulcrum

158 582 394 620 Andronicus
451 590 500 612 ua
522 577 652 623 ‚fronte
683 585 717 610 et
739 587 830 610 voce
869 577 1061 609 accesserit
1087 575 1173 620 (13).
1220 576 1294 608 Suo
1316 574 1500 608 arbitratu
1522 583 1596 606 rem

153 630 337 677 publicam
353 632 408 661 An
435 625 582 658 runicus
604 622 848 656 administrat.
863 623 904 654 in
915 622 1054 654 nobiles
1068 632 1228 668 quosque
1243 629 1450 665 grassatur,
1463 618 1598 652 lohan-

157 688 237 711 nem
261 676 551 708 Cantacuzenum
581 677 762 703 excaecat.
780 670 942 703 Mariam
971 667 1217 701 Caesar-issam
1244 668 1391 712 eiusque
1429 667 1600 699 maritum

158 733 303 757 veneno
328 719 428 753 tollit
457 717 544 762 (14).
607 715 730 749 Alexin·
764 722 798 747 et
825 716 947 748 [renes
971 713 1176 747 Andronici
1212 713 1403 746 nothorum
1441 713 1600 745 incestae

159 768 322 814 nuptiae.
385 761 608 799 Theodosius
638 759 896 807 patriarchatu
929 758 1046 799 cedit,
1070 769 1106 794 et
1130 770 1368 795 successorem
1391 758 1497 792 habet
1529 759 1601 790 lta·

160 815 285 848 silium
317 811 542 845 Camaterum
565 809 651 850 (15).
710 807 888 841 Sultanus
910 804 1031 838 Iconii
1055 807 1095 838 in
1125 807 1271 840 Oriente
1293 813 1497 850 grassatur.
1521 815 1603 836 ma-

160 870 254 906 gnus
283 857 499 892 domesticus
535 853 717 888 Iohannes
753 852 951 886 Comneuus
987 863 1090 884 arma
1117 860 1236 885 movet
1262 853 1304 884 in
1328 850 1601 887 Andronicum,

163 907 268 940 cuius
306 904 502 938 exercitum
532 899 667 948 fundit
705 906 738 932 et
753 899 880 945 jugat.
928 895 1093 931 Iohanne
1117 906 1259 932 mortuo
1285 895 1441 931 eiusdem
1455 896 1540 942 filii
1563 895 1605 928 in

162 950 370 987 Andronici
401 959 530 982 manus
561 944 731 980 incidunt
766 953 802 978 et
836 950 1092 978 excaecantur.
1136 945 1289 977 Alexius
1326 954 1419 989 puer
1445 953 1604 976 corona-

167 1007 228 1032 tur
253 997 340 1042 (16).
394 993 627 1028 Andronicus
663 991 892 1038 imperatrici
929 990 1040 1023 struit
1071 989 1240 1024 insidias.
1281 990 1322 1022 in
1355 987 1604 1022 Andronicum

164 1042 376 1078 coniuratio
391 1040 504 1085 facta
527 1038 668 1073 detecta
691 1045 726 1070 et
748 1037 1007 1071 excaecatione
1030 1036 1195 1070 multata.
1226 1035 1470 1081 imperatricis
1497 1035 1604 1067 mise-

164 1090 296 1125 rabilis
320 1087 492 1122 interitus
511 1085 599 1130 (17).
649 1083 956 1117 consiliariorum
981 1090 1015 1115 et
1041 1083 1247 1116 aulicorum
1272 1082 1430 1125 ignavia
1452 1092 1606 1114 summa-

167 1146 237 1181 que
267 1132 496 1180 improbitate
519 1129 752 1165 Andronicus
780 1130 978 1174 imperator
996 1127 1214 1173 designatur
1234 1128 1444 1167 salutatur,
1467 1134 1502 1159 et
1525 1127 1608 1160 Ale-

166 1183 229 1215 :rio
263 1191 402 1227 puero,
427 1177 613 1212 Manuelis
636 1176 754 1221 filio,
801 1172 1021 1221 ›raesertur,
1046 1175 1113 1221 qui
1140 1176 1252 1220 paulo
1276 1182 1358 1220 post
1383 1173 1430 1207 ab
1462 1171 1605 1207 Andro—

168 1228 253 1263 nico
277 1238 354 1261 non
387 1232 529 1259 tantum
552 1222 703 1269 imperio
732 1188 800 1255 sed
819 1229 852 1255 et
875 1223 957 1256 vita
981 1220 1179 1255 crudeliter
1206 1221 1388 1267 spoliatur
1411 1218 1496 1265 (18)

428 1335 515 1379 DE
554 1333 961 1376 ANDRONICO
1005 1333 1346 1375 COMNENO.

264 1447 339 1481 Lux.
366 1446 393 1479 1.
442 1445 565 1480 Aleoeii
590 1444 754 1490 elogium.
771 1444 857 1479 huic
879 1443 1040 1479 succedit
1056 1443 1289 1480 Andronicus
1305 1445 1521 1485 Comnenus,
1545 1445 1613 1490 qui

175 1496 247 1529 iam
272 1500 467 1539 provectae
507 1491 641 1525 aetatis
673 1491 815 1525 sobrini
850 1502 1017 1537 sponsam
1050 1490 1358 1525 adolescentulam
1381 1491 1541 1525 nondum
1565 1490 1614 1523 XI

176 1552 294 1575 annos
332 1547 456 1573 natam
481 1549 629 1572 uxorem
655 1536 765 1572 ducit.
799 1536 991 1584 pontifices
1024 1537 1238 1572 adulatores
1262 1536 1403 1572 deludit
1425 1546 1459 1572 et
1486 1538 1616 1572 merito

174 1587 338 1633 praemio
373 1584 497 1619 donat.
550 1583 768 1630 Lapardas,
810 1585 875 1617 vir
904 1583 1122 1624 bellicosus,
1160 1585 1204 1617 ab
1230 1583 1440 1619 Andronico
1464 1583 1614 1630 deficit,

178 1632 242 1666 sed
265 1634 489 1678 interceptus
528 1631 642 1664 erutis
679 1631 798 1664 oculis
821 1630 863 1662 in
886 1632 1145 1664 monasterium
1173 1632 1375 1665 coniicitur
1399 1630 1461 1673 (1).
1510 1631 1618 1665 Rela-

177 1680 278 1713 :catis
306 1678 404 1713 curis
429 1675 661 1711 Andronicus
683 1675 736 1710 ad
755 1677 932 1711 Nicaeam
965 1675 1198 1718 obsidendam
1219 1676 1482 1723 proficiscitur.
1506 1688 1620 1722 oppu-

179 1725 371 1772 gnationis
395 1723 501 1757 varii
523 1731 672 1756 eventus
700 1722 763 1767 (2).
814 1722 998 1756 Theodori
1014 1723 1262 1757 Cantacuzeni
1286 1725 1469 1758 interitus.
1498 1722 1620 1756 Isaaci

182 1770 316 1815 Angeli
342 1769 534 1814 segnities,
572 1769 721 1802 Nicolai
744 1768 934 1814 pontificis
959 1780 1080 1812 pavor
1089 1769 1174 1815 suit
1197 1771 1343 1804 occasio
1367 1771 1529 1804 Nicaeae
1555 1767 1619 1802 de-

181 1815 331 1851 dendae.
371 1817 412 1849 in
450 1814 652 1861 oppidanos
692 1817 812 1847 saevit
834 1813 1090 1855 Andronicus,
1116 1823 1150 1848 et
1175 1816 1361 1850 Isaacium
1387 1816 1539 1850 comiter
1561 1825 1623 1848 et-

185 1863 276 1908 cipit
302 1863 364 1904 (3).
411 1862 547 1895 Prusae
576 1859 779 1901 excidium,
808 1868 842 1894 et
869 1861 910 1894 in
937 1861 1158 1895 Prusaenses
1181 1861 1388 1896 Andronici
1410 1861 1622 1896 crudelitas.

184 1909 318 1952 Angeli
342 1906 525 1941 Theodori
547 1908 780 1946 excaecatio,
808 1906 986 1940 nobilium
1019 1908 1214 1942 multorum
1237 1909 1431 1955 supplicia.
1477 1906 1624 1942 Andro-

186 1955 266 1989 nici
291 1956 332 1987 in
364 1953 507 1987 theatro
541 1954 743 1997 periculum
768 1952 831 1998 (4).
878 1954 1045 1987 Isaacius
1071 1954 1271 1988 Comnenus
1297 1955 1451 2001 Cyprum
1469 1960 1626 1998 occupat

185 2009 220 2035 et
247 2001 289 2035 in
325 2011 368 2033 ea
395 2008 593 2043 tyrannum
627 2000 732 2044 agit,·
768 1997 863 2032 unde
894 1998 1107 2033 Andronico
1133 2009 1246 2035 metus
1270 2001 1332 2046 (5).
1379 2000 1625 2035 Macroducas

188 2046 451 2080 Constantinus
469 2054 502 2078 et
515 2045 639 2079 Ducas
661 2044 906 2085 Andronicus,
930 2045 1138 2081 Andronici
1149 2048 1364 2093 familiares
1388 2056 1422 2082 et
1445 2047 1626 2082 consilia-

187 2094 264 2132 rii,
293 2093 388 2126 mira
412 2090 570 2138 quadam
594 2092 741 2125 ratione
767 2092 894 2124 ultimo
933 2092 1150 2139 afficiuntur
1175 2094 1365 2140 supplicio.
1389 2094 1516 2139 populi
1539 2091 1627 2138 affi-

189 2147 265 2173 ctus
289 2138 354 2171 sub
379 2139 448 2172 illa
483 2137 706 2182 tyrannide,
741 2139 802 2172 cui
823 2137 1063 2173 Andronicus
1097 2141 1214 2185 legum
1241 2141 1496 2175 auctoritatem
1520 2149 1630 2183 prae-

188 2185 301 2228 texi15
326 2193 359 2218 et
378 2185 492 2230 paulo
514 2192 596 2229 post
615 2184 850 2218 Sebastianos
862 2185 1008 2230 fratres
1024 2186 1155 2232 laqueo
1184 2186 1338 2232 suffocat
1363 2186 1426 2232 (6).
1476 2186 1628 2220 Alexius

192 2231 419 2269 comnenus,
451 2231 635 2264 Manuelis
671 2242 715 2263 ex
741 2231 870 2276 fratre
910 2243 1040 2277 nepos,
1073 2234 1223 2268 Siciliae
1259 2245 1375 2278 regem
1402 2234 1441 2266 in
1467 2233 1628 2267 Graecos

191 2278 362 2311 concitat.
387 2277 632 2319 Dyrrachium
655 2284 689 2309 et
718 2277 1007 2312 Thessalonicam
1030 2279 1147 2313 Siculi
1175 2288 1365 2326 occupant.
1395 2278 1631 2314 Thessaloni·

192 2324 351 2357 censium
374 2323 461 2356 urhe
475 2321 599 2356 dedita
620 2323 788 2356 miseriae
810 2323 875 2378 (7).
922 2325 1127 2359 Siculorum
1154 2327 1402 2372 grassationes
1425 2324 1631 2359 horrendae

193 2371 235 2404 in
260 2369 623 2409 Thessalonicenses,
662 2370 728 2414 qui
763 2369 858 2403 domi
883 2381 919 2403 se
956 2372 1191 2406 continebant
1216 2373 1280 2417 (8).
1327 2371 1538 2407 Eorundem
1566 2372 1632 2404 im-

195 2417 356 2450 manitas
390 2417 430 2448 in
462 2417 634 2456 miseros,
670 2417 736 2462 qui
766 2415 915 2450 aedibus
948 2419 1088 2453 relictis
1117 2431 1184 2464 per
1205 2421 1312 2452 vicos
1334 2419 1575 2464 vagabantur
1598 2424 1634 2450 et

197 2463 237 2495 in
259 2462 392 2506 plateis
424 2461 671 2496 considebant.
710 2463 909 2496 insolentia
935 2464 975 2497 in
1000 2476 1059 2498 eos
1081 2467 1148 2509 qui
1171 2467 1364 2511 religionis
1389 2477 1475 2510 ergo
1500 2474 1635 2498 conve-

198 2508 348 2541 niebant
387 2509 428 2541 in
458 2509 608 2553 templis.
667 2508 885 2543 Eustathius
911 2510 1190 2545 Thessalonicae
1215 2513 1402 2558 episcopus
1427 2523 1494 2545 sua
1520 2512 1634 2544 inter*

199 2555 359 2587 cessione
395 2555 492 2588 cives
530 2554 698 2588 sublevat
723 2556 788 2598 (9).
845 2555 1052 2590 Andronici
1074 2557 1273 2592 crudelitas
1289 2560 1330 2591 in
1354 2560 1493 2592 Irenem
1514 2556 1636 2602 filiam

201 2599 366 2639 notham,
393 2599 618 2647 eiusdemque
643 2603 834 2635 maritum.-
864 2612 1114 2648 corruptorum
1146 2604 1307 2638 iudicum
1336 2606 1402 2652 qui
1427 2602 1638 2647 coniugium

204 2644 303 2678 istud
313 2646 559 2690 probaverant
576 2647 781 2680 insectatio.
800 2649 982 2683 Mamalus
992 2650 1111 2684 scriba
1127 2650 1375 2686 crudelissimo
1390 2651 1487 2695 ignis
1501 2648 1639 2693 suppli-

204 2693 262 2724 cio
286 2690 535 2736 affectu-5005.
582 2693 779 2739 Disypatus
795 2696 984 2739 Georgius,
1011 2698 1137 2737 magni
1150 2698 1275 2742 templi
1289 2699 1416 2736 lector,
1442 2695 1640 2730 coniicitur

207 2737 247 2770 in
276 2737 438 2773 vincula.
489 2739 708 2785 Tripsychus
734 2741 993 2775 Constantinus
1008 2742 1309 2790 diligentissimus
1328 2739 1541 2788 tyrannidis
1567 2743 1641 2776 An-
