<?xml version="1.0" encoding="UTF-8"?>
<!DOCTYPE html PUBLIC "-//W3C//DTD XHTML 1.0 Transitional//EN"
    "http://www.w3.org/TR/xhtml1/DTD/xhtml1-transitional.dtd">
<html xmlns="http://www.w3.org/1999/xhtml" xml:lang="en" lang="en">
 <head>
  <title>
</title>
<meta http-equiv="Content-Type" content="text/html;charset=utf-8" />
  <meta name='ocr-system' content='tesseract 3.04.00' />
  <meta name='ocr-capabilities' content='ocr_page ocr_carea ocr_par ocr_line ocrx_word'/>
</head>
<body>
  <div class='ocr_page' id='page_1' title='image "./corpusscriptorum41niebuoft/corpusscriptorum41niebuoft_0217.png"; bbox 0 0 1838 3210; ppageno 0'>
   <div class='ocr_carea' id='block_1_1' title="bbox 0 2349 3 2865">
    <p class='ocr_par' dir='ltr' id='par_1_1' title="bbox 0 2349 3 2865">
     <span class='ocr_line' id='line_1_1' title="bbox 0 2349 3 2865; baseline 0 0"><span class='ocrx_word' id='word_1_1' title='bbox 0 2349 3 2865; x_wconf 95' lang='lat' dir='ltr'> </span> 
     </span>
    </p>
   </div>
   <div class='ocr_carea' id='block_1_2' title="bbox 487 169 1652 244">
    <p class='ocr_par' dir='ltr' id='par_1_2' title="bbox 487 169 1652 244">
     <span class='ocr_line' id='line_1_2' title="bbox 487 169 1652 244; baseline -0.007 -9"><span class='ocrx_word' id='word_1_2' title='bbox 487 194 558 234; x_wconf 79' lang='lat' dir='ltr'>DE</span> <span class='ocrx_word' id='word_1_3' title='bbox 594 193 846 235; x_wconf 75' lang='lat' dir='ltr'><strong>MANUELE</strong></span> <span class='ocrx_word' id='word_1_4' title='bbox 881 190 1141 237; x_wconf 78' lang='lat' dir='ltr'>COMNENO</span> <span class='ocrx_word' id='word_1_5' title='bbox 1182 191 1279 239; x_wconf 78' lang='lat' dir='ltr'>Lm.-</span> <span class='ocrx_word' id='word_1_6' title='bbox 1312 192 1389 232; x_wconf 65' lang='lat' dir='ltr'>&gt;lv.</span> <span class='ocrx_word' id='word_1_7' title='bbox 1444 170 1446 172; x_wconf 74' lang='grc'>’</span> <span class='ocrx_word' id='word_1_8' title='bbox 1552 169 1652 244; x_wconf 83' lang='lat'>187</span> 
     </span>
    </p>
   </div>
   <div class='ocr_carea' id='block_1_3' title="bbox 155 286 1754 1855">
    <p class='ocr_par' dir='ltr' id='par_1_3' title="bbox 155 286 1754 1855">
     <span class='ocr_line' id='line_1_3' title="bbox 221 286 1656 346; baseline -0.001 -14"><span class='ocrx_word' id='word_1_9' title='bbox 221 290 294 334; x_wconf 65' lang='grc' dir='ltr'><strong><em>καὶ</em></strong></span> <span class='ocrx_word' id='word_1_10' title='bbox 320 290 376 339; x_wconf 76' lang='grc' dir='ltr'><strong><em>ὥς</em></strong></span> <span class='ocrx_word' id='word_1_11' title='bbox 404 288 575 345; x_wconf 59' lang='grc' dir='ltr'><strong><em>θύματα</em></strong></span> <span class='ocrx_word' id='word_1_12' title='bbox 603 287 912 346; x_wconf 80' lang='grc' dir='ltr'><strong><em>σφαγιάζοντες,</em></strong></span> <span class='ocrx_word' id='word_1_13' title='bbox 941 287 996 340; x_wconf 80' lang='grc' dir='ltr'><strong><em>ὥς</em></strong></span> <span class='ocrx_word' id='word_1_14' title='bbox 1027 287 1164 343; x_wconf 77' lang='grc' dir='ltr'><strong><em>ἔχοιεν</em></strong></span> <span class='ocrx_word' id='word_1_15' title='bbox 1194 291 1266 346; x_wconf 75' lang='grc' dir='ltr'>ἐφ’</span> <span class='ocrx_word' id='word_1_16' title='bbox 1295 288 1473 344; x_wconf 74' lang='grc' dir='ltr'><strong><em>ἡσυχίας</em></strong></span> <span class='ocrx_word' id='word_1_17' title='bbox 1501 286 1656 343; x_wconf 74' lang='grc' dir='ltr'><strong><em>δήπου-</em></strong></span> 
     </span>
     <span class='ocr_line' id='line_1_4' title="bbox 220 351 1656 412; baseline -0.003 -14"><span class='ocrx_word' id='word_1_18' title='bbox 220 360 294 399; x_wconf 84' lang='grc' dir='ltr'>θεν</span> <span class='ocrx_word' id='word_1_19' title='bbox 322 351 434 398; x_wconf 78' lang='grc' dir='ltr'><strong><em>οὗτοι</em></strong></span> <span class='ocrx_word' id='word_1_20' title='bbox 461 359 631 398; x_wconf 80' lang='grc' dir='ltr'><strong><em>σπαθᾶν</em></strong></span> <span class='ocrx_word' id='word_1_21' title='bbox 660 354 732 397; x_wconf 78' lang='grc' dir='ltr'><em>καί</em></span> <span class='ocrx_word' id='word_1_22' title='bbox 756 354 812 405; x_wconf 79' lang='grc' dir='ltr'><strong><em>ὥς</em></strong></span> <span class='ocrx_word' id='word_1_23' title='bbox 840 358 1028 412; x_wconf 72' lang='grc' dir='ltr'><strong><em>πατρῷον</em></strong></span> <span class='ocrx_word' id='word_1_24' title='bbox 1055 356 1206 410; x_wconf 77' lang='grc' dir='ltr'><strong><em>κλῆρον</em></strong></span> <span class='ocrx_word' id='word_1_25' title='bbox 1233 355 1550 409; x_wconf 72' lang='grc' dir='ltr'><em>καθηδυπαθεῖν</em></span> <span class='ocrx_word' id='word_1_26' title='bbox 1577 367 1656 406; x_wconf 81' lang='grc' dir='ltr'>μο-</span> 
     </span>
     <span class='ocr_line' id='line_1_5' title="bbox 219 418 1655 477; baseline -0.003 -13"><span class='ocrx_word' id='word_1_27' title='bbox 219 424 397 465; x_wconf 80' lang='grc' dir='ltr'><strong><em>νώτατοι</em></strong></span> <span class='ocrx_word' id='word_1_28' title='bbox 423 424 475 464; x_wconf 76' lang='grc' dir='ltr'><strong><em>τὰ</em></strong></span> <span class='ocrx_word' id='word_1_29' title='bbox 507 421 688 477; x_wconf 74' lang='grc' dir='ltr'><strong><em>δημόσια</em></strong></span> <span class='ocrx_word' id='word_1_30' title='bbox 715 423 788 461; x_wconf 79' lang='grc' dir='ltr'>καί</span> <span class='ocrx_word' id='word_1_31' title='bbox 813 418 871 469; x_wconf 77' lang='grc' dir='ltr'><strong><em>ὥς</em></strong></span> <span class='ocrx_word' id='word_1_32' title='bbox 902 419 1184 474; x_wconf 66' lang='grc' dir='ltr'><strong><em>ἀνδραπόδοις</em></strong></span> <span class='ocrx_word' id='word_1_33' title='bbox 1206 422 1399 474; x_wconf 80' lang='grc' dir='ltr'><strong><em>χρῆσθαι</em></strong></span> <span class='ocrx_word' id='word_1_34' title='bbox 1427 425 1513 468; x_wconf 85' lang='grc' dir='ltr'><strong><em>τοῖς</em></strong></span> <span class='ocrx_word' id='word_1_35' title='bbox 1539 421 1655 461; x_wconf 75' lang='grc' dir='ltr'><strong><em>ἔλευ-</em></strong></span> 
     </span>
     <span class='ocr_line' id='line_1_6' title="bbox 219 481 1654 544; baseline -0.003 -14"><span class='ocrx_word' id='word_1_36' title='bbox 219 489 362 544; x_wconf 84' lang='grc' dir='ltr'><strong><em>θέροις</em></strong></span> <span class='ocrx_word' id='word_1_37' title='bbox 381 489 454 530; x_wconf 83' lang='grc' dir='ltr'>καί</span> <span class='ocrx_word' id='word_1_38' title='bbox 479 487 537 536; x_wconf 74' lang='grc' dir='ltr'><strong><em>ὥς</em></strong></span> <span class='ocrx_word' id='word_1_39' title='bbox 555 487 721 541; x_wconf 75' lang='grc' dir='ltr'><em>ὠνητοῖς</em></span> <span class='ocrx_word' id='word_1_40' title='bbox 740 490 823 535; x_wconf 85' lang='grc' dir='ltr'><strong><em>τοῖς</em></strong></span> <span class='ocrx_word' id='word_1_41' title='bbox 853 485 1092 541; x_wconf 66' lang='grc' dir='ltr'><strong><em>α’ξιωτέροις</em></strong></span> <span class='ocrx_word' id='word_1_42' title='bbox 1106 488 1236 528; x_wconf 77' lang='grc' dir='ltr'><strong><em>ἐνίοτε</em></strong></span> <span class='ocrx_word' id='word_1_43' title='bbox 1263 481 1408 541; x_wconf 68' lang='grc' dir='ltr'><strong><em>ἄρχειν</em></strong></span> <span class='ocrx_word' id='word_1_44' title='bbox 1423 484 1654 541; x_wconf 81' lang='grc' dir='ltr'><strong><em>προσφέρε·</em></strong></span> 
     </span>
     <span class='ocr_line' id='line_1_7' title="bbox 186 549 1654 607; baseline -0.003 -11"><span class='ocrx_word' id='word_1_45' title='bbox 186 557 349 607; x_wconf 71' lang='grc' dir='ltr'><strong><em>ὅσθαι,</em></strong></span> <span class='ocrx_word' id='word_1_46' title='bbox 386 555 521 602; x_wconf 78' lang='grc' dir='ltr'><strong><em>κακῶς</em></strong></span> <span class='ocrx_word' id='word_1_47' title='bbox 549 550 704 601; x_wconf 76' lang='grc' dir='ltr'><strong><em>εἰδότες</em></strong></span> <span class='ocrx_word' id='word_1_48' title='bbox 733 552 805 592; x_wconf 80' lang='grc' dir='ltr'><em>καί</em></span> <span class='ocrx_word' id='word_1_49' title='bbox 829 551 877 593; x_wconf 83' lang='grc' dir='ltr'><strong><em>τὸ</em></strong></span> <span class='ocrx_word' id='word_1_50' title='bbox 915 557 1084 607; x_wconf 78' lang='grc' dir='ltr'><em>φρονεῖν</em></span> <span class='ocrx_word' id='word_1_51' title='bbox 1111 549 1194 592; x_wconf 71' lang='grc' dir='ltr'>ὑπὸ</span> <span class='ocrx_word' id='word_1_52' title='bbox 1224 553 1295 604; x_wconf 82' lang='grc' dir='ltr'>τῆς</span> <span class='ocrx_word' id='word_1_53' title='bbox 1323 552 1512 600; x_wconf 78' lang='grc' dir='ltr'><strong><em>ἐξουσίας</em></strong></span> <span class='ocrx_word' id='word_1_54' title='bbox 1541 549 1654 607; x_wconf 82' lang='grc' dir='ltr'><strong><em>οἷφῃ-</em></strong></span> 
     </span>
     <span class='ocr_line' id='line_1_8' title="bbox 221 613 1653 674; baseline -0.003 -14"><span class='ocrx_word' id='word_1_55' title='bbox 221 622 392 674; x_wconf 82' lang='grc' dir='ltr'><strong><em>ρημένοι</em></strong></span> <span class='ocrx_word' id='word_1_56' title='bbox 427 617 499 660; x_wconf 79' lang='grc' dir='ltr'>καὶ</span> <span class='ocrx_word' id='word_1_57' title='bbox 525 615 787 671; x_wconf 81' lang='grc' dir='ltr'><strong><em>κακοβούλως</em></strong></span> <span class='ocrx_word' id='word_1_58' title='bbox 808 618 890 659; x_wconf 75' lang='grc' dir='ltr'><strong><em>ταῖν</em></strong></span> <span class='ocrx_word' id='word_1_59' title='bbox 926 614 1129 672; x_wconf 86' lang='grc' dir='ltr'><strong><em>πρότριτα</em></strong></span> <span class='ocrx_word' id='word_1_60' title='bbox 1157 615 1478 669; x_wconf 81' lang='grc' dir='ltr'><strong><em>λανθανόμενοι.</em></strong></span> <span class='ocrx_word' id='word_1_61' title='bbox 1531 615 1602 657; x_wconf 85' lang='grc' dir='ltr'><strong><em>καί</em></strong></span> <span class='ocrx_word' id='word_1_62' title='bbox 1630 613 1653 655; x_wconf 77' lang='grc' dir='ltr'><strong><em>ὅ</em></strong></span> 
     </span>
     <span class='ocr_line' id='line_1_9' title="bbox 218 677 1655 739; baseline -0.004 -11"><span class='ocrx_word' id='word_1_63' title='bbox 218 683 428 739; x_wconf 81' lang='grc' dir='ltr'><strong><em>Μανουὴλ</em></strong></span> <span class='ocrx_word' id='word_1_64' title='bbox 468 687 610 726; x_wconf 78' lang='grc' dir='ltr'><strong><em>τοίνυν</em></strong></span> <span class='ocrx_word' id='word_1_65' title='bbox 653 682 776 725; x_wconf 72' lang='grc' dir='ltr'><strong><em>οῦδὲν</em></strong></span> <span class='ocrx_word' id='word_1_66' title='bbox 812 677 942 738; x_wconf 70' lang='grc' dir='ltr'><strong><em>ἄχαρι</em></strong></span> <span class='ocrx_word' id='word_1_67' title='bbox 981 680 1091 736; x_wconf 81' lang='grc' dir='ltr'><strong><em>ἔχων</em></strong></span> <span class='ocrx_word' id='word_1_68' title='bbox 1130 682 1368 736; x_wconf 80' lang='grc' dir='ltr'><strong><em>ἒπεγκαλεῖν</em></strong></span> <span class='ocrx_word' id='word_1_69' title='bbox 1402 684 1570 739; x_wconf 79' lang='grc' dir='ltr'><strong><em>Ἀλεξίῳ</em></strong></span> <span class='ocrx_word' id='word_1_70' title='bbox 1596 683 1655 738; x_wconf 73' lang='grc' dir='ltr'><strong><em>τῷ</em></strong></span> 
     </span>
     <span class='ocr_line' id='line_1_10' title="bbox 218 743 1655 804; baseline -0.002 -13"><span class='ocrx_word' id='word_1_71' title='bbox 218 746 572 804; x_wconf 78' lang='grc' dir='ltr'><strong><em>πρωτοστροίτορι,</em></strong></span> <span class='ocrx_word' id='word_1_72' title='bbox 600 743 626 803; x_wconf 78' lang='grc' dir='ltr'>ἢ</span> <span class='ocrx_word' id='word_1_73' title='bbox 657 744 680 789; x_wconf 80' lang='grc' dir='ltr'>δ’</span> <span class='ocrx_word' id='word_1_74' title='bbox 706 764 747 790; x_wconf 94' lang='grc' dir='ltr'>τι</span> <span class='ocrx_word' id='word_1_75' title='bbox 775 746 881 797; x_wconf 81' lang='grc' dir='ltr'><strong><em>ὅλως</em></strong></span> <span class='ocrx_word' id='word_1_76' title='bbox 911 745 1251 803; x_wconf 77' lang='grc' dir='ltr'><strong><em>παραλελύπηκεν</em></strong></span> <span class='ocrx_word' id='word_1_77' title='bbox 1277 743 1306 802; x_wconf 78' lang='grc' dir='ltr'><em>ἢ</em></span> <span class='ocrx_word' id='word_1_78' title='bbox 1330 748 1655 802; x_wconf 82' lang='grc' dir='ltr'><strong><em>παρηνώχλησεν</em></strong></span> 
     </span>
     <span class='ocr_line' id='line_1_11' title="bbox 218 811 1754 870; baseline -0.002 -14"><span class='ocrx_word' id='word_1_79' title='bbox 218 811 247 870; x_wconf 77' lang='grc' dir='ltr'><em>ἢ</em></span> <span class='ocrx_word' id='word_1_80' title='bbox 277 817 350 870; x_wconf 78' lang='grc' dir='ltr'><strong><em>τῆς</em></strong></span> <span class='ocrx_word' id='word_1_81' title='bbox 385 813 658 870; x_wconf 82' lang='grc' dir='ltr'><strong><em>ὄφειλομένης</em></strong></span> <span class='ocrx_word' id='word_1_82' title='bbox 697 814 861 863; x_wconf 77' lang='grc' dir='ltr'><strong><em>εὐνοίας</em></strong></span> <span class='ocrx_word' id='word_1_83' title='bbox 900 815 973 855; x_wconf 81' lang='grc' dir='ltr'><em>καί</em></span> <span class='ocrx_word' id='word_1_84' title='bbox 996 814 1170 862; x_wconf 83' lang='grc' dir='ltr'><strong><em>πίστεως</em></strong></span> <span class='ocrx_word' id='word_1_85' title='bbox 1200 815 1418 869; x_wconf 82' lang='grc' dir='ltr'><strong><em>καθυφῆκε</em></strong></span> <span class='ocrx_word' id='word_1_86' title='bbox 1445 812 1586 868; x_wconf 80' lang='grc' dir='ltr'><strong><em>βραχύ</em></strong></span> <span class='ocrx_word' id='word_1_87' title='bbox 1613 828 1652 854; x_wconf 92' lang='grc' dir='ltr'>τι</span> <span class='ocrx_word' id='word_1_88' title='bbox 1665 819 1754 866; x_wconf 49' lang='lat'>1294</span> 
     </span>
     <span class='ocr_line' id='line_1_12' title="bbox 163 873 1653 935; baseline -0.001 -13"><span class='ocrx_word' id='word_1_89' title='bbox 163 882 316 934; x_wconf 77' lang='grc' dir='ltr'><strong><em>ιογοῦν</em></strong></span> <span class='ocrx_word' id='word_1_90' title='bbox 347 881 577 935; x_wconf 79' lang='grc' dir='ltr'><strong><em>α’ντίρροπα</em></strong></span> <span class='ocrx_word' id='word_1_91' title='bbox 609 876 768 934; x_wconf 70' lang='grc' dir='ltr'><strong><em>δράσας</em></strong></span> <span class='ocrx_word' id='word_1_92' title='bbox 811 873 870 920; x_wconf 69' lang='grc' dir='ltr'><strong><em>ὧν</em></strong></span> <span class='ocrx_word' id='word_1_93' title='bbox 897 876 968 919; x_wconf 68' lang='grc' dir='ltr'>ὕπ’</span> <span class='ocrx_word' id='word_1_94' title='bbox 1007 879 1142 921; x_wconf 71' lang='grc' dir='ltr'><strong><em>αὐτοῦ</em></strong></span> <span class='ocrx_word' id='word_1_95' title='bbox 1167 881 1374 920; x_wconf 74' lang='grc' dir='ltr'>πέπονθεν</span> <span class='ocrx_word' id='word_1_96' title='bbox 1401 873 1471 931; x_wconf 70' lang='grc' dir='ltr'><strong><em>εὖ,</em></strong></span> <span class='ocrx_word' id='word_1_97' title='bbox 1499 880 1573 920; x_wconf 83' lang='grc' dir='ltr'>καί</span> <span class='ocrx_word' id='word_1_98' title='bbox 1595 877 1653 928; x_wconf 77' lang='grc' dir='ltr'><strong><em>ὥς</em></strong></span> 
     </span>
     <span class='ocr_line' id='line_1_13' title="bbox 218 942 1652 1000; baseline -0.001 -13"><span class='ocrx_word' id='word_1_99' title='bbox 218 946 290 987; x_wconf 85' lang='grc' dir='ltr'>ἑπί</span> <span class='ocrx_word' id='word_1_100' title='bbox 317 946 445 999; x_wconf 78' lang='grc' dir='ltr'><strong><em>ζυγοῦ</em></strong></span> <span class='ocrx_word' id='word_1_101' title='bbox 470 943 544 999; x_wconf 78' lang='grc' dir='ltr'>τὴν</span> <span class='ocrx_word' id='word_1_102' title='bbox 570 942 720 1000; x_wconf 74' lang='grc' dir='ltr'><strong><em>ἑτέραν</em></strong></span> <span class='ocrx_word' id='word_1_103' title='bbox 749 945 1001 999; x_wconf 76' lang='grc' dir='ltr'><strong><em>παρήνεγκεν</em></strong></span> <span class='ocrx_word' id='word_1_104' title='bbox 1029 943 1283 998; x_wconf 79' lang='grc' dir='ltr'><strong><em>πλάστιγγα,</em></strong></span> <span class='ocrx_word' id='word_1_105' title='bbox 1307 946 1351 995; x_wconf 79' lang='grc' dir='ltr'>ἐξ</span> <span class='ocrx_word' id='word_1_106' title='bbox 1380 944 1579 993; x_wconf 73' lang='grc' dir='ltr'><strong><em>ὑπονοίας</em></strong></span> <span class='ocrx_word' id='word_1_107' title='bbox 1605 945 1652 986; x_wconf 75' lang='grc' dir='ltr'>δὲ</span> 
     </span>
     <span class='ocr_line' id='line_1_14' title="bbox 217 1006 1651 1066; baseline -0.001 -14"><span class='ocrx_word' id='word_1_108' title='bbox 217 1010 346 1066; x_wconf 84' lang='grc' dir='ltr'><strong><em>μόνης</em></strong></span> <span class='ocrx_word' id='word_1_109' title='bbox 389 1008 648 1065; x_wconf 79' lang='grc' dir='ltr'><strong><em>ὁρμώμενος,</em></strong></span> <span class='ocrx_word' id='word_1_110' title='bbox 687 1007 951 1064; x_wconf 80' lang='grc' dir='ltr'><strong><em>κακοσχόλοον</em></strong></span> <span class='ocrx_word' id='word_1_111' title='bbox 991 1011 1139 1063; x_wconf 76' lang='grc' dir='ltr'><strong><em>τινῶν,</em></strong></span> <span class='ocrx_word' id='word_1_112' title='bbox 1185 1007 1242 1058; x_wconf 77' lang='grc' dir='ltr'><strong><em>ὦς</em></strong></span> <span class='ocrx_word' id='word_1_113' title='bbox 1269 1006 1516 1063; x_wconf 76' lang='grc' dir='ltr'><strong><em>ἄνθρωπος,</em></strong></span> <span class='ocrx_word' id='word_1_114' title='bbox 1541 1007 1651 1051; x_wconf 73' lang='grc' dir='ltr'><strong><em>ὑπα-</em></strong></span> 
     </span>
     <span class='ocr_line' id='line_1_15' title="bbox 217 1070 1652 1132; baseline 0.001 -15"><span class='ocrx_word' id='word_1_115' title='bbox 217 1075 340 1130; x_wconf 72' lang='grc' dir='ltr'><strong><em>χθείς</em></strong></span> <span class='ocrx_word' id='word_1_116' title='bbox 379 1076 662 1132; x_wconf 74' lang='grc' dir='ltr'><strong><em>ὑφηγήσεσιν,</em></strong></span> <span class='ocrx_word' id='word_1_117' title='bbox 706 1077 752 1118; x_wconf 82' lang='grc' dir='ltr'>ἐκ</span> <span class='ocrx_word' id='word_1_118' title='bbox 792 1077 869 1117; x_wconf 81' lang='grc' dir='ltr'><strong><em>τοῦ</em></strong></span> <span class='ocrx_word' id='word_1_119' title='bbox 891 1073 960 1117; x_wconf 84' lang='grc' dir='ltr'>τὸν</span> <span class='ocrx_word' id='word_1_120' title='bbox 1002 1070 1139 1130; x_wconf 69' lang='grc' dir='ltr'><strong><em>ἄνδρα</em></strong></span> <span class='ocrx_word' id='word_1_121' title='bbox 1167 1074 1274 1131; x_wconf 76' lang='grc' dir='ltr'><strong><em>ὁρᾶν</em></strong></span> <span class='ocrx_word' id='word_1_122' title='bbox 1305 1074 1379 1116; x_wconf 83' lang='grc' dir='ltr'>καί</span> <span class='ocrx_word' id='word_1_123' title='bbox 1407 1081 1652 1130; x_wconf 80' lang='grc' dir='ltr'><strong><em>στρατηγοῖς</em></strong></span> 
     </span>
     <span class='ocr_line' id='line_1_16' title="bbox 218 1139 1654 1199; baseline 0.001 -17"><span class='ocrx_word' id='word_1_124' title='bbox 218 1141 291 1183; x_wconf 85' lang='grc' dir='ltr'><strong><em>καί</em></strong></span> <span class='ocrx_word' id='word_1_125' title='bbox 332 1139 606 1198; x_wconf 80' lang='grc' dir='ltr'><strong><em>στρατιώταις</em></strong></span> <span class='ocrx_word' id='word_1_126' title='bbox 646 1141 853 1197; x_wconf 78' lang='grc' dir='ltr'><strong><em>ἐρώμενον</em></strong></span> <span class='ocrx_word' id='word_1_127' title='bbox 892 1142 967 1182; x_wconf 83' lang='grc' dir='ltr'><em>καί</em></span> <span class='ocrx_word' id='word_1_128' title='bbox 1005 1144 1213 1199; x_wconf 75' lang='grc' dir='ltr'><strong><em>φιλοτίμῳ</em></strong></span> <span class='ocrx_word' id='word_1_129' title='bbox 1251 1140 1391 1197; x_wconf 79' lang='grc' dir='ltr'><strong><em>γνώμῃ</em></strong></span> <span class='ocrx_word' id='word_1_130' title='bbox 1438 1144 1512 1182; x_wconf 81' lang='grc' dir='ltr'>καί</span> <span class='ocrx_word' id='word_1_131' title='bbox 1536 1140 1654 1197; x_wconf 71' lang='grc' dir='ltr'><strong><em>χειρὶ</em></strong></span> 
     </span>
     <span class='ocr_line' id='line_1_17' title="bbox 160 1203 1652 1264; baseline -0.001 -14"><span class='ocrx_word' id='word_1_132' title='bbox 160 1204 441 1264; x_wconf 72' lang='grc' dir='ltr'><strong><em>ιόφιλοὸωρῳ</em></strong></span> <span class='ocrx_word' id='word_1_133' title='bbox 466 1205 572 1262; x_wconf 83' lang='grc' dir='ltr'><strong><em>πρὸς</em></strong></span> <span class='ocrx_word' id='word_1_134' title='bbox 594 1203 780 1256; x_wconf 81' lang='grc' dir='ltr'><strong><em>ἅπαντας</em></strong></span> <span class='ocrx_word' id='word_1_135' title='bbox 807 1204 1046 1262; x_wconf 74' lang='grc' dir='ltr'><strong><em>χρώμενον,</em></strong></span> <span class='ocrx_word' id='word_1_136' title='bbox 1075 1204 1175 1255; x_wconf 85' lang='grc' dir='ltr'><strong><em>ἴσως</em></strong></span> <span class='ocrx_word' id='word_1_137' title='bbox 1206 1208 1251 1249; x_wconf 84' lang='grc' dir='ltr'>δὲ</span> <span class='ocrx_word' id='word_1_138' title='bbox 1279 1209 1352 1248; x_wconf 86' lang='grc' dir='ltr'><em>καί</em></span> <span class='ocrx_word' id='word_1_139' title='bbox 1380 1207 1458 1248; x_wconf 79' lang='grc' dir='ltr'><strong><em>τοῦ</em></strong></span> <span class='ocrx_word' id='word_1_140' title='bbox 1472 1207 1652 1261; x_wconf 87' lang='grc' dir='ltr'><strong><em>προσόν-</em></strong></span> 
     </span>
     <span class='ocr_line' id='line_1_18' title="bbox 216 1268 1688 1329; baseline 0 -15"><span class='ocrx_word' id='word_1_141' title='bbox 216 1289 286 1322; x_wconf 87' lang='grc' dir='ltr'>τος</span> <span class='ocrx_word' id='word_1_142' title='bbox 322 1268 436 1329; x_wconf 59' lang='lat' dir='ltr'>mitrii</span> <span class='ocrx_word' id='word_1_143' title='bbox 474 1269 656 1315; x_wconf 78' lang='grc' dir='ltr'><strong><em>πλούτου</em></strong></span> <span class='ocrx_word' id='word_1_144' title='bbox 698 1269 928 1328; x_wconf 75' lang='grc' dir='ltr'><strong><em>ὖποτύφων</em></strong></span> <span class='ocrx_word' id='word_1_145' title='bbox 965 1270 1134 1329; x_wconf 81' lang='grc' dir='ltr'><strong><em>ἔφεσιν,</em></strong></span> <span class='ocrx_word' id='word_1_146' title='bbox 1175 1269 1457 1326; x_wconf 76' lang='grc' dir='ltr'><strong><em>συλλαμβάνει</em></strong></span> <span class='ocrx_word' id='word_1_147' title='bbox 1498 1273 1688 1314; x_wconf 82' lang='grc' dir='ltr'><strong><em>τοῦτονΒ</em></strong></span> 
     </span>
     <span class='ocr_line' id='line_1_19' title="bbox 218 1336 1651 1395; baseline 0 -17"><span class='ocrx_word' id='word_1_148' title='bbox 218 1337 374 1392; x_wconf 77' lang='grc' dir='ltr'><strong><em>διάγων</em></strong></span> <span class='ocrx_word' id='word_1_149' title='bbox 401 1339 446 1379; x_wconf 80' lang='grc' dir='ltr'><strong><em>ἐν</em></strong></span> <span class='ocrx_word' id='word_1_150' title='bbox 466 1339 666 1395; x_wconf 74' lang='grc' dir='ltr'><strong><em>Σαρδικῇ,</em></strong></span> <span class='ocrx_word' id='word_1_151' title='bbox 703 1338 828 1394; x_wconf 80' lang='grc' dir='ltr'><strong><em>μήπω</em></strong></span> <span class='ocrx_word' id='word_1_152' title='bbox 866 1336 1207 1394; x_wconf 79' lang='grc' dir='ltr'><strong><em>ἐπιφαυσκούσης</em></strong></span> <span class='ocrx_word' id='word_1_153' title='bbox 1235 1336 1414 1394; x_wconf 79' lang='grc' dir='ltr'><strong><em>ἡμέρας,</em></strong></span> <span class='ocrx_word' id='word_1_154' title='bbox 1441 1340 1491 1395; x_wconf 85' lang='grc' dir='ltr'><strong><em>τῇ</em></strong></span> <span class='ocrx_word' id='word_1_155' title='bbox 1521 1339 1651 1395; x_wconf 75' lang='grc' dir='ltr'><strong><em>οἰκείᾳ</em></strong></span> 
     </span>
     <span class='ocr_line' id='line_1_20' title="bbox 215 1399 1649 1458; baseline 0.001 -13"><span class='ocrx_word' id='word_1_156' title='bbox 215 1403 276 1446; x_wconf 81' lang='grc' dir='ltr'>ἔτι</span> <span class='ocrx_word' id='word_1_157' title='bbox 310 1403 681 1457; x_wconf 72' lang='grc' dir='ltr'><strong><em>συγκατακειμενον</em></strong></span> <span class='ocrx_word' id='word_1_158' title='bbox 735 1404 996 1458; x_wconf 75' lang='grc' dir='ltr'><strong><em>ὄμευνὲτιδι,</em></strong></span> <span class='ocrx_word' id='word_1_159' title='bbox 1035 1405 1107 1446; x_wconf 79' lang='grc' dir='ltr'>καί</span> <span class='ocrx_word' id='word_1_160' title='bbox 1149 1405 1204 1446; x_wconf 85' lang='grc' dir='ltr'>ου’</span> <span class='ocrx_word' id='word_1_161' title='bbox 1232 1402 1359 1458; x_wconf 83' lang='grc' dir='ltr'><strong><em>μόνον</em></strong></span> <span class='ocrx_word' id='word_1_162' title='bbox 1398 1405 1480 1447; x_wconf 76' lang='grc' dir='ltr'>τῶν</span> <span class='ocrx_word' id='word_1_163' title='bbox 1519 1399 1649 1446; x_wconf 73' lang='grc' dir='ltr'><strong><em>ὄντων</em></strong></span> 
     </span>
     <span class='ocr_line' id='line_1_21' title="bbox 217 1467 1652 1527; baseline 0 -16"><span class='ocrx_word' id='word_1_164' title='bbox 217 1467 414 1511; x_wconf 75' lang='grc' dir='ltr'><strong><em>ἁπάντων</em></strong></span> <span class='ocrx_word' id='word_1_165' title='bbox 441 1469 688 1524; x_wconf 86' lang='grc' dir='ltr'><strong><em>οἷπογυμνοῖ,</em></strong></span> <span class='ocrx_word' id='word_1_166' title='bbox 717 1467 823 1513; x_wconf 73' lang='grc' dir='ltr'><em>ἀλλὰ</em></span> <span class='ocrx_word' id='word_1_167' title='bbox 865 1473 938 1513; x_wconf 84' lang='grc' dir='ltr'>καί</span> <span class='ocrx_word' id='word_1_168' title='bbox 962 1471 1022 1520; x_wconf 85' lang='grc' dir='ltr'>εἰς</span> <span class='ocrx_word' id='word_1_169' title='bbox 1051 1468 1239 1525; x_wconf 81' lang='grc' dir='ltr'><strong><em>μοναχὸν</em></strong></span> <span class='ocrx_word' id='word_1_170' title='bbox 1266 1471 1490 1527; x_wconf 84' lang='grc' dir='ltr'><strong><em>α’ποκείρας</em></strong></span> <span class='ocrx_word' id='word_1_171' title='bbox 1515 1472 1562 1513; x_wconf 75' lang='grc' dir='ltr'><strong><em>ἐν</em></strong></span> <span class='ocrx_word' id='word_1_172' title='bbox 1587 1467 1652 1512; x_wconf 72' lang='grc' dir='ltr'><strong><em>ἔνι’</em></strong></span> 
     </span>
     <span class='ocr_line' id='line_1_22' title="bbox 155 1531 1647 1593; baseline -0.001 -14"><span class='ocrx_word' id='word_1_173' title='bbox 155 1538 299 1579; x_wconf 72' lang='grc' dir='ltr'><strong><em>αοταῖν</em></strong></span> <span class='ocrx_word' id='word_1_174' title='bbox 339 1534 444 1578; x_wconf 77' lang='grc' dir='ltr'><strong><em>κατὰ</em></strong></span> <span class='ocrx_word' id='word_1_175' title='bbox 490 1534 537 1577; x_wconf 87' lang='grc' dir='ltr'><strong><em>τὸ</em></strong></span> <span class='ocrx_word' id='word_1_176' title='bbox 580 1535 807 1579; x_wconf 81' lang='grc' dir='ltr'><strong><em>Παπύκιον</em></strong></span> <span class='ocrx_word' id='word_1_177' title='bbox 850 1531 947 1592; x_wconf 81' lang='grc' dir='ltr'><strong><em>ὄρος</em></strong></span> <span class='ocrx_word' id='word_1_178' title='bbox 985 1539 1317 1593; x_wconf 79' lang='grc' dir='ltr'><strong><em>φροντιστηρίων</em></strong></span> <span class='ocrx_word' id='word_1_179' title='bbox 1351 1541 1647 1592; x_wconf 83' lang='grc' dir='ltr'><strong><em>παραρριπτεῖ.</em></strong></span> 
     </span>
     <span class='ocr_line' id='line_1_23' title="bbox 216 1598 1648 1660; baseline 0.001 -18"><span class='ocrx_word' id='word_1_180' title='bbox 216 1602 285 1643; x_wconf 82' lang='grc' dir='ltr'>ἴνα</span> <span class='ocrx_word' id='word_1_181' title='bbox 326 1603 373 1643; x_wconf 76' lang='grc' dir='ltr'>δὲ</span> <span class='ocrx_word' id='word_1_182' title='bbox 397 1599 455 1656; x_wconf 70' lang='grc' dir='ltr'>μή</span> <span class='ocrx_word' id='word_1_183' title='bbox 492 1598 520 1660; x_wconf 79' lang='grc' dir='ltr'><em>ᾗ</em></span> <span class='ocrx_word' id='word_1_184' title='bbox 547 1601 593 1644; x_wconf 87' lang='grc' dir='ltr'><strong><em>τὸ</em></strong></span> <span class='ocrx_word' id='word_1_185' title='bbox 637 1605 831 1658; x_wconf 84' lang='grc' dir='ltr'><strong><em>πραχθὲν</em></strong></span> <span class='ocrx_word' id='word_1_186' title='bbox 871 1603 1187 1659; x_wconf 85' lang='grc' dir='ltr'><strong><em>α’προφάσιστον</em></strong></span> <span class='ocrx_word' id='word_1_187' title='bbox 1225 1602 1299 1645; x_wconf 82' lang='grc' dir='ltr'><em>καί</em></span> <span class='ocrx_word' id='word_1_188' title='bbox 1336 1605 1549 1658; x_wconf 85' lang='grc' dir='ltr'><strong><em>προῦπτον</em></strong></span> <span class='ocrx_word' id='word_1_189' title='bbox 1576 1601 1648 1644; x_wconf 74' lang='grc' dir='ltr'><strong><em>διὰ</em></strong></span> 
     </span>
     <span class='ocr_line' id='line_1_24' title="bbox 216 1665 1650 1724; baseline 0 -15"><span class='ocrx_word' id='word_1_190' title='bbox 216 1669 336 1710; x_wconf 80' lang='grc' dir='ltr'><strong><em>τοῦτο</em></strong></span> <span class='ocrx_word' id='word_1_191' title='bbox 371 1666 416 1709; x_wconf 86' lang='grc' dir='ltr'>τὸ</span> <span class='ocrx_word' id='word_1_192' title='bbox 466 1667 685 1721; x_wconf 86' lang='grc' dir='ltr'><strong><em>βασιλικὸν</em></strong></span> <span class='ocrx_word' id='word_1_193' title='bbox 727 1667 912 1724; x_wconf 73' lang='grc' dir='ltr'><strong><em>ἀδίκημά</em></strong></span> <span class='ocrx_word' id='word_1_194' title='bbox 942 1685 987 1712; x_wconf 87' lang='grc' dir='ltr'>τε</span> <span class='ocrx_word' id='word_1_195' title='bbox 1030 1668 1103 1711; x_wconf 80' lang='grc' dir='ltr'>καὶ</span> <span class='ocrx_word' id='word_1_196' title='bbox 1129 1665 1429 1724; x_wconf 78' lang='grc' dir='ltr'><strong><em>ἇσχημόνημα,</em></strong></span> <span class='ocrx_word' id='word_1_197' title='bbox 1459 1666 1498 1710; x_wconf 85' lang='grc' dir='ltr'>οἷ</span> <span class='ocrx_word' id='word_1_198' title='bbox 1525 1682 1650 1710; x_wconf 89' lang='grc' dir='ltr'><strong><em>συκο-</em></strong></span> 
     </span>
     <span class='ocr_line' id='line_1_25' title="bbox 221 1730 1653 1791; baseline 0 -17"><span class='ocrx_word' id='word_1_199' title='bbox 221 1733 376 1787; x_wconf 80' lang='grc' dir='ltr'><strong><em>φάνται</em></strong></span> <span class='ocrx_word' id='word_1_200' title='bbox 403 1735 596 1789; x_wconf 84' lang='grc' dir='ltr'><strong><em>παρῆσαν</em></strong></span> <span class='ocrx_word' id='word_1_201' title='bbox 623 1733 744 1788; x_wconf 79' lang='grc' dir='ltr'><strong><em>ἐγγύς</em></strong></span> <span class='ocrx_word' id='word_1_202' title='bbox 770 1735 993 1791; x_wconf 77' lang='grc' dir='ltr'><strong><em>ὖφειμὲνοι</em></strong></span> <span class='ocrx_word' id='word_1_203' title='bbox 1019 1737 1115 1791; x_wconf 85' lang='grc' dir='ltr'><strong><em>παρ’</em></strong></span> <span class='ocrx_word' id='word_1_204' title='bbox 1145 1730 1205 1777; x_wconf 69' lang='grc' dir='ltr'><strong><em>ὧν</em></strong></span> <span class='ocrx_word' id='word_1_205' title='bbox 1232 1733 1550 1789; x_wconf 75' lang='grc' dir='ltr'><strong><em>ὑπεβλήθησαν,</em></strong></span> <span class='ocrx_word' id='word_1_206' title='bbox 1581 1735 1653 1774; x_wconf 77' lang='grc' dir='ltr'><em>καί</em></span> 
     </span>
     <span class='ocr_line' id='line_1_26' title="bbox 218 1795 1652 1855; baseline 0.001 -16"><span class='ocrx_word' id='word_1_207' title='bbox 218 1804 399 1855; x_wconf 75' lang='grc' dir='ltr'><strong><em>γοητεῖαι</em></strong></span> <span class='ocrx_word' id='word_1_208' title='bbox 426 1798 528 1841; x_wconf 70' lang='grc' dir='ltr'><strong><em>κατὰ</em></strong></span> <span class='ocrx_word' id='word_1_209' title='bbox 556 1802 762 1853; x_wconf 83' lang='grc' dir='ltr'><strong><em>βασιλέως</em></strong></span> <span class='ocrx_word' id='word_1_210' title='bbox 789 1799 840 1842; x_wconf 83' lang='grc' dir='ltr'><strong><em>τοὶ</em></strong></span> <span class='ocrx_word' id='word_1_211' title='bbox 860 1801 1087 1853; x_wconf 83' lang='grc' dir='ltr'><strong><em>αἰτιάματα</em></strong></span> <span class='ocrx_word' id='word_1_212' title='bbox 1116 1795 1233 1842; x_wconf 68' lang='grc' dir='ltr'><strong><em>οὔπω</em></strong></span> <span class='ocrx_word' id='word_1_213' title='bbox 1261 1801 1374 1842; x_wconf 80' lang='grc' dir='ltr'><strong><em>πάνυ</em></strong></span> <span class='ocrx_word' id='word_1_214' title='bbox 1400 1816 1443 1842; x_wconf 92' lang='grc' dir='ltr'>τι</span> <span class='ocrx_word' id='word_1_215' title='bbox 1470 1797 1652 1841; x_wconf 68' lang='grc' dir='ltr'><strong><em>πιθαναὶ</em></strong></span> 
     </span>
    </p>
   </div>
   <div class='ocr_carea' id='block_1_4' title="bbox 308 1897 1651 2037">
    <p class='ocr_par' dir='ltr' id='par_1_4' title="bbox 308 1897 1651 2037">
     <span class='ocr_line' id='line_1_27' title="bbox 313 1897 1651 1946; baseline -0.003 -12"><span class='ocrx_word' id='word_1_216' title='bbox 313 1900 362 1934; x_wconf 87' lang='grc' dir='ltr'><strong><em>ι5.</em></strong></span> <span class='ocrx_word' id='word_1_217' title='bbox 386 1897 555 1936; x_wconf 77' lang='grc' dir='ltr'><strong><em>ἅπαντας</em></strong></span> <span class='ocrx_word' id='word_1_218' title='bbox 577 1909 633 1932; x_wconf 91' lang='lat' dir='ltr'>om</span> <span class='ocrx_word' id='word_1_219' title='bbox 656 1900 695 1933; x_wconf 82' lang='lat' dir='ltr'>A.</span> <span class='ocrx_word' id='word_1_220' title='bbox 801 1900 851 1934; x_wconf 74' lang='lat'>¹6.</span> <span class='ocrx_word' id='word_1_221' title='bbox 875 1899 1171 1946; x_wconf 76' lang='grc' dir='ltr'><strong><em>συλλαμβάνεται</em></strong></span> <span class='ocrx_word' id='word_1_222' title='bbox 1196 1899 1235 1933; x_wconf 83' lang='grc' dir='ltr'>Α.</span> <span class='ocrx_word' id='word_1_223' title='bbox 1358 1910 1408 1943; x_wconf 88' lang='lat'>¹7·</span> <span class='ocrx_word' id='word_1_224' title='bbox 1434 1897 1651 1944; x_wconf 75' lang='grc' dir='ltr'><strong><em>ἐπιφαυσᾶ-</em></strong></span> 
     </span>
     <span class='ocr_line' id='line_1_28' title="bbox 308 1944 1650 1993; baseline 0 -15"><span class='ocrx_word' id='word_1_225' title='bbox 308 1954 373 1987; x_wconf 72' lang='grc' dir='ltr'><strong><em>σης</em></strong></span> <span class='ocrx_word' id='word_1_226' title='bbox 394 1947 434 1979; x_wconf 89' lang='grc' dir='ltr'>Α.</span> <span class='ocrx_word' id='word_1_227' title='bbox 533 1948 582 1981; x_wconf 88' lang='grc' dir='ltr'><strong><em>ι8.</em></strong></span> <span class='ocrx_word' id='word_1_228' title='bbox 611 1946 1002 1993; x_wconf 82' lang='grc' dir='ltr'><strong><em>συγκατακλινόμενον</em></strong></span> <span class='ocrx_word' id='word_1_229' title='bbox 1026 1947 1065 1981; x_wconf 87' lang='grc' dir='ltr'>Α.</span> <span class='ocrx_word' id='word_1_230' title='bbox 1173 1959 1223 1992; x_wconf 85' lang='lat'>¹9·</span> <span class='ocrx_word' id='word_1_231' title='bbox 1249 1945 1467 1993; x_wconf 75' lang='grc' dir='ltr'><strong><em>ἀποκείρας]</em></strong></span> <span class='ocrx_word' id='word_1_232' title='bbox 1491 1944 1650 1990; x_wconf 82' lang='grc' dir='ltr'><strong><em>κουρεύ-</em></strong></span> 
     </span>
     <span class='ocr_line' id='line_1_29' title="bbox 312 1991 727 2037; baseline 0 -12"><span class='ocrx_word' id='word_1_233' title='bbox 312 2001 380 2030; x_wconf 86' lang='grc' dir='ltr'>σας</span> <span class='ocrx_word' id='word_1_234' title='bbox 403 1993 438 2024; x_wconf 90' lang='grc' dir='ltr'>Β.</span> <span class='ocrx_word' id='word_1_235' title='bbox 518 1993 574 2037; x_wconf 69' lang='grc'>24.</span> <span class='ocrx_word' id='word_1_236' title='bbox 599 1991 727 2026; x_wconf 72' lang='grc' dir='ltr'>οὕῐιυί&gt;</span> 
     </span>
    </p>
   </div>
   <div class='ocr_carea' id='block_1_5' title="bbox 215 2076 1652 2827">
    <p class='ocr_par' dir='ltr' id='par_1_5' title="bbox 215 2076 1652 2827">
     <span class='ocr_line' id='line_1_30' title="bbox 218 2076 1647 2124; baseline 0.001 -14"><span class='ocrx_word' id='word_1_237' title='bbox 218 2081 316 2118; x_wconf 82' lang='lat' dir='ltr'>cent,</span> <span class='ocrx_word' id='word_1_238' title='bbox 348 2082 389 2110; x_wconf 93' lang='lat' dir='ltr'>ut</span> <span class='ocrx_word' id='word_1_239' title='bbox 413 2078 482 2122; x_wconf 84' lang='lat' dir='ltr'>ipsi</span> <span class='ocrx_word' id='word_1_240' title='bbox 505 2078 573 2111; x_wconf 92' lang='lat' dir='ltr'>soli</span> <span class='ocrx_word' id='word_1_241' title='bbox 599 2083 714 2111; x_wconf 87' lang='lat' dir='ltr'>metus</span> <span class='ocrx_word' id='word_1_242' title='bbox 756 2083 794 2112; x_wconf 91' lang='lat' dir='ltr'>et</span> <span class='ocrx_word' id='word_1_243' title='bbox 819 2078 972 2124; x_wconf 86' lang='lat' dir='ltr'>periculi</span> <span class='ocrx_word' id='word_1_244' title='bbox 995 2082 1159 2123; x_wconf 81' lang='lat' dir='ltr'>expertes</span> <span class='ocrx_word' id='word_1_245' title='bbox 1183 2077 1329 2123; x_wconf 85' lang='lat' dir='ltr'>publica</span> <span class='ocrx_word' id='word_1_246' title='bbox 1352 2076 1541 2122; x_wconf 85' lang='lat' dir='ltr'>vectigalia</span> <span class='ocrx_word' id='word_1_247' title='bbox 1565 2081 1647 2111; x_wconf 86' lang='lat' dir='ltr'>tan-</span> 
     </span>
     <span class='ocr_line' id='line_1_31' title="bbox 217 2124 1647 2170; baseline 0.001 -14"><span class='ocrx_word' id='word_1_248' title='bbox 217 2135 323 2170; x_wconf 84' lang='lat' dir='ltr'>quam</span> <span class='ocrx_word' id='word_1_249' title='bbox 347 2125 524 2169; x_wconf 86' lang='lat' dir='ltr'>privatum</span> <span class='ocrx_word' id='word_1_250' title='bbox 557 2126 811 2169; x_wconf 84' lang='lat' dir='ltr'>patrimonium</span> <span class='ocrx_word' id='word_1_251' title='bbox 844 2137 909 2170; x_wconf 90' lang='lat' dir='ltr'>pro</span> <span class='ocrx_word' id='word_1_252' title='bbox 935 2136 999 2159; x_wconf 88' lang='lat' dir='ltr'>sua</span> <span class='ocrx_word' id='word_1_253' title='bbox 1022 2125 1176 2158; x_wconf 86' lang='lat' dir='ltr'>libidine</span> <span class='ocrx_word' id='word_1_254' title='bbox 1202 2124 1385 2158; x_wconf 82' lang='lat' dir='ltr'>effundere</span> <span class='ocrx_word' id='word_1_255' title='bbox 1410 2130 1446 2158; x_wconf 92' lang='lat' dir='ltr'>et</span> <span class='ocrx_word' id='word_1_256' title='bbox 1473 2125 1647 2168; x_wconf 79' lang='lat' dir='ltr'>ingenuos</span> 
     </span>
     <span class='ocr_line' id='line_1_32' title="bbox 216 2171 1649 2217; baseline 0 -14"><span class='ocrx_word' id='word_1_257' title='bbox 216 2171 379 2204; x_wconf 85' lang='lat' dir='ltr'>homines</span> <span class='ocrx_word' id='word_1_258' title='bbox 423 2183 487 2216; x_wconf 87' lang='lat' dir='ltr'>pro</span> <span class='ocrx_word' id='word_1_259' title='bbox 523 2173 709 2217; x_wconf 86' lang='lat' dir='ltr'>mancipiis</span> <span class='ocrx_word' id='word_1_260' title='bbox 742 2178 894 2206; x_wconf 88' lang='lat' dir='ltr'>tractare</span> <span class='ocrx_word' id='word_1_261' title='bbox 927 2173 1091 2217; x_wconf 87' lang='lat' dir='ltr'>possint,</span> <span class='ocrx_word' id='word_1_262' title='bbox 1128 2173 1190 2217; x_wconf 89' lang='lat' dir='ltr'>qui</span> <span class='ocrx_word' id='word_1_263' title='bbox 1230 2171 1426 2217; x_wconf 87' lang='lat' dir='ltr'>aliquando</span> <span class='ocrx_word' id='word_1_264' title='bbox 1452 2171 1538 2216; x_wconf 84' lang='lat' dir='ltr'>ipsis</span> <span class='ocrx_word' id='word_1_265' title='bbox 1563 2176 1649 2204; x_wconf 78' lang='lat' dir='ltr'>sunt</span> 
     </span>
     <span class='ocr_line' id='line_1_33' title="bbox 217 2218 1650 2264; baseline 0.001 -14"><span class='ocrx_word' id='word_1_266' title='bbox 217 2218 366 2262; x_wconf 81' lang='lat' dir='ltr'>imperio</span> <span class='ocrx_word' id='word_1_267' title='bbox 391 2218 581 2263; x_wconf 85' lang='lat' dir='ltr'>digniores.</span> <span class='ocrx_word' id='word_1_268' title='bbox 605 2219 655 2252; x_wconf 89' lang='lat' dir='ltr'>ita</span> <span class='ocrx_word' id='word_1_269' title='bbox 678 2220 862 2264; x_wconf 87' lang='lat' dir='ltr'>potentiae</span> <span class='ocrx_word' id='word_1_270' title='bbox 894 2219 1075 2263; x_wconf 81' lang='lat' dir='ltr'>fastigium</span> <span class='ocrx_word' id='word_1_271' title='bbox 1105 2218 1334 2264; x_wconf 83' lang='lat' dir='ltr'>prudentiam</span> <span class='ocrx_word' id='word_1_272' title='bbox 1363 2218 1412 2251; x_wconf 84' lang='lat' dir='ltr'>eis</span> <span class='ocrx_word' id='word_1_273' title='bbox 1437 2218 1586 2259; x_wconf 84' lang='lat' dir='ltr'>adimit,</span> <span class='ocrx_word' id='word_1_274' title='bbox 1611 2223 1650 2252; x_wconf 75' lang='lat' dir='ltr'>et</span> 
     </span>
     <span class='ocr_line' id='line_1_34' title="bbox 215 2265 1648 2310; baseline 0.001 -13"><span class='ocrx_word' id='word_1_275' title='bbox 215 2265 390 2309; x_wconf 83' lang='lat' dir='ltr'>pristinae</span> <span class='ocrx_word' id='word_1_276' title='bbox 427 2265 645 2299; x_wconf 83' lang='lat' dir='ltr'>conditionis</span> <span class='ocrx_word' id='word_1_277' title='bbox 686 2266 833 2299; x_wconf 80' lang='lat' dir='ltr'>stultam</span> <span class='ocrx_word' id='word_1_278' title='bbox 860 2266 1080 2300; x_wconf 86' lang='lat' dir='ltr'>oblivionem</span> <span class='ocrx_word' id='word_1_279' title='bbox 1116 2268 1227 2298; x_wconf 84' lang='lat' dir='ltr'>affert.</span> <span class='ocrx_word' id='word_1_280' title='bbox 1257 2266 1309 2298; x_wconf 89' lang='lat' dir='ltr'>sic</span> <span class='ocrx_word' id='word_1_281' title='bbox 1330 2265 1479 2299; x_wconf 85' lang='lat' dir='ltr'>Manuel</span> <span class='ocrx_word' id='word_1_282' title='bbox 1502 2275 1648 2310; x_wconf 77' lang='lat' dir='ltr'>quoquo</span> 
     </span>
     <span class='ocr_line' id='line_1_35' title="bbox 216 2310 1649 2357; baseline 0 -13"><span class='ocrx_word' id='word_1_283' title='bbox 216 2323 297 2344; x_wconf 88' lang='lat' dir='ltr'>cum</span> <span class='ocrx_word' id='word_1_284' title='bbox 320 2311 364 2344; x_wconf 89' lang='lat' dir='ltr'>ab</span> <span class='ocrx_word' id='word_1_285' title='bbox 391 2313 516 2345; x_wconf 80' lang='lat' dir='ltr'>Alexio</span> <span class='ocrx_word' id='word_1_286' title='bbox 553 2318 810 2357; x_wconf 87' lang='lat' dir='ltr'>protostratore</span> <span class='ocrx_word' id='word_1_287' title='bbox 835 2313 936 2346; x_wconf 82' lang='lat' dir='ltr'>nulla</span> <span class='ocrx_word' id='word_1_288' title='bbox 962 2324 998 2346; x_wconf 88' lang='lat' dir='ltr'>re</span> <span class='ocrx_word' id='word_1_289' title='bbox 1023 2317 1118 2346; x_wconf 88' lang='lat' dir='ltr'>esset</span> <span class='ocrx_word' id='word_1_290' title='bbox 1143 2315 1297 2345; x_wconf 81' lang='lat' dir='ltr'>offensus</span> <span class='ocrx_word' id='word_1_291' title='bbox 1312 2337 1322 2352; x_wconf 92' lang='lat'>‚</span> <span class='ocrx_word' id='word_1_292' title='bbox 1346 2323 1414 2344; x_wconf 87' lang='lat' dir='ltr'>nec</span> <span class='ocrx_word' id='word_1_293' title='bbox 1438 2312 1514 2344; x_wconf 82' lang='lat' dir='ltr'>eius</span> <span class='ocrx_word' id='word_1_294' title='bbox 1540 2310 1649 2344; x_wconf 86' lang='lat' dir='ltr'>fidem</span> 
     </span>
     <span class='ocr_line' id='line_1_36' title="bbox 218 2358 1650 2404; baseline -0.001 -13"><span class='ocrx_word' id='word_1_295' title='bbox 218 2363 256 2391; x_wconf 86' lang='lat' dir='ltr'>et</span> <span class='ocrx_word' id='word_1_296' title='bbox 292 2358 580 2392; x_wconf 85' lang='lat' dir='ltr'>benevolentiam</span> <span class='ocrx_word' id='word_1_297' title='bbox 613 2359 816 2392; x_wconf 86' lang='lat' dir='ltr'>desiderare</span> <span class='ocrx_word' id='word_1_298' title='bbox 851 2366 993 2404; x_wconf 89' lang='lat' dir='ltr'>posset,</span> <span class='ocrx_word' id='word_1_299' title='bbox 1027 2371 1068 2392; x_wconf 88' lang='lat' dir='ltr'>ac</span> <span class='ocrx_word' id='word_1_300' title='bbox 1091 2365 1237 2393; x_wconf 85' lang='lat' dir='ltr'>tenuem</span> <span class='ocrx_word' id='word_1_301' title='bbox 1263 2369 1328 2404; x_wconf 91' lang='lat' dir='ltr'>pro</span> <span class='ocrx_word' id='word_1_302' title='bbox 1354 2358 1490 2391; x_wconf 89' lang='lat' dir='ltr'>meritis</span> <span class='ocrx_word' id='word_1_303' title='bbox 1511 2358 1545 2391; x_wconf 86' lang='lat' dir='ltr'>ei</span> <span class='ocrx_word' id='word_1_304' title='bbox 1571 2369 1650 2402; x_wconf 85' lang='lat' dir='ltr'>gra-</span> 
     </span>
     <span class='ocr_line' id='line_1_37' title="bbox 217 2404 1650 2451; baseline 0.001 -14"><span class='ocrx_word' id='word_1_305' title='bbox 217 2405 305 2438; x_wconf 88' lang='lat' dir='ltr'>tiam</span> <span class='ocrx_word' id='word_1_306' title='bbox 329 2407 532 2446; x_wconf 80' lang='lat' dir='ltr'>retulisset,</span> <span class='ocrx_word' id='word_1_307' title='bbox 567 2406 643 2439; x_wconf 87' lang='lat' dir='ltr'>sola</span> <span class='ocrx_word' id='word_1_308' title='bbox 673 2407 877 2451; x_wconf 89' lang='lat' dir='ltr'>suspicione</span> <span class='ocrx_word' id='word_1_309' title='bbox 917 2406 1092 2440; x_wconf 85' lang='lat' dir='ltr'>adductus</span> <span class='ocrx_word' id='word_1_310' title='bbox 1133 2412 1170 2439; x_wconf 88' lang='lat' dir='ltr'>et</span> <span class='ocrx_word' id='word_1_311' title='bbox 1194 2405 1438 2450; x_wconf 88' lang='lat' dir='ltr'>improborum</span> <span class='ocrx_word' id='word_1_312' title='bbox 1464 2404 1650 2438; x_wconf 88' lang='lat' dir='ltr'>hominum</span> 
     </span>
     <span class='ocr_line' id='line_1_38' title="bbox 218 2451 1652 2498; baseline 0.001 -15"><span class='ocrx_word' id='word_1_313' title='bbox 218 2451 407 2485; x_wconf 85' lang='lat' dir='ltr'>calumniis</span> <span class='ocrx_word' id='word_1_314' title='bbox 432 2453 626 2496; x_wconf 88' lang='lat' dir='ltr'>impulsus,</span> <span class='ocrx_word' id='word_1_315' title='bbox 654 2453 739 2498; x_wconf 87' lang='lat' dir='ltr'>quia</span> <span class='ocrx_word' id='word_1_316' title='bbox 763 2465 844 2486; x_wconf 91' lang='lat' dir='ltr'>eum</span> <span class='ocrx_word' id='word_1_317' title='bbox 860 2458 895 2486; x_wconf 85' lang='lat' dir='ltr'>et</span> <span class='ocrx_word' id='word_1_318' title='bbox 910 2453 1061 2486; x_wconf 86' lang='lat' dir='ltr'>ducibus</span> <span class='ocrx_word' id='word_1_319' title='bbox 1086 2458 1123 2486; x_wconf 84' lang='lat' dir='ltr'>et</span> <span class='ocrx_word' id='word_1_320' title='bbox 1146 2453 1324 2486; x_wconf 88' lang='lat' dir='ltr'>militibus</span> <span class='ocrx_word' id='word_1_321' title='bbox 1350 2463 1426 2485; x_wconf 83' lang='lat' dir='ltr'>esse</span> <span class='ocrx_word' id='word_1_322' title='bbox 1450 2463 1570 2484; x_wconf 87' lang='lat' dir='ltr'>carum</span> <span class='ocrx_word' id='word_1_323' title='bbox 1594 2452 1652 2485; x_wconf 87' lang='lat' dir='ltr'>vi-</span> 
     </span>
     <span class='ocr_line' id='line_1_39' title="bbox 220 2496 1651 2545; baseline 0 -15"><span class='ocrx_word' id='word_1_324' title='bbox 220 2496 329 2531; x_wconf 86' lang='lat' dir='ltr'>debat</span> <span class='ocrx_word' id='word_1_325' title='bbox 365 2504 402 2532; x_wconf 90' lang='lat' dir='ltr'>et</span> <span class='ocrx_word' id='word_1_326' title='bbox 433 2499 652 2532; x_wconf 85' lang='lat' dir='ltr'>liberalitate</span> <span class='ocrx_word' id='word_1_327' title='bbox 678 2511 759 2544; x_wconf 85' lang='lat' dir='ltr'>erga</span> <span class='ocrx_word' id='word_1_328' title='bbox 784 2511 905 2533; x_wconf 89' lang='lat' dir='ltr'>omnes</span> <span class='ocrx_word' id='word_1_329' title='bbox 930 2501 984 2533; x_wconf 89' lang='lat' dir='ltr'>uti</span> <span class='ocrx_word' id='word_1_330' title='bbox 999 2525 1008 2541; x_wconf 92' lang='lat'>,</span> <span class='ocrx_word' id='word_1_331' title='bbox 1045 2511 1251 2545; x_wconf 86' lang='lat' dir='ltr'>quanquam</span> <span class='ocrx_word' id='word_1_332' title='bbox 1276 2500 1436 2533; x_wconf 82' lang='lat' dir='ltr'>fortassis</span> <span class='ocrx_word' id='word_1_333' title='bbox 1461 2499 1570 2531; x_wconf 87' lang='lat' dir='ltr'>etiam</span> <span class='ocrx_word' id='word_1_334' title='bbox 1594 2498 1651 2531; x_wconf 90' lang='lat' dir='ltr'>di-</span> 
     </span>
     <span class='ocr_line' id='line_1_40' title="bbox 217 2544 1650 2591; baseline 0.001 -15"><span class='ocrx_word' id='word_1_335' title='bbox 217 2544 324 2577; x_wconf 84' lang='lat' dir='ltr'>vitias</span> <span class='ocrx_word' id='word_1_336' title='bbox 352 2546 427 2578; x_wconf 88' lang='lat' dir='ltr'>eius</span> <span class='ocrx_word' id='word_1_337' title='bbox 453 2546 542 2578; x_wconf 85' lang='lat' dir='ltr'>clam</span> <span class='ocrx_word' id='word_1_338' title='bbox 567 2546 770 2590; x_wconf 87' lang='lat' dir='ltr'>appetebat,</span> <span class='ocrx_word' id='word_1_339' title='bbox 795 2547 961 2580; x_wconf 89' lang='lat' dir='ltr'>Sardicae</span> <span class='ocrx_word' id='word_1_340' title='bbox 986 2557 1092 2591; x_wconf 86' lang='lat' dir='ltr'>agens</span> <span class='ocrx_word' id='word_1_341' title='bbox 1118 2546 1298 2579; x_wconf 87' lang='lat' dir='ltr'>hominem</span> <span class='ocrx_word' id='word_1_342' title='bbox 1323 2551 1405 2578; x_wconf 87' lang='lat' dir='ltr'>ante</span> <span class='ocrx_word' id='word_1_343' title='bbox 1430 2546 1546 2578; x_wconf 87' lang='lat' dir='ltr'>lucem</span> <span class='ocrx_word' id='word_1_344' title='bbox 1570 2555 1650 2577; x_wconf 89' lang='lat' dir='ltr'>cum</span> 
     </span>
     <span class='ocr_line' id='line_1_41' title="bbox 220 2591 1649 2638; baseline 0.001 -16"><span class='ocrx_word' id='word_1_345' title='bbox 220 2599 330 2623; x_wconf 85' lang='lat' dir='ltr'>uxore</span> <span class='ocrx_word' id='word_1_346' title='bbox 356 2603 419 2624; x_wconf 88' lang='lat' dir='ltr'>sua</span> <span class='ocrx_word' id='word_1_347' title='bbox 444 2593 633 2625; x_wconf 80' lang='lat' dir='ltr'>cubantem</span> <span class='ocrx_word' id='word_1_348' title='bbox 667 2593 963 2638; x_wconf 86' lang='lat' dir='ltr'>comprehendit,</span> <span class='ocrx_word' id='word_1_349' title='bbox 987 2599 1024 2626; x_wconf 90' lang='lat' dir='ltr'>et</span> <span class='ocrx_word' id='word_1_350' title='bbox 1048 2593 1214 2626; x_wconf 89' lang='lat' dir='ltr'>omnibus</span> <span class='ocrx_word' id='word_1_351' title='bbox 1240 2592 1369 2638; x_wconf 87' lang='lat' dir='ltr'>opibus</span> <span class='ocrx_word' id='word_1_352' title='bbox 1394 2592 1584 2625; x_wconf 89' lang='lat' dir='ltr'>multatum</span> <span class='ocrx_word' id='word_1_353' title='bbox 1611 2591 1649 2624; x_wconf 88' lang='lat' dir='ltr'>in</span> 
     </span>
     <span class='ocr_line' id='line_1_42' title="bbox 219 2637 1650 2684; baseline 0.001 -16"><span class='ocrx_word' id='word_1_354' title='bbox 219 2639 473 2671; x_wconf 86' lang='lat' dir='ltr'>monasterium</span> <span class='ocrx_word' id='word_1_355' title='bbox 505 2639 685 2684; x_wconf 80' lang='lat' dir='ltr'>quoddam</span> <span class='ocrx_word' id='word_1_356' title='bbox 713 2641 856 2684; x_wconf 81' lang='lat' dir='ltr'>Papycii</span> <span class='ocrx_word' id='word_1_357' title='bbox 896 2640 1028 2673; x_wconf 87' lang='lat' dir='ltr'>montis</span> <span class='ocrx_word' id='word_1_358' title='bbox 1053 2640 1210 2673; x_wconf 89' lang='lat' dir='ltr'>coniicit.</span> <span class='ocrx_word' id='word_1_359' title='bbox 1236 2651 1282 2672; x_wconf 91' lang='lat' dir='ltr'>ne</span> <span class='ocrx_word' id='word_1_360' title='bbox 1306 2645 1422 2672; x_wconf 87' lang='lat' dir='ltr'>autem</span> <span class='ocrx_word' id='word_1_361' title='bbox 1452 2638 1491 2671; x_wconf 88' lang='lat' dir='ltr'>id</span> <span class='ocrx_word' id='word_1_362' title='bbox 1512 2637 1650 2670; x_wconf 78' lang='lat' dir='ltr'>facinus</span> 
     </span>
     <span class='ocr_line' id='line_1_43' title="bbox 219 2683 1651 2731; baseline 0 -15"><span class='ocrx_word' id='word_1_363' title='bbox 219 2683 430 2717; x_wconf 85' lang='lat' dir='ltr'>manifestae</span> <span class='ocrx_word' id='word_1_364' title='bbox 452 2686 604 2718; x_wconf 86' lang='lat' dir='ltr'>iniuriae</span> <span class='ocrx_word' id='word_1_365' title='bbox 629 2685 873 2727; x_wconf 87' lang='lat' dir='ltr'>damnaretur,</span> <span class='ocrx_word' id='word_1_366' title='bbox 913 2686 1152 2731; x_wconf 84' lang='lat' dir='ltr'>sycophantae</span> <span class='ocrx_word' id='word_1_367' title='bbox 1178 2692 1321 2731; x_wconf 89' lang='lat' dir='ltr'>praesto</span> <span class='ocrx_word' id='word_1_368' title='bbox 1345 2690 1464 2725; x_wconf 90' lang='lat' dir='ltr'>erant,</span> <span class='ocrx_word' id='word_1_369' title='bbox 1494 2684 1558 2728; x_wconf 86' lang='lat' dir='ltr'>qui</span> <span class='ocrx_word' id='word_1_370' title='bbox 1581 2683 1651 2716; x_wconf 83' lang='lat' dir='ltr'>cri-</span> 
     </span>
     <span class='ocr_line' id='line_1_44' title="bbox 221 2729 1648 2778; baseline 0.001 -17"><span class='ocrx_word' id='word_1_371' title='bbox 221 2729 310 2762; x_wconf 89' lang='lat' dir='ltr'>mini</span> <span class='ocrx_word' id='word_1_372' title='bbox 341 2729 468 2764; x_wconf 80' lang='lat' dir='ltr'>darent</span> <span class='ocrx_word' id='word_1_373' title='bbox 490 2743 571 2764; x_wconf 88' lang='lat' dir='ltr'>eum</span> <span class='ocrx_word' id='word_1_374' title='bbox 592 2733 736 2777; x_wconf 81' lang='lat' dir='ltr'>magicis</span> <span class='ocrx_word' id='word_1_375' title='bbox 761 2734 962 2778; x_wconf 83' lang='lat' dir='ltr'>praestigiis</span> <span class='ocrx_word' id='word_1_376' title='bbox 989 2734 1239 2778; x_wconf 85' lang='lat' dir='ltr'>imperatorem</span> <span class='ocrx_word' id='word_1_377' title='bbox 1265 2738 1410 2777; x_wconf 79' lang='lat' dir='ltr'>petere3</span> <span class='ocrx_word' id='word_1_378' title='bbox 1435 2741 1528 2775; x_wconf 86' lang='lat' dir='ltr'>quae</span> <span class='ocrx_word' id='word_1_379' title='bbox 1551 2729 1648 2763; x_wconf 77' lang='lat' dir='ltr'>haud</span> 
     </span>
     <span class='ocr_line' id='line_1_45' title="bbox 223 2776 1649 2827; baseline 0.001 -19"><span class='ocrx_word' id='word_1_380' title='bbox 223 2776 295 2812; x_wconf 70' lang='lat' dir='ltr'>seio</span> <span class='ocrx_word' id='word_1_381' title='bbox 333 2787 377 2811; x_wconf 87' lang='lat' dir='ltr'>an</span> <span class='ocrx_word' id='word_1_382' title='bbox 408 2777 459 2811; x_wconf 86' lang='lat' dir='ltr'>ita</span> <span class='ocrx_word' id='word_1_383' title='bbox 484 2778 639 2812; x_wconf 79' lang='lat' dir='ltr'>efficaces</span> <span class='ocrx_word' id='word_1_384' title='bbox 679 2780 751 2814; x_wconf 84' lang='lat' dir='ltr'>sint</span> <span class='ocrx_word' id='word_1_385' title='bbox 789 2780 921 2825; x_wconf 88' lang='lat' dir='ltr'>(sanae</span> <span class='ocrx_word' id='word_1_386' title='bbox 953 2779 1099 2827; x_wconf 81' lang='lat' dir='ltr'>quidem</span> <span class='ocrx_word' id='word_1_387' title='bbox 1125 2791 1227 2813; x_wconf 83' lang='lat' dir='ltr'>aures</span> <span class='ocrx_word' id='word_1_388' title='bbox 1252 2779 1297 2813; x_wconf 85' lang='lat' dir='ltr'>ab</span> <span class='ocrx_word' id='word_1_389' title='bbox 1327 2776 1528 2812; x_wconf 81' lang='lat' dir='ltr'>istiusmodi</span> <span class='ocrx_word' id='word_1_390' title='bbox 1553 2787 1649 2811; x_wconf 84' lang='lat' dir='ltr'>com-</span> 
     </span>
    </p>
   </div>
  </div>
 </body>
</html>
