1878 3230
318 197 432 270 678
758 210 986 252 MCETAE
1026 211 1337 252 cflomATAE

319 318 389 361 λος
415 312 614 363 εὐνοῦχος
644 310 748 364 πρὸς
776 307 847 351 τὸν
878 309 1064 360 Ἀλέξιον
1095 311 1148 350 ου’
1174 311 1300 362 μόνον
1329 307 1452 352 οὐδέν
1478 329 1519 353 τι
1543 312 1650 367 πρὸς
1675 313 1750 366 τὴν

319 375 523 419 ὑπόθεσιν
571 375 722 429 ὦράθη
762 372 1123 429 διαπραξάμενος,
1163 375 1270 416 cm&
1313 374 1386 417 καί
1435 380 1750 432 προσεπέρρωσε

316 444 474 495 μᾶλλον
500 442 655 482 ἐκεῖνον
683 441 733 496 τῇ
762 441 849 496 ἰδίᾳ
877 439 1087 497 παρουσίᾳ
1116 441 1175 489 εἰς
1203 438 1322 495 ἔργον
1341 439 1388 481 τὸ
1417 442 1464 482 ἐν
1489 441 1626 495 χερσί,
1650 458 1752 497 προ-

314 496 502 561 Υσημιιὶνας
530 507 742 559 προπετῶς
768 503 846 559 τήν
874 506 966 546 κατ’
994 505 1130 548 αὐτοῦ
1165 506 1248 547 τῶν
1263 502 1484 559 Ῥωμαίων
1513 495 1610 548 ὅσον
1636 506 1754 548 οὐδὲ·

317 589 382 613 πω
410 574 653 623 ἑπέλευσιν,
684 569 757 612 καί
783 569 956 620 διδάξας
995 566 1057 620 οἷς
1085 568 1245 625 εἴρηκεν
1274 570 1540 625 ἀποσχέσθαι
1566 573 1644 625 μὲν
1670 573 1792 618 τῶν5

316 637 493 679 πεδινῶν
532 636 812 688 ἐπιλαβέσθαι
863 636 910 677 δὲ
947 637 1030 677 τῶν
1065 634 1262 692 ὀρεινῶν,
1313 636 1370 686 ὥς
1407 636 1572 678 ἐκείνων
1606 635 1756 688 σώζειν

186 710 218 744 P.
237 708 298 740 331
318 703 498 755 ἐχόντων
526 700 599 743 καὶ
623 701 672 742 τὸ
698 698 966 742 συναποστοέν
990 699 1209 756 ὁμόφωνον
1235 701 1462 755 σύνταγμα.
1519 702 1557 743 οὶ
1586 702 1632 744 δὲ
1659 703 1757 756 περὶ

315 766 410 815 τοὺς
435 764 653 821 γαμβροὺς
678 767 752 807 τοῦ
776 767 982 818 βασιλέως
1009 765 1082 808 καί
1106 764 1178 807 τὸν
1205 765 1553 821 πρωτοστράτορα
1578 769 1756 808 Μανου-

316 831 368 888 ἦλ
398 831 469 874 τὸν
502 830 733 885 Καμύτζην
761 832 935 880 ἐδίωξαν
961 833 1040 883 μὲν
1082 829 1216 873 ὄπίσω
1249 831 1400 880 ἱκανῶς
1426 833 1504 873 τοῦ
1533 830 1756 886 ἆντὰρτου,

318 900 391 939 καί
416 893 466 952 ἧν
489 896 716 950 θαυμαστή
743 912 805 944 τις
833 896 858 950 ἦ
892 897 1133 951 προθυμία,
1152 895 1224 938 καί
1241 902 1602 951 πρωταγωνιστεῖν
1628 896 1756 951 η’βού-
1774 914 1820 940 ιο

318 967 439 1005 λοντο
468 963 729 1014 ξύμπαντες·
783 959 858 1016 τὴν
884 961 929 1002 δὲ
958 961 1034 1002 τοῦ
1066 963 1218 1017 καιροῦ
1247 960 1381 1016 ῥοπήν
1409 961 1684 1010 ἀπολέσαντες
1711 962 1758 1003 ἐκ

318 1029 398 1069 τοῦ
424 1028 733 1082 διασοβηθῆναι
775 1026 821 1067 το“
857 1024 1036 1081 θήραμα
1080 1025 1126 1068 τὸ
1156 1023 1376 1081 πρόθυμον
1420 1025 1621 1080 ἕσχασαν.
1673 1031 1758 1076 τοῖς

317 1093 408 1144 μὲν»
427 1086 501 1134 οὖν
527 1093 800 1146 θερμοτέροις
829 1089 1066 1132 ἐπιδιώκειν
1093 1090 1167 1132 καί
1186 1087 1319 1139 οὕτως
1337 1088 1471 1133 ἐδόκει
1500 1092 1575 1132 καί
1599 1092 1759 1146 διερευ-

316 1159 395 1199 νᾶν
423 1159 654 1212 ἐφέποντας
682 1153 728 1199 οἷ
752 1157 835 1198 τῶν
867 1152 997 1211 ὄρέων
1024 1157 1186 1211 ἀπέδρα
1211 1157 1406 1209 Ἀλέξιος,
1437 1162 1523 1206 τοῖς
1552 1157 1588 1197 δ’
1617 1152 1759 1211 ἄσφα-

318 1225 527 1278 λεστὲροις
555 1223 635 1275 οὔχ
677 1219 854 1276 ἥνδανεν
897 1219 1004 1270 ὅλως
1033 1223 1161 1263 αἐτοῦ
1188 1221 1284 1276 ἴχνη
1313 1223 1528 1278 α’ναδιφᾶν
1556 1223 1759 1264 ἑπιποτω-
1777 1216 1824 1267 15

317 1291 446 1341 μένου
489 1286 635 1342 πάγοις
677 1289 750 1328 καί
785 1281 945 1341 ὄρεσιν,
982 1282 1010 1341 ἢ
1051 1287 1257 1339 μεταλλᾶν
1284 1284 1497 1340 ἓρπυσμὸν
1525 1281 1664 1343 ὄφεως
1690 1287 1762 1328 ἐπὶ

324 1356 492 1406 πέτραν,
520 1349 549 1407 ἢ
578 1354 787 1405 ε’κμαίνειν
814 1353 873 1400 εἷς
901 1349 1143 1405 συμπλοκήν
1168 1350 1449 1405 χαυλιόδοντα
1477 1351 1634 1404 μονιόν,
1662 1355 1761 1393 πολ-

286 1417 440 1465 Βλοίκις
464 1416 510 1459 τό
544 1419 697 1472 στῆθος
723 1418 783 1465 εἰς
800 1416 1052 1458 διακόντισιν
1078 1416 1421 1470 προτεινόμενον,
1451 1420 1685 1471 περιελθεῖν
1713 1419 1761 1460 δὲ

324 1482 378 1524 τοὶ
406 1482 599 1535 πολίχνια
628 1478 762 1523 ὁπόσα
789 1481 1039 1523 ἐπεσκεύασε
1067 1483 1138 1522 καί
1164 1478 1383 1535 ἀνήγειρεν
1411 1479 1432 1522 ὅ
1457 1481 1661 1534 Ἀλέξιος,
1690 1481 1764 1523 καί

324 1550 481 1589 θέσθαι
507 1550 678 1600 βασιλεῖ
699 1545 899 1601 κατήκοα.
952 1547 1026 1587 καί
1049 1548 1122 1600 τῆς
1149 1548 1302 1600 βουλῆς
1328 1545 1482 1601 ταύτης
1511 1546 1568 1595 ὥς
1594 1542 1758 1599 ἇμείνο-
1773 1567 1827 1593 20

326 1627 394 1661 νος
435 1610 722 1667 κυρωθείσης,
749 1612 807 1667 τῷ
841 1611 1033 1668 φρουρίῳ
1062 1609 1400 1664 προσβάλλουσιν
1428 1609 1450 1652 ὃ
1477 1613 1572 1652 καθ’
1598 1610 1762 1664 ὑπόβα-

327 1694 395 1720 σιν
423 1673 547 1732 ὅρους
573 1679 618 1719 ἐν
643 1673 753 1734 τόπῳ
785 1678 1007 1734 Κριτζιμῷ
1037 1680 1241 1735 λεγομένῳ
1260 1677 1490 1731 ἑδομὴσατο
1514 1676 1538 1718 ὅ
1561 1676 1759 1726 Ἀλέξιος·

328 1741 431 1784 ἔνθα
459 1741 532 1783 καί
556 1746 730 1784 πλεῖστα
751 1739 960 1795 “Ρωμαῖοι
987 1740 1189 1796 καμόντες
1217 1741 1288 1783 καί
1315 1741 1613 1797 φιλοκινδύνως
1639 1742 1762 1794 ἁμιλ-

329 1807 550 1864 λησάμενοι
578 1807 655 1849 οιῖκ
693 1805 857 1862 ὀλίγους
883 1802 1041 1863 ἄνδρας
1085 1806 1272 1862 α’γαθούς
1298 1808 1342 1849 ἐν
1372 1808 1428 1864 τῷ
1454 1808 1675 1863 προσάγειν
1703 1809 1759 1864 τῷ

421 1953 454 1978 2.
481 1940 790 1990 προσεπέρρωσε]
817 1941 1028 1989 ἐπτέρωσεν
1044 1942 1080 1976 Β.

331 2066 467 2109 palatio
492 2064 777 2109 reperiebantur.
800 2063 865 2098 sed
886 2065 1044 2098 nefarius
1067 2064 1178 2110 spado
1203 2066 1249 2098 ad
1274 2076 1355 2098 eum
1381 2064 1561 2110 profectus
1587 2075 1660 2098 non
1682 2075 1762 2098 mo-

332 2111 378 2143 do
405 2111 498 2144 nihil
523 2110 622 2155 quod
647 2110 692 2143 ad
731 2121 806 2143 rem
830 2111 1029 2156 pertineret
1051 2112 1225 2152 confecit,
1254 2111 1318 2145 sed
1340 2111 1443 2144 illum
1470 2122 1534 2144 sua
1558 2112 1763 2155 praesentia

332 2163 374 2189 ut
401 2162 527 2201 coepta
566 2163 844 2201 persequeretur
873 2159 985 2202 magis
1021 2159 1263 2199 confirmavit,
1298 2170 1377 2191 cum
1416 2162 1550 2190 temere
1574 2158 1764 2192 effutiisset

331 2204 507 2236 Romanos
534 2214 553 2235 e
568 2203 717 2247 vestigio
736 2203 840 2236 illum
863 2205 1059 2245 invasuros,
1086 2210 1123 2238 et
1144 2205 1343 2237 monuisset
1362 2209 1404 2236 ut
1424 2202 1681 2246 campestribus
1706 2215 1764 2237 re-

330 2249 427 2282 lictis
446 2249 598 2282 salutem
616 2260 716 2281 suam
745 2254 782 2282 et
807 2251 1036 2294 popularium
1061 2251 1240 2284 montanis
1266 2250 1354 2283 locis
1377 2250 1624 2282 committeret.
1648 2249 1765 2295 impe-

332 2296 460 2329 ratoris
482 2306 565 2328 vero
602 2296 744 2338 generi,
782 2301 819 2328 et
852 2301 1091 2340 protostrator
1115 2296 1262 2330 Manuel
1296 2296 1482 2338 Camyzes,
1513 2295 1698 2330 alacritate
1727 2301 1768 2330 et

331 2341 574 2374 aemulatione
610 2341 700 2373 mira
737 2341 948 2375 seditiosum
983 2343 1163 2387 persecuti
1198 2347 1300 2375 sunt:
1333 2341 1397 2374 sed
1421 2342 1690 2386 opportunitate
1714 2342 1763 2375 ob

329 2387 497 2433 praedam
530 2387 687 2429 fugatam
730 2388 860 2421 amissa
884 2390 1153 2422 contentionem
1186 2388 1409 2421 remiserunt.
1439 2399 1480 2420 ac
1504 2388 1762 2422 fervidioribus

331 2435 382 2468 sic
409 2435 516 2466 etiam
543 2432 710 2476 placebat
734 2434 903 2478 persequi
943 2439 979 2468 et
1004 2435 1042 2468 in
1069 2434 1252 2467 montibus
1280 2445 1451 2478 quaerere
1477 2434 1651 2467 Alexium.
1676 2446 1762 2479 pru—

331 2480 511 2513 dentiores
535 2484 654 2511 autem
679 2479 777 2511 haud
799 2480 1001 2513 consultum
1029 2481 1208 2525 putabant
1231 2481 1374 2525 aquilae
1390 2481 1540 2524 vestigia
1557 2486 1696 2514 montes
1725 2487 1764 2515 et

332 2538 438 2571 rupes
471 2525 690 2571 pervolantis
719 2526 941 2567 consectari,
980 2532 1044 2559 aut
1068 2527 1252 2560 volumina
1277 2527 1453 2571 serpentis
1478 2527 1516 2560 in
1539 2537 1624 2559 saxo
1649 2537 1762 2572 quae-

332 2574 462 2612 ritare,
491 2576 554 2605 aut
576 2582 698 2615 aprum
725 2570 930 2611 dentatum,
970 2572 1034 2616 qui
1060 2577 1184 2616 pectus
1211 2584 1318 2617 saepe
1346 2573 1473 2606 iaculis
1498 2573 1689 2614 obtulerit,
1714 2572 1760 2606 ad

330 2630 485 2664 pugnam
525 2618 666 2650 irritare
682 2642 691 2658 ,
733 2617 797 2650 sed
824 2617 956 2662 oppida
981 2617 1027 2650 ab
1051 2619 1177 2652 Alexio
1204 2619 1402 2653 instaurata
1427 2625 1464 2653 et
1488 2616 1633 2652 condita
1658 2630 1761 2652 recu·
1865 2603 1878 2694 ³

330 2664 490 2713 peranda
516 2675 603 2697 esse.
628 2674 700 2708 quo
725 2663 877 2696 consilio
903 2665 1064 2709 praelato
1080 2690 1090 2705 ‚
1118 2665 1304 2698 castellum
1330 2667 1368 2698 in
1393 2666 1471 2698 loco
1501 2665 1563 2710 qui
1588 2665 1760 2699 Criaimus

332 2711 465 2744 dicitur
493 2710 538 2743 ab
562 2709 687 2743 Alexio
713 2709 898 2743 conditum
921 2716 1148 2757 oppugnant3
1173 2711 1237 2744 ubi
1260 2713 1408 2746 Romani
1432 2711 1695 2757 promptissime
1721 2716 1759 2745 et

331 2757 525 2794 fortissime
558 2756 768 2791 dimicantes
804 2757 936 2792 multos
980 2758 1074 2795 viros
1123 2758 1257 2800 fortes,
1298 2769 1450 2806 quorum
1484 2757 1649 2805 princeps
1682 2763 1758 2792 erat
