1878 3230
422 217 493 258 m:
530 215 852 260 Aunnomco
891 216 1156 261 comumo
1206 221 1303 262 Lm.
1333 221 1386 262 u.
1503 201 1619 274 4¹9

183 317 437 372 μωκώμενος
463 314 509 359 τὸ
539 316 772 369 πολίτευμα
798 318 874 358 καί
896 315 1110 371 διασύρων
1133 318 1194 367 εἷς
1219 318 1427 374 ἀκρασίαν
1449 318 1531 360 τῶν
1545 333 1621 372 γα·

181 381 337 436 μετ-ὦν.
394 381 571 436 ὁπηνίκα
601 382 647 423 δὲ
678 379 783 422 κατὰ
810 379 886 436 τὴν
910 380 1189 436 μεγαλύπολιν
1215 384 1395 437 γένοιτο,
1422 383 1516 424 ’τῶν
1547 379 1622 438 τῆς

183 447 480 504 Προποντίδος
505 448 728 502 τρυφηλοῖν
754 447 924 500 χωρίων
957 446 1031 489 καί
1056 450 1260 502 περιττῶν
1289 449 1622 502 ἅπανιστᾰμενος

185 510 450 567 διαιτήσεων,
484 511 560 552 οὔκ
587 506 639 565 ἧν
669 509 728 564 μὴ
763 509 991 567 α’ποφράδα
1018 512 1239 566 κρίνεσθαι
1275 511 1352 567 τνζν
1389 514 1480 556 τότε
1515 512 1662 570 ἧμέ-Ο

147 579 265 633 5ραν
283 594 292 604 ·
349 577 400 618 οὕ
427 575 506 631 γὰρ
530 577 583 617 δι’
610 571 699 618 ἄλλ’
731 570 833 618 ἄττα
861 582 1057 631 παρεῖναι
1079 575 1214 618 ἐδόκει
1242 574 1269 634 ἢ
1297 578 1354 627 ὥς
1381 578 1528 622 θύσων
1553 579 1626 622 καὶ

183 644 400 687 ἄπολὲσων
428 639 582 683 ὄπόσον
610 640 668 689 ὦς
701 642 920 693 ἑπιβουλον
955 641 1236 685 ὑπωπτεύετο.
1291 643 1364 686 καί
1391 644 1416 700 ἦ
1455 646 1624 700 Ἀνδρο-

1386 706 1405 722 ss

181 711 298 752 νίκου
333 708 534 763 ἐπιδημία
564 711 650 754 τοῖς
681 710 850 755 πολλοῖς
888 707 1016 761 ζημία
1055 708 1128 749 καί
1170 704 1339 762 ἀθυμία
1368 716 1403 764 ἠ
1445 710 1519 752 καὶ
1547 712 1626 752 τοῦ

180 776 274 828 βίου
304 773 480 828 ἕκδημία
507 770 583 813 καί
606 773 691 814 πᾶν
717 767 817 813 ἄλλο
853 787 894 813 τι
922 770 1102 826 ἔσχατον
1139 771 1267 815 κακὸν
1305 777 1624 831 συλλελόγιστο,

181 837 327 894 ἐπειδή
356 854 432 892 περ
458 837 480 879 ὃ
499 836 607 893 α’νὴρ
639 835 743 879 06σεὶ
767 836 841 878 καί
863 836 1062 893 γραμμὴν
1088 840 1422 890 μονοδιάστατον
1450 843 1525 883 καί
1540 860 1624 897 μη-

122 906 397 960 ιοκιζομὲνην
425 904 485 952 εἷς
511 901 558 944 τὸ
587 903 810 945 λεπταλέον
839 902 912 944 καί
940 903 1122 952 ἀπλατὲς
1159 905 1206 946 ἐν
1251 907 1309 962 τῷ
1347 906 1508 964 ἐδαφίῳ
1553 909 1624 961 τῆς

178 973 320 1026 ψυχῆς
345 969 542 1020 καθάπαξ
573 967 650 1023 τὴν
678 968 899 1022 ὀξυχολίαν
930 969 1209 1023 προῦποθείς,
1238 970 1311 1011 καί
1336 970 1442 1026 πρός
1467 969 1623 1026 ταύτην

178 1033 292 1078 ἅπαν
323 1033 561 1076 ἀποστενῶν
589 1033 634 1076 τὸ
665 1033 976 1090 πραττόμενον,
1010 1033 1192 1087 ἀβίωτον
1220 1031 1318 1093 ᾤετο
1359 1034 1434 1090 τήν
1463 1036 1624 1091 ἡμέραν

176 1104 275 1143 καθ’
306 1099 356 1156 ἢν
399 1096 446 1141 οὗ
485 1098 721 1155 ξυνειλήφει
755 1097 846 1141 τινα
890 1101 973 1140 τῶν
1011 1100 1057 1141 ἐν
1090 1098 1342 1154 ὗπεροχαῖς,
1390 1097 1418 1156 ἦ)
1443 1100 1624 1154 λύχνους

177 1162 254 1208 οὔκ
283 1164 426 1219 ἔσβεσε
456 1164 672 1218 σώματος,
702 1160 731 1220 ἢ
761 1164 916 1219 ὁτουδὴ
951 1178 1060 1213 τινος
1094 1163 1145 1205 οὐ
1181 1163 1404 1220 καθήψατο
1443 1170 1622 1222 φιλονεί-

117 1233 279 1286 ῐὸκως,
320 1229 349 1287 ἢ
384 1232 484 1286 γοῦν
511 1231 780 1287 ε’πιτιμητικῷ
816 1232 1029 1283 βλέμματι
1069 1230 1143 1272 καί
1175 1233 1378 1288 Tamum?
1409 1229 1619 1287 ἐμβριμή-

178 1313 282 1352 ματι
310 1297 368 1353 μὴ
391 1298 581 1351 ἐξέστησε
609 1298 687 1338 τοῦ
713 1300 895 1352 φρονεῖν.
933 1296 1185 1352 παιδαγωγῷ
1202 1296 1284 1352 γὰρ
1310 1298 1513 1353 ἐμβριθεῖ
1533 1300 1661 1342 iot-D

162 1361 268 1416 -κώς,
295 1361 416 1416 θαμὰ
433 1363 514 1404 τῶν
530 1364 761 1417 μειρακίων
777 1363 1056 1417 καταφέροντι
1074 1359 1146 1417 τὴν
1169 1361 1390 1417 σκυτάλην,
1412 1360 1619 1417 εὐκαίρως

173 1425 359 1483 ἀκαίρως
379 1430 631 1484 ἐπέπληττεν
659 1424 953 1483 ἐφιστάμενος,
981 1426 1056 1468 καὶ
1081 1425 1186 1483 πρὸς
1211 1429 1349 1470 πᾶσαν
1368 1426 1495 1483 ἇκοὴν
1511 1430 1617 1471 ἑκεί-

174 1510 232 1553 νῳ
259 1494 492 1550 ἀνήδυντον
513 1491 790 1549 παρωξύνετο.
847 1496 1130 1550 κατηφιῶντες
1158 1489 1233 1536 οὖν
1265 1493 1303 1536 οἱ
1324 1493 1419 1538 τότε
1449 1492 1617 1550 ἅνθρω-

110 1574 163 1601 20
174 1576 246 1602 ποι
275 1559 348 1602 καὶ
371 1556 664 1614 στυγνάζοντες
692 1560 908 1612 ἑβάυσκον.
965 1559 1059 1600 οόδ’
1091 1557 1114 1599 ὅ
1149 1555 1276 1609 ὕπνος
1301 1555 1500 1616 ἄφροντις
1528 1567 1616 1611 τοῖς

173 1630 338 1676 πολλοῖς
365 1625 438 1668 καὶ
464 1623 625 1668 ὄδυνῶν
655 1625 790 1680 α’δαῆς
817 1626 890 1666 καί
912 1623 1112 1678 μαλακός,
1141 1624 1233 1666 ἀλλ’
1260 1627 1499 1681 ὀφθαλμοῖς
1517 1628 1615 1682 ἐφι-

264 1758 298 1782 2.
321 1745 478 1804 γένοιτο]
507 1747 757 1804 παραγένοιτο
784 1746 823 1781 A.
954 1745 988 1788 4.
1013 1743 1236 1800 αποφράδα]
1267 1744 1333 1789 τὴν
1357 1745 1499 1794 ἡμέραν
1521 1748 1613 1782 ταὺ-

263 1806 330 1837 την
366 1792 576 1841 αποφράδα
614 1792 768 1828 ἐκάλουν
800 1792 850 1831 ὥς
885 1789 1209 1849 ιῖποφράττουσαν
1242 1798 1306 1827 κιι
1329 1780 1523 1828 καταλύων
1545 1792 1613 1831 τὸν

265 1837 370 1879 ἐντὸς
394 1843 457 1876 τοῦ
484 1841 665 1887 φραγμοῦ
696 1834 788 1875 λαὸν
813 1839 902 1875 ὄντα
928 1840 990 1882 τῆς
1010 1838 1152 1877 πόλεως
1175 1840 1212 1873 Β.
1356 1841 1546 1888 ἐγδηαία
1571 1846 1611 1877 A

265 1886 422 1946 ἀθυμία]
457 1887 648 1935 δυσθυμία
678 1887 718 1920 A.
735 1889 767 1921 8.
791 1889 856 1921 καὶ
893 1887 1052 1932 ἔσχατον
1081 1885 1167 1920 ἄλλο
1201 1867 1369 1922 κακόνΑ.
1473 1900 1523 1921 ιι.
1545 1883 1612 1932 τὴν

260 1935 439 1975 καθάπαξ
474 1937 614 1971 οἰκείαν
650 1948 678 1968 ω
706 1933 819 1976 ότητα
854 1945 919 1990 πρ.
954 1934 996 1969 A.
1143 1943 1192 1965 ια
1211 1932 1274 1990 ἆβ.
1306 1932 1399 1973 ὅλως
1421 1932 1543 1980 ἧγεῑτο
1569 1939 1610 1969 Α.

265 1983 317 2017 ι3
344 1981 386 2017 οὒ
404 1981 623 2030 ξυνειλήφει]
648 1993 714 2017 ουκ
745 1966 1046 2028 ἰκρεωβορησέΑ
1121 1991 1173 2025 19.
1198 1978 1386 2023 ἅνὴδυντα
1409 1983 1450 2016 A.
1523 1981 1604 2031 οὖν]

258 2028 353 2075 γοῦν
375 2031 415 2064 A.

168 2129 310 2176 aliquid
332 2130 503 2164 habentia
527 2130 566 2163 in
587 2129 787 2176 porticibus
811 2130 881 2163 fori
916 2128 1183 2174 suspendebat,
1210 2140 1276 2174 per
1303 2129 1458 2174 speciem
1486 2135 1608 2164 osten-

166 2178 300 2212 tandae
331 2177 590 2223 magnitudinis
626 2178 780 2210 ferarum
810 2188 897 2221 quas
932 2177 1109 2221 cepisset,
1132 2188 1211 2209 cum
1238 2187 1359 2209 revera
1388 2178 1543 2211 civitatis
1571 2183 1609 2211 et

167 2235 318 2258 uxorum
353 2235 441 2270 quas
472 2225 549 2269 ipse
586 2224 838 2269 corrumpebat
872 2224 1053 2256 lasciviam
1088 2228 1240 2256 notaret.
1276 2234 1348 2267 quo
1372 2235 1456 2257 vero
1478 2223 1538 2256 die
1564 2235 1608 2257 ex

167 2271 394 2326 Propontidis
427 2271 567 2304 deliciis
598 2277 635 2304 et
659 2271 939 2304 amoenitatibus
967 2271 1004 2303 in
1031 2269 1156 2303 urbem
1178 2270 1446 2311 revertebatur,
1468 2271 1498 2304 is
1528 2270 1606 2304 dies

169 2320 314 2352 omnino
336 2319 495 2351 nefastus
523 2317 735 2351 habebatur.
758 2328 878 2362 neque
904 2317 998 2350 enim
1024 2318 1096 2350 alia
1121 2317 1165 2350 de
1191 2328 1297 2350 causa
1322 2316 1472 2350 rediisse
1498 2323 1606 2362 puta-

165 2364 284 2406 batur,
305 2366 375 2399 nisi
404 2371 444 2398 ut
466 2370 640 2398 mactaret
667 2370 703 2398 et
717 2364 885 2410 perderet
914 2374 974 2397 eos
1001 2375 1091 2409 quos
1117 2364 1187 2397 sibi
1212 2369 1350 2396 struere
1378 2363 1528 2396 insidias
1544 2376 1605 2397 su-

166 2411 381 2456 spicabatur.
405 2412 455 2445 ita
480 2411 674 2446 Andronici
696 2412 871 2445 adventus
906 2411 1028 2444 multis
1054 2411 1309 2444 detrimentum
1340 2415 1377 2443 et
1402 2421 1602 2443 moerorem

165 2463 230 2491 aut
254 2458 347 2491 vitae
373 2459 544 2492 iacturam
565 2464 628 2492 aut
652 2459 753 2491 aliud
777 2464 972 2491 extremum
1007 2458 1140 2490 malum
1172 2456 1424 2502 portendebat.
1449 2457 1479 2489 is
1505 2458 1601 2490 enim

163 2505 219 2538 vir
243 2515 322 2536 cum
347 2515 423 2537 eam
447 2505 559 2539 veluti
583 2506 716 2538 lineam
735 2506 773 2538 in
798 2505 916 2538 animo
938 2515 1002 2537 suo
1029 2504 1288 2549 descripsisset,
1316 2503 1362 2536 ad
1387 2514 1494 2548 quam
1521 2515 1601 2535 cru-

166 2550 326 2584 delitatis
359 2562 442 2584 suae
473 2553 641 2585 amussim
679 2552 854 2596 exigeret,
896 2562 975 2584 eum
1018 2551 1087 2584 sibi
1117 2551 1211 2583 diem
1239 2551 1389 2595 periisse
1422 2551 1598 2595 putabat,

165 2608 238 2642 qua
261 2608 334 2629 non
363 2598 596 2631 excellentem
630 2599 789 2644 aliquem
820 2599 935 2631 virum
970 2603 1033 2630 aut
1063 2598 1261 2642 iugulasset
1289 2602 1352 2630 aut
1377 2602 1600 2629 excaecasset

165 2649 230 2677 aut
254 2643 380 2676 saltem
404 2643 625 2689 obiurgasset
647 2651 709 2679 aut
736 2645 902 2678 Titanico
927 2644 1030 2678 vultu
1054 2645 1251 2678 terruisset.
1277 2655 1359 2676 nam
1384 2653 1488 2675 saevo
1512 2653 1600 2685 pae-

166 2690 300 2735 dagogo
329 2690 456 2723 similis
480 2691 632 2725 subinde
666 2692 846 2736 flagellum
871 2692 908 2723 in
936 2701 1065 2736 pueros
1093 2690 1297 2735 quatienti,
1324 2689 1536 2732 tempestive
1562 2693 1599 2721 et

164 2737 416 2781 intempestive
439 2736 673 2781 obiurgabat,
698 2744 735 2771 et
759 2738 804 2769 ad
830 2737 1023 2782 quodlibet
1041 2737 1189 2770 verbum
1214 2737 1286 2768 sui's
1306 2735 1451 2767 auribus
1478 2734 1597 2777 ingra-

164 2790 242 2818 tum
266 2782 563 2819 commovebatur.
606 2795 678 2828 quo
702 2783 813 2817 fiebat
836 2789 876 2816 ut
905 2794 945 2816 ea
971 2787 1183 2826 tempestate
1208 2782 1370 2814 homines
1404 2781 1533 2813 moesti
1559 2786 1596 2813 et
