1838 3210
294 198 383 235 XVI
617 192 758 231 HIER.
799 187 1002 229 WOLFII
1048 184 1362 227 PRAEFATIO.

292 293 563 334 confusionem
592 288 890 344 gymnasiorum
917 287 1161 338 intuentem,
1190 290 1262 326 etsi
1293 287 1392 326 haec
1420 300 1493 326 nec
1521 289 1712 342 temporis

291 374 364 399 nec
405 358 483 398 loci
523 358 639 396 huius
682 368 765 393 csse
804 352 1028 391 videantur.
1067 366 1190 405 quare
1233 352 1390 392 veniam
1419 360 1537 405 peto,
1572 353 1713 407 siqua

294 425 426 463 minus
469 422 518 461 ad
546 420 768 459 institutum
809 416 1052 469 pertinentia
1078 416 1301 468 inculcavi3
1350 424 1390 456 et
1417 417 1587 457 debetur
1616 418 1715 459 haec

289 487 560 542 philosophiae
598 485 778 533 libertas,
807 496 908 536 quae
949 484 1043 535 quia
1070 483 1151 522 fere
1175 483 1339 522 caeteris
1368 489 1620 523 externarum
1645 499 1713 525 re-

290 568 381 593 rum
408 549 755 592 commoditatibus
802 555 842 588 et
869 549 1114 587 ornamentis
1138 555 1262 600 earet,
1293 547 1432 588 saltem
1460 550 1712 603 cogitationis

290 626 406 671 atque
450 616 644 656 orationis
680 613 847 654 vinculis
891 613 1106 653 laxioribus
1148 614 1397 667 astringitur.
1439 628 1520 667 quo
1548 616 1713 661 nomine

288 686 471 724 Socrates
511 695 552 721 se
592 680 757 720 meliore
793 679 1018 718 conditione
1060 692 1142 718 esse
1168 694 1287 732 quam
1321 686 1529 730 oratores,
1564 681 1631 733 qui
1661 681 1714 720 ad

287 739 430 801 aquam
472 747 607 787 dicant
646 753 685 786 et
728 746 868 785 tacitos
904 745 1080 784 iudicum
1127 752 1246 785 nutus
1278 746 1518 794 observent,
1548 745 1712 799 gloriari

287 813 454 854 solebat.
495 827 566 867 ego
594 826 694 852 vero
732 826 820 851 eam
847 810 1047 850 licentiam
1078 810 1178 850 adeo
1204 810 1303 850 mihi
1329 810 1438 850 laudi
1466 825 1547 851 non
1577 811 1680 851 duco
1697 841 1710 864 ‚

285 886 332 919 ut
357 880 389 919 si
416 893 494 932 qua
535 877 651 932 culpa
693 877 758 917 vel
797 876 874 916 hac
916 876 1295 916 commemoratione
1338 875 1402 916 vel
1439 877 1712 916 conversionis

285 944 662 999 procrastinatione,
693 942 878 996 longiore
905 942 1068 995 quidem
1098 955 1220 995 quam
1246 943 1332 994 ipse
1358 948 1563 995 putaram,
1597 956 1709 982 com-

285 1012 403 1051 missa
440 1017 522 1062 est,
569 1011 651 1049 eius
678 1008 777 1047 mihi
809 1009 974 1062 gratiam
1002 1008 1086 1046 fieri
1130 1009 1313 1060 cupiam3
1358 1008 1589 1059 praesertim
1619 1021 1710 1047 cum

285 1077 416 1129 exigui
451 1075 646 1128 temporis
677 1088 804 1124 mora,
838 1073 967 1113 omnis
996 1087 1131 1127 expers
1172 1072 1437 1121 incommodi,
1468 1087 1551 1112 non
1579 1087 1709 1112 cessa-

283 1144 431 1181 tionem
458 1141 527 1181 sed
553 1141 669 1179 fidem
699 1147 739 1179 et
765 1139 1012 1194 diligentiam
1051 1153 1179 1179 meam
1207 1146 1370 1192 arguat3
1399 1152 1502 1191 quae
1530 1139 1606 1177 nisi
1633 1138 1710 1178 mi-

285 1208 329 1247 hi
351 1208 433 1246 otio
460 1214 498 1246 et
526 1205 745 1246 commodis
774 1208 871 1246 meis
898 1205 1098 1260 antiquior
1125 1205 1283 1255 fuisset,
1309 1205 1385 1244 hoc
1415 1203 1553 1244 labore
1582 1203 1710 1243 multo

286 1274 404 1313 citius
447 1273 610 1327 defungi
657 1274 887 1325 potuissem.
917 1273 986 1312 sed
1016 1279 1076 1312 sat
1102 1273 1205 1323 cito⁷
1236 1270 1270 1309 si
1294 1277 1354 1310 sat
1378 1269 1507 1321 bene,
1538 1276 1584 1308 ut
1611 1269 1710 1308 dici-

287 1347 374 1395 tur.
420 1339 529 1394 quod
570 1340 700 1392 ipsum
739 1338 861 1377 etiam
894 1337 1035 1378 sedulo
1071 1351 1133 1376 me
1162 1343 1349 1376 conatum
1384 1349 1466 1375 esse
1492 1348 1582 1374 cum
1621 1348 1708 1374 rem

285 1407 411 1458 ipsam
453 1411 685 1444 testaturam
714 1403 940 1454 confidam,
976 1402 1075 1442 nihil
1102 1403 1151 1442 de
1186 1416 1250 1441 me
1277 1403 1364 1455 ipso
1395 1400 1566 1451 addam,
1595 1400 1707 1454 quod

284 1470 466 1524 quamvis
494 1468 663 1523 amplius
690 1468 841 1522 aliquid
868 1469 1174 1522 praestitissem,
1205 1475 1339 1506 tamen
1366 1466 1610 1506 liberalitatis
1641 1480 1706 1506 er-

284 1550 334 1590 ga
382 1550 447 1575 me
473 1536 584 1575 Tuae
623 1543 662 1575 et
703 1535 886 1588 publicae
930 1549 1019 1587 erga
1058 1534 1251 1573 studiosos
1279 1533 1488 1583 homines,
1531 1546 1706 1585 quorum

283 1601 506 1641 commodis
531 1601 624 1643 Tuo
655 1608 815 1655 sumptu
843 1601 1036 1652 consulis,
1063 1607 1215 1653 partem
1244 1599 1309 1639 vix
1339 1598 1519 1651 exiguam
1545 1597 1703 1637 viderer

285 1674 496 1707 assecutus.
576 1667 777 1722 Augustae
823 1666 1144 1715 Vindelicorum,
1196 1666 1253 1705 VI
1299 1663 1357 1705 ld.
1405 1661 1541 1717 April.
1597 1676 1702 1702 anno

283 1732 500 1775 MDLV11.
