1838 3210
466 162 537 202 DE
574 163 830 204 MANUELE
878 164 1140 206 COMNENO
1182 165 1283 206 LlB.
1309 166 1401 206 vn.
1537 165 1650 222 279

204 262 548 315 βλασφημεΐσθαι
567 257 673 310 ὅλως
691 258 804 303 θεόν.
832 261 983 303 οὐκοῦν
1001 259 1254 318 μετάκλητον
1273 263 1415 319 τίθησι
1432 263 1505 306 τὸν
1529 266 1656 318 μέγα*

204 341 305 367 στον
330 323 568 379 Θεοδόσιον,
597 325 644 374 ὃς
676 327 807 368 διεῖπε
835 330 1062 381 τηνικαῦτα
1087 330 1162 370 καί
1187 328 1356 383 ἐκόσμει
1382 326 1538 385 θρόνον
1576 328 1652 372 τόν

204 391 461 446 πρώτιστον,
492 393 566 433 καί
592 394 674 434 τῶν
709 390 816 434 κατὰ
845 391 920 447 τήν
954 393 1074 434 πόλιν
1101 393 1392 449 ἐπιδημούντων
1419 395 1652 450 ἀρχιερέων

203 457 306 506 τούς
344 455 452 515 λόγῳ
491 460 564 499 καί
591 459 722 515 ἀρετῇ
739 459 1061 514 διαπρέποντας,
1088 462 1160 502 καί
1188 462 1402 503 κοινοῦται
1421 458 1582 510 τούτοις
1601 459 1649 503 τὸ

168 524 368 576 5σκέμμα
385 528 475 576 μετ’
498 521 683 578 ὄγκηρῶν
701 525 975 578 προεισοδίων
995 526 1066 579 τῆς
1088 523 1344 575 ὑποθέσεως.
1378 525 1652 578 ἀνανεύοντας

204 589 252 630 δὲ
276 585 431 638 πάντας
456 585 595 643 εὖρών
613 588 686 630 καί
707 590 808 643 μηδ’
825 584 972 643 ἄκροις
997 591 1369 644 παραδεχομένους
1398 591 1481 634 «iol
1493 589 1543 633 τὰ
1562 591 1651 634 εἶσ-

200 654 413 709 ηγούμενα
459 651 518 702 ὥς
558 650 767 709 ἀπόφημα
794 652 868 694 καί
893 656 967 708 τῆς
994 657 1053 703 εἰς
1079 654 1182 697 θεὸν
1210 652 1499 712 ἀληθεστάτης
1528 655 1650 712 δόξης

200 716 426 773 ἀπάγοντα,
461 719 764 774 ἐξηγουμένους
791 719 839 760 δὲ
859 721 1071 775 θεοφιλῶς
1098 719 1143 761 τὸ
1173 721 1234 769 εἰς
1259 718 1490 763 σκάνδαλον
1521 723 1652 776 δῆθεν

201 786 276 827 καί
300 781 548 839 πρόσκομμα
575 786 773 838 κείμενον,
803 786 874 826 καί
891 785 1209 841 διασαφοῦντας
1234 784 1293 841 μὴ
1321 782 1428 836 ὅλως
1449 785 1552 829 θεὸν
1577 788 1650 830 οὔ-

143 866 189 894 ιο
200 851 331 907 ρανοῦ
355 851 428 892 καί
455 851 533 906 γῆς
557 848 731 906 ποιητὴν
750 849 1155 904 καθυποβάλλεσθαι
1176 851 1412 905 ἀναθέματι
1444 851 1551 895 ἀλλὰ
1579 852 1687 896 τὸνΒ

199 915 316 971 παρὰ
347 916 408 973 τῷ
421 913 533 974 λήρῳ
558 917 631 957 καί
655 914 1133 970 δαιμονιώδειΜωάμετ
1161 916 1524 971 ἀναπλαττόμενον
1552 916 1649 961 ὄλό..

197 997 364 1038 σφυρον
399 980 501 1024 θεὸν
537 980 613 1024 καὶ
636 981 743 1036 μήτε
778 983 1024 1037 γεννηθέντα
1069 983 1175 1038 μήτε
1210 983 1466 1040 γεννήσαντα
1511 985 1647 1041 (παρὰ

197 1050 475 1102 Χριστιανοῖς
515 1047 595 1100 μὲν
631 1046 711 1103 γὰρ
745 1046 997 1099 δοξάζεσθαι
1034 1051 1195 1104 πατέρα
1222 1046 1343 1102 θεόν,
1374 1049 1486 1091 αὐτοὶ
1519 1051 1566 1092 δὲ
1597 1049 1648 1092 τὰ

197 1111 413 1169 ἀπόβλητα
453 1115 532 1155 τοῦ
556 1112 754 1166 Μωάμετ
795 1115 1017 1169 ληρήματα
1053 1117 1178 1156 τοῦτο
1208 1114 1490 1171 ἀπαγορεύειν
1514 1113 1644 1164 ὅλως·

139 1179 270 1222 ιόκαί
297 1175 434 1228 ἄλλως
463 1180 510 1222 δὲ
534 1177 594 1234 μή
617 1180 801 1221 συνιέναι
820 1176 1006 1236 ἀκριβῶς
1030 1179 1169 1222 ὁποῖόν
1195 1181 1241 1223 τι’
1262 1182 1354 1222 ἐστι
1381 1179 1428 1222 τὸ
1460 1178 1648 1237 ὅλόσφυ-

196 1249 321 1303 ρον),
362 1242 518 1295 αὗτοὺς
559 1247 639 1299 μὲν
679 1246 907 1302 φθινύθειν
942 1243 1084 1288 εἴασεν
1110 1247 1155 1289 ἐν
1195 1246 1394 1302 στήθεσιν
1422 1245 1533 1301 ἔχων
1552 1245 1646 1290 νόον

196 1311 423 1368 ἀκήλητον,
451 1314 549 1354 καθ’
573 1307 724 1354 ἑαυτὸν
751 1313 792 1354 δ’
810 1311 1004 1368 ἐκτίθησι
1023 1311 1176 1367 τόμον,
1205 1312 1432 1368 ὖπουργοῖς
1462 1314 1523 1362 εἰς
1550 1313 1646 1355 τοῦ·

193 1394 239 1420 το
253 1376 518 1434 χρησάμενος
539 1377 615 1429 οὓς
641 1374 738 1435 ᾔδει
766 1379 852 1420 τῶν
879 1379 924 1421 ἐκ
948 1379 1021 1434 τῆς
1043 1381 1262 1433 βασιλείου
1291 1381 1422 1435 αὐλῆς
1448 1378 1521 1422 τὸν
1551 1395 1643 1421 και-

196 1441 273 1498 ρόν
312 1441 608 1493 κολακεύοντας
645 1445 720 1486 καί
749 1443 874 1498 λόγου
898 1446 1170 1499 μετέχοντας,
1200 1441 1541 1500 ὖπερηγοροῦντα
1565 1447 1645 1498 μὲν

133 1524 184 1550 20
195 1509 269 1564 τῆς
295 1511 373 1552 τοῦ
396 1509 592 1563 Μωοίμετ
617 1510 881 1566 μωρολογίας
910 1510 981 1566 (οὗ
1005 1509 1085 1566 γὰρ
1115 1507 1169 1552 ἀν
1199 1509 1358 1564 εἴποιμι
1386 1511 1641 1567 θεολογίας),

195 1573 512 1630 καθαπτόμενον
549 1578 597 1618 δὲ
642 1578 844 1631 λαμπραῖς
883 1579 967 1620 τῶν
992 1575 1199 1631 πρότερον
1223 1580 1431 1630 βασιλέων
1459 1578 1535 1618 καί
1556 1578 1679 1632 τῶνρ

195 1643 242 1684 ἐκ
266 1642 342 1684 τοῦ
387 1638 618 1696 καταλόγου
661 1645 740 1683 τοῦ
764 1641 883 1698 ἱεροῦ
919 1642 978 1691 ὥς
1020 1643 1202 1696 ἀμαθῶς
1229 1643 1302 1683 καί
1328 1643 1640 1697 ἀπερισκέπτως

194 1707 457 1762 ἀνεχομένων
499 1706 580 1750 ’ὕπὸ
611 1706 806 1760 ἀνάθεμα
847 1708 1048 1750 τίθεσθαι
1074 1707 1177 1749 θεὸν
1202 1706 1274 1749 τόν
1298 1707 1514 1762 ἀληθινόν.
1569 1709 1644 1749 καί

193 1774 335 1816 τοῦτον
363 1775 423 1822 εἰς
446 1771 589 1828 κοινὴν
616 1772 820 1829 ἀκρόασιν
849 1774 938 1816 gni»
952 1775 1033 1816 τῶν
1060 1772 1184 1827 ἱερῶν
1211 1772 1394 1829 ἀρχείων
1417 1773 1614 1815 ἐκδίδωσι
1624 1803 1639 1826 ,

287 1894 343 1919 ax.
368 1885 563 1932 προτέρων
592 1885 630 1918 Α.

193 1999 337 2034 cunque
371 1987 506 2020 offendi
542 1987 744 2032 Agarenos,
779 1989 842 2033 qui
883 1987 929 2021 ad
955 1988 1052 2033 piam
1076 1991 1237 2022 nostram
1264 1987 1477 2032 religionem
1506 1985 1640 2021 defice·-

193 2041 284 2069 reut.
321 2035 474 2080 proinde
511 2035 666 2067 maximo
700 2034 909 2068 Theodosio
952 2035 1146 2076 accersito,
1188 2035 1253 2080 qui
1290 2035 1491 2080 principem
1515 2034 1639 2067 sedem

193 2082 343 2116 curabat
369 2087 479 2127 atque
513 2081 684 2122 ornabat,
713 2087 751 2114 et
773 2081 951 2127 primariis
987 2082 1235 2115 sacerdotibus
1255 2107 1264 2122 ‚
1291 2082 1356 2126 qui
1378 2086 1455 2114 tum
1480 2081 1519 2114 in
1546 2081 1639 2115 urbe

194 2134 298 2162 erant
323 2128 535 2173 eloquentia
571 2134 609 2161 et
638 2128 772 2162 virtute
809 2134 1052 2173 praestantes,
1091 2130 1342 2173 quaestionem
1377 2139 1457 2160 cun]
1495 2128 1638 2161 tumido

193 2175 341 2209 exordio
366 2175 547 2220 proponit.
573 2175 636 2220 qui
669 2186 750 2208 cum
785 2186 909 2209 omnes
934 2175 1219 2220 refragarentur,
1244 2186 1312 2208 nec
1334 2175 1410 2207 ullo
1435 2174 1543 2207 modo
1571 2175 1639 2208 illa

192 2222 428 2256 admitterent
454 2227 494 2255 nt
532 2221 689 2255 absurda
717 2227 755 2255 et
781 2233 801 2253 a
822 2233 906 2258 vera
939 2221 985 2254 de
1011 2222 1078 2255 deo
1105 2223 1286 2258 sententia
1314 2220 1557 2263 abducentia,
1582 2227 1639 2255 at-

191 2281 264 2314 que
289 2268 480 2303 anathema
505 2268 598 2301 illud
615 2269 824 2302 offensionis
847 2269 995 2313 plenum
1012 2270 1072 2314 pie
1097 2269 1321 2313 explicarent
1344 2267 1427 2314 (nec
1451 2268 1548 2301 enim
1573 2268 1638 2301 de-

191 2327 251 2348 um
271 2316 362 2349 caeli
387 2321 423 2348 et
444 2321 560 2348 terrae
584 2315 807 2348 conditorem
824 2316 900 2348 ullo
922 2315 1030 2348 modo
1047 2316 1276 2349 anathemate
1301 2316 1433 2356 notari,
1457 2315 1520 2348 sed
1531 2314 1639 2348 holo-

193 2362 362 2408 sphyrum
386 2362 491 2395 illum
519 2362 648 2400 deum,
674 2374 785 2408 quem
808 2362 944 2396 delirus
970 2368 1007 2396 et
1032 2363 1188 2396 furiosus
1214 2363 1461 2396 machometus
1485 2373 1553 2395 nec
1575 2373 1638 2406 ge-

191 2410 309 2443 nitum
350 2420 418 2442 nee
459 2410 662 2453 gignentem
694 2410 934 2453 confingeret:
959 2421 1044 2442 nam
1070 2409 1168 2454 apud
1194 2409 1418 2442 Christianos
1443 2408 1550 2441 deum
1572 2419 1639 2453 pa-

192 2460 284 2488 trem
308 2455 496 2497 celebrari,
524 2456 623 2501 quod
649 2456 872 2490 detestandis
887 2453 1107 2489 M'achometi
1130 2456 1356 2500 nugamentis
1381 2456 1490 2500 plane
1513 2455 1639 2499 prohi-

192 2500 332 2535 beatur.
355 2502 487 2535 deinde
513 2514 551 2535 se
579 2514 653 2535 non
681 2503 768 2536 satis
802 2504 1007 2548 intelligere
1036 2503 1126 2548 quid
1150 2504 1200 2537 sit
1223 2502 1318 2535 illud
1343 2501 1638 2547 holosphyrum),

194 2548 247 2581 eis
269 2549 388 2581 animo
412 2549 505 2582 nihil
520 2550 683 2593 mitigato
707 2551 941 2594 contemptis,
966 2555 1094 2595 suapte
1109 2550 1326 2583 auctoritate
1340 2575 1349 2590 ‚
1378 2554 1416 2582 et
1439 2548 1641 2580 aulicorum

194 2594 436 2636 eruditorum,
461 2608 551 2640 quos
579 2597 733 2641 tempori
758 2598 890 2629 servire
913 2603 1030 2638 norat,
1054 2597 1268 2637 ministerio,
1297 2596 1479 2629 decretum
1506 2604 1640 2637 propo-

194 2641 271 2681 nit,
299 2652 370 2685 quo
397 2647 434 2675 et
462 2643 681 2680 Machometi
705 2643 874 2676 delirium
908 2646 988 2685 (cur
1013 2644 1111 2676 enim
1139 2643 1357 2686 theologiam
1387 2640 1548 2684 ‹lh-aud)
1574 2639 1639 2672 de-

194 2687 413 2722 fendebatur
452 2693 489 2720 et
511 2691 713 2733 superiores
747 2691 982 2736 imperatores
1021 2701 1275 2734 sacrorumque
1301 2688 1483 2722 antistites
1513 2691 1637 2730 aperte

195 2733 430 2774 taxabantur,
454 2735 519 2779 qui
547 2735 655 2770 deum
680 2747 804 2771 verum
842 2736 1024 2776 inerudite
1051 2742 1088 2771 et
1112 2735 1380 2770 inconsiderate
1404 2731 1639 2767 anathemato
