1838 3210
233 167 309 233 44
377 180 379 182 ’
645 181 877 223 NJCETAE
928 176 1243 220 cnonTAE

234 284 291 339 τῷ
319 283 390 336 τῆς
433 283 546 335 νίκης
590 274 776 332 περιόντι
809 271 836 327 ἢ
863 277 913 332 τῇ
939 279 1017 318 τοῦ
1043 271 1293 329 κασιγνήτου
1324 269 1512 329 ἐπανόδῳ
1543 271 1666 326 η’γαλ..

236 349 368 389 λιᾶτο.
398 348 402 353 ’
425 348 496 387 καί
518 344 563 386 τὸ
595 341 775 396 ὑπήκοον
803 343 849 383 δὲ
873 342 1092 395 κατεκίρνα
1119 356 1206 389 πως
1222 337 1275 380 τὰ
1304 336 1485 392 ἐγκώμια
1510 339 1566 394 τῷ
1591 336 1668 378 τοῦ

236 414 440 465 βασιλέως
467 408 595 464 τούτῳ
623 407 970 461 προμηθευματι,
999 402 1048 447 οὖ
1077 403 1205 458 μόνον
1230 409 1314 452 τοῖς
1343 402 1474 444 αὐτοῦ
1499 402 1671 457 τροπαί-

186 511 191 516 .
237 491 300 524 οις
323 470 678 524 καλλωπιζόμενον
705 471 778 512 καὶ
802 473 906 512 eima
932 473 1019 528 θεῷ’
1053 467 1310 525 χαριστήρια
1336 470 1394 524 τῷ
1423 466 1498 508 καὶ
1520 462 1671 518 πορεύ-

238 555 360 582 σαντι
391 538 534 579 τοῦτον
554 537 629 577 καί
654 534 821 590 νικητὴν
850 536 1128 588 οἷνασιόσαντι,
1157 532 1265 577 ἀλλὰ
1296 533 1368 574 καί
1391 534 1440 589 τῇ
1455 532 1527 573 τοῦ
1553 528 1711 575 ἀδελ-5

202 605 324 660 Βφοῦ
354 604 497 656 α’φίξει
524 599 920 655 ἐπευφραινόμενον.

349 665 428 720 zm}
468 662 745 721 πολυωρήσας
782 667 828 707 δὲ
855 666 911 723 τῷ
938 665 1182 721 Βυζαντίῳ,
1215 665 1297 706 τῶν
1322 663 1504 718 Περσῶν
1532 662 1675 714 εἰσβα-

242 732 399 775 λὸντων
427 735 513 779 τοῖς
539 729 645 772 κατὰ
675 729 859 783 ποταμὸν
886 728 958 772 τὸν
985 729 1216 785 Σαγγάριον
1245 728 1488 783 ἐπιδρόμοις
1514 725 1675 779 τόποις,

240 795 452 851 ὑπεριδών
478 798 673 849 καχεξίας
703 795 921 849 σώματος,
948 795 1006 844 ὥς
1035 791 1146 848 εἶχεν
1172 793 1423 849 ἐξώρμησεν,
1451 789 1551 834 ὅθεν
1577 790 1676 839 τούς

241 863 463 915 πολεμίους
499 860 761 914 διαθροὴσας
795 863 846 916 τῇ
883 861 1092 916 παρουσίᾳ
1128 860 1199 900 καί
1236 857 1490 914 θρεμμάτων
1526 856 1676 910 ἀγέλας
1694 869 1742 895 ιο

242 925 397 976 ἐλάσας
436 927 716 968 παντοδαπῶν
765 927 1000 979 ἐπανῆλθεν
1043 927 1102 974 εἰς
1129 922 1172 966 τὸ
1205 922 1444 966 Λοπάδιον.
1506 925 1598 975 μετ’
1626 920 1677 962 οὖ

243 992 347 1035 πολὺ
380 993 427 1033 δὲ
453 990 525 1032 καί
547 993 620 1046 τῆς
645 991 978 1044 γυναικωνίτιδος
1001 987 1188 1045 ἐξιούσης
1207 989 1284 1045 τήν
1310 987 1443 1042 πόλιν,
1471 986 1544 1036 τὰς
1560 988 1680 1039 Ὀχυ-

131 1067 172 1102 V.
195 1057 324 1113 ι8ρα“ς
367 1058 584 1109 ἐδείματο,
622 1055 697 1110 τὴν
724 1057 770 1096 ἐκ
808 1057 891 1097 τῶν
930 1057 1138 1107 πολεμίων
1179 1057 1412 1109 ἐκεχειρίαν
1451 1054 1510 1102 εἷς
1540 1051 1588 1095 τὸ
1620 1049 1681 1106 μὴ

244 1122 377 1180 πάντῃ
417 1122 662 1176 ἀξύμφορον
682 1120 906 1173 Ῥωμαίοις
939 1119 1154 1170 διατιθείς.
1226 1121 1489 1174 ἐμβραδῦναι
1522 1119 1567 1159 δὲ
1596 1121 1681 1166 τοῖς

244 1187 386 1236 τόποις
413 1186 575 1234 τούτοις
606 1182 897 1238 διανοούμενος
923 1184 998 1240 τὴν
1022 1183 1217 1240 στρατιὰν
1244 1185 1524 1240 ἀθροισθῆναι
1551 1183 1681 1224 διετε-
1699 1179 1747 1227 15

245 1251 382 1307 τάχει.
450 1249 524 1292 καί
559 1250 584 1305 ἦ
611 1252 689 1303 μὲν
718 1252 764 1292 ἐκ
791 1249 1084 1303 θεσπισμάτων
1108 1253 1332 1303 βασιλείων
1357 1246 1576 1303 συνήγετο,
1606 1246 1686 1288 αὕ-

209 1318 318 1366 (ζτός
347 1318 393 1358 δὲ
419 1315 524 1358 κατὰ
553 1317 674 1358 τοῦτο
702 1314 747 1357 τὸ
779 1314 899 1371 ἔργον
928 1315 985 1364 ὥς
1011 1316 1208 1357 οὐδέποτε
1235 1322 1319 1364 τοῖς
1346 1316 1686 1370 στρατευομένοις

248 1381 532 1436 ἀσυγγνώμων
565 1379 681 1431 ἔδοξε
720 1379 794 1422 καὶ
828 1378 964 1436 βαρῦς
1008 1379 1082 1422 καί
1103 1379 1149 1423 τὸ
1179 1383 1301 1422 πλέον
1326 1382 1433 1436 μηδὲ
1458 1381 1592 1434 μέτρα
1619 1379 1688 1420 ἐκ-

247 1446 465 1502 στρατείας
495 1446 644 1500 εῖδιός,
667 1445 723 1495 ὥς
751 1444 862 1501 εἴπερ
887 1442 1062 1488 ἑλάθετο
1089 1443 1119 1500 ἢ
1151 1446 1227 1487 ov'n
1243 1444 1455 1500 ἐνενόησεν
1484 1444 1540 1493 ὥς
1570 1458 1687 1498 τρισ-

247 1511 324 1555 σὸν
349 1510 438 1560 ἔτος
472 1513 517 1554 ἐν
549 1517 636 1561 τοῖς
675 1508 793 1569 ἑῴοις
830 1512 1024 1564 πολέμοις
1045 1508 1244 1564 Ῥωμαῖοι
1276 1510 1510 1565 διήνεγκαν.
1563 1507 1609 1551 τὸ
1641 1508 1754 1555 δὲαο

247 1576 354 1633 πρὸς
379 1573 587 1633 ἄρρηκτον
614 1577 771 1618 ἐκεινου
788 1574 916 1630 ἔχθος
945 1574 1007 1618 ἔτι
1029 1578 1186 1628 μᾶλλον
1204 1578 1385 1631 ἐκμῆναν
1411 1571 1463 1630 ἧν
1494 1570 1560 1616 ὅτι
1588 1577 1690 1615 πολ-

249 1641 319 1684 λοὶ
343 1645 427 1684 ταῖν
464 1643 524 1690 εἰς
553 1644 714 1696 Συρίαν
758 1640 1080 1695 συναναβάντων
1106 1642 1246 1698 ἐκείνῳ
1276 1644 1538 1695 στρατιωτῶν
1561 1636 1689 1694 μήπω

251 1706 305 1751 τὰ
335 1706 439 1749 οἴκοι
479 1709 734 1760 βλέψαντες,
785 1705 892 1749 α’λλὰ
939 1705 1047 1764 νόσῳ
1086 1706 1277 1759 σώματος
1312 1705 1385 1747 καί
1420 1702 1570 1747 σπάνει
1607 1706 1691 1746 τῶν

351 1834 402 1857 ιι.
427 1825 508 1869 μετ’
535 1821 581 1856 οὔ
602 1816 717 1879 πολὺ]
742 1822 864 1867 εὑρών
893 1821 934 1857 δὲ
960 1825 1025 1857 καὶ
1049 1815 1117 1864 τὴν
1137 1821 1343 1858 δέσποιναν
1359 1821 1439 1856 ἐκεῖ
1451 1822 1505 1860 εἰς
1522 1815 1591 1866 τῆν
1617 1821 1692 1856 πό-

346 1871 407 1903 λιν
431 1865 523 1910 ἦλθε
545 1862 611 1906 τὰς
636 1869 780 1914 ἄχυρας
804 1870 840 1902 Β.
944 1870 994 1903 ι5.
1020 1868 1398 1914 διασκοπούμενοςΑ.
1504 1881 1560 1905 20-
1585 1867 1693 1913 ἑῴοις

348 1926 417 1948 om.
445 1916 485 1948 A.
579 1925 634 1948 21.
659 1915 866 1960 ἅρρητονΑ
890 1916 1029 1949 omissis
1061 1916 1209 1950 ἐκείνου
1235 1921 1271 1949 et
1293 1911 1337 1958 ἦν
1359 1920 1397 1949 et
1421 1917 1668 1960 στρατιωτῶν.

256 2037 337 2060 cum
365 2036 408 2058 eo
442 2026 638 2069 ingressus,
678 2036 752 2058 non
775 2027 885 2069 magis
924 2027 1073 2059 victoria
1098 2037 1205 2071 quam
1228 2027 1347 2059 fratris
1373 2026 1491 2060 reditu
1518 2031 1572 2060 est
1597 2027 1696 2072 gavi-

257 2085 328 2106 sus.
356 2071 494 2105 subditi
519 2082 664 2116 quoque
701 2072 874 2105 instinctu
913 2073 989 2104 eius
1014 2072 1138 2105 laudes
1169 2073 1501 2116 communicabant3
1528 2084 1595 2106 nec
1619 2079 1695 2107 tro—

256 2119 358 2165 paeis
384 2118 558 2150 duntaxat
591 2118 857 2161 gloriabantur⁷
883 2123 919 2151 et
953 2118 1021 2150 deo
1047 2129 1273 2152 successuum
1297 2120 1436 2153 auctori
1460 2120 1588 2164 gratias
1613 2131 1698 2164 age-

257 2167 366 2205 bant,
392 2163 455 2197 sed
481 2170 517 2197 et
541 2164 660 2197 fratris
686 2165 763 2197 eius
790 2164 947 2197 adventu
975 2165 1214 2198 laetabantur.

352 2211 540 2244 Caeterum
567 2221 642 2243 non
666 2210 728 2242 diu
751 2212 912 2254 Byzantii
941 2217 1190 2251 commoratus,
1212 2223 1292 2243 cum
1316 2212 1440 2244 Persae
1465 2212 1503 2244 in
1529 2216 1697 2256 patentes

260 2269 404 2300 campos
430 2257 530 2290 iuxta
555 2257 763 2300 Sangarium
786 2257 933 2290 fluvium
957 2258 1130 2301 impetum
1164 2257 1354 2296 fecissent,
1382 2258 1543 2302 quamvis
1570 2269 1699 2303 corpo-

260 2316 300 2337 re
326 2315 451 2348 aeger,
475 2303 597 2336 statim
633 2303 754 2336 exivit.
778 2303 828 2336 ita
852 2303 1016 2336 hostibus
1047 2315 1110 2336 sua
1134 2305 1337 2348 praesentia
1362 2305 1496 2337 territis
1522 2310 1559 2337 et
1582 2305 1699 2338 omnis

261 2353 402 2395 generis
442 2350 632 2394 pecoribus
661 2349 816 2391 abactis,
849 2350 1048 2394 Lopadium
1072 2351 1227 2383 recessit.
1252 2362 1325 2382 non
1348 2351 1462 2383 multo
1485 2356 1569 2395 post
1584 2377 1594 2393 ,
1618 2348 1713 2384 cum‘

263 2398 370 2431 etiam
397 2396 651 2439 Gynaeconitis
685 2397 774 2429 urbe
815 2396 971 2437 exisset,
995 2397 1213 2429 munitiones
1241 2397 1475 2437 instauravit,
1499 2397 1575 2431 otio
1600 2397 1700 2442 quod

262 2455 284 2476 a
311 2443 409 2483 bqello
437 2442 590 2475 dabatur
621 2443 660 2474 in
685 2443 737 2475 rei
763 2442 930 2486 publicae
959 2442 1183 2475 commodum
1211 2453 1392 2476 converso.
1419 2443 1550 2488 quibus
1579 2443 1617 2476 in
1644 2443 1701 2475 lo..

263 2490 314 2523 cis
342 2499 423 2521 cum
447 2489 654 2521 commorari
682 2489 876 2529 statuisset,
901 2486 1060 2532 Iegiones
1085 2490 1274 2534 convenire
1299 2490 1414 2522 iussit.
1440 2488 1539 2534 quod
1565 2490 1633 2523 etsi
1656 2500 1702 2522 ex

263 2535 434 2569 mandato
468 2537 544 2568 eius
569 2534 698 2576 fiebat,
728 2541 849 2569 tamen
872 2535 1006 2568 milites
1041 2535 1142 2568 nulla
1166 2547 1324 2580 unquam
1350 2546 1388 2568 re
1416 2546 1453 2568 se
1478 2537 1589 2579 magis
1613 2547 1703 2568 one-

265 2588 363 2616 ratos
402 2591 478 2614 esse
514 2580 712 2625 putabant,
747 2581 847 2626 quod
878 2581 1149 2625 expeditionum
1174 2582 1316 2615 nullum
1339 2582 1447 2615 sciret
1467 2582 1614 2615 modum
1639 2587 1706 2615 aut

266 2628 403 2661 oblitus
440 2633 553 2669 esset,
595 2633 658 2660 aut
680 2638 752 2660 non
790 2633 972 2672 reputaret
999 2629 1174 2661 Romanos
1197 2629 1343 2661 tertium
1367 2640 1500 2661 annum
1533 2629 1572 2662 in
1594 2627 1706 2661 hellis

268 2674 515 2708 Orientalibus
542 2675 814 2718 consumpsisse.
851 2673 945 2706 illud
970 2685 1054 2707 vero
1079 2675 1155 2708 eius
1179 2675 1302 2707 odium
1330 2675 1576 2719 exasperabat,
1604 2673 1705 2719 quod.

268 2721 374 2758 multi
399 2721 546 2762 milites,
574 2721 638 2765 qui
663 2732 745 2754 eum
769 2721 807 2754 in
832 2720 969 2764 Syriam
991 2721 1105 2755 secuti
1129 2727 1242 2763 erant,
1266 2731 1303 2755 re
1331 2720 1528 2756 domestica
1542 2720 1705 2757 nondum
