1878 3230
310 222 382 261 ΒΕ
418 219 616 261 ΑιΕΧιο
655 218 851 261 lsAAcn
890 219 1086 260 ANGEm
1123 219 1208 260 ιιι.
1247 219 1347 260 Lm.
1386 221 1418 259 ι.
1497 198 1602 253 6οι

180 323 373 374 τέμενος,
403 317 729 373 ἀναγορεύουσιν
749 317 1050 372 αὐτοκράτορα,
1077 312 1396 372 ἄστροθειὶμονα
1414 309 1516 358 ὄντα
1543 317 1616 357 καὶ

181 387 314 428 πάλαι
345 386 397 441 τῇ
427 385 619 440 βασιλείᾳ
667 382 957 438 ἐνεδρεύοντα,
986 382 1124 424 ου’κὲτι
1153 385 1337 436 λέγοντες
1361 384 1500 424 θέλειν
1528 378 1611 422 timi

182 451 416 506 Κομνηνῶν
446 449 744 503 βασιλεύεσθαι
786 449 1060 502 γεγενημένων
1100 447 1242 496 αὐτοῖς
1269 463 1329 496 εις
1357 445 1608 524 πλησμονήν.
1624 455 1652 488 C

182 517 256 570 τῆς
283 517 328 556 δὲ
363 516 607 569 βασιλίσσης
646 511 926 568 Εὔφροσύνης
966 511 1234 562 ἐπικινδύνως
1275 529 1406 562 οιτως
1434 512 1478 555 τὸ
1506 513 1665 566 μέγαν.
1677 519 1740 564 24¹

145 581 381 622 5παλιὲτιον
411 579 647 633 εἰσιούσης,
685 576 786 620 ἔνιοι
815 594 899 619 των
926 574 996 619 ἄπ’
1026 576 1211 656 ευσημου
1240 581 1382 632 γένους
1409 575 1615 634 ἐφεπόμε-

181 661 247 688 νοι
276 647 408 701 ἐκείνῃ
445 642 552 686 κατὰ
586 646 660 686 τοῦ
695 642 1042 699 Κοντοστεφάνου
1081 641 1282 699 ω’ρμησαν
1316 642 1617 698 τολμηρότερον

181 712 338 764 μᾶλλον
372 705 401 764 ἢ
430 707 721 764 συνετώτερον,
762 707 835 750 καί
874 707 919 750 τὸ
944 710 1148 763 χυδαῖζον
1184 715 1333 765 στῖφος
1359 712 1431 763 τῆς
1459 708 1618 757 πόλεως

184 775 332 818 αὐτίκα
366 773 735 828 διασκεδάννυται,
775 775 848 816 καί
890 774 914 816 ὅ
964 777 1315 830 Κοντοστέφανος
1361 775 1620 829 συλληφθείς

184 841 354 897 φρουρᾷ
380 840 677 896 παραδίδοται.
748 842 812 896 (2)
840 841 916 882 τοῦ
956 841 1003 881 δὲ
1030 837 1250 894 δημώδους
1276 837 1464 894 πλήθους
1491 836 1621 888 οὕτως

117 896 461 962 ἰοῆρεμηκότος,
503 903 575 946 καὶ
614 904 718 948 αὐτὸ
745 907 964 954 συναπταῖς
998 903 1043 947 τὸ
1072 906 1145 960 τῆς
1172 904 1387 960 ἐκκλησίας
1414 903 1621 958 πλήρωμα

182 973 236 1028 τῇ
261 973 333 1029 νέᾳ
372 972 590 1025 τυραννίδι
625 970 874 1024 συμβαίνει,
919 973 994 1012 καί
1015 985 1079 1018 τις
1114 971 1196 1013 τῶν
1225 968 1440 1024 νεωκόρων
1468 969 1621 1024 ὀλίγοις

182 1035 452 1093 ὖποφθαρείς
467 1039 645 1092 κέρμασι
675 1039 817 1093 (τοῦτο
846 1038 893 1078 δὲ
916 1038 988 1078 καί
1011 1038 1094 1078 τῶν
1120 1037 1330 1090 α’γοραίων
1358 1036 1621 1090 οἱζταραχοό-

184 1104 271 1151 δεις
307 1101 542 1143 πεπόνθασι
582 1105 656 1144 καί
691 1105 866 1158 βραχεῖς
907 1103 989 1144 τῶν
1017 1102 1063 1143 ἑκ
1087 1103 1164 1143 τοῦ
1191 1103 1431 1144 δικαστικοῦ
1460 1100 1621 1155 τάγμα-

185 1183 280 1217 τος·
339 1167 392 1208 τὰ
422 1168 468 1208 δὲ
502 1167 689 1220 ὀνόματα
716 1169 944 1224 προφέρειν
971 1169 1024 1208 ου’
1050 1166 1256 1223 δυ’ναμαι)
1287 1170 1360 1215 τῆς
1390 1169 1467 1208 τοῦ
1497 1167 1621 1208 Ἀλε-

125 1232 275 1285 ι5ξίου
302 1233 515 1288 εὔφημίας
546 1232 802 1286 κατάρχεται
847 1234 907 1281 εἰς
933 1231 1004 1274 τὸν
1029 1230 1145 1286 ἱερὸν
1170 1230 1441 1284 α’νοίσταθμον
1469 1232 1664 1284 α’νιών,ῡ

182 1295 242 1352 μὴ
271 1298 495 1350 α’ναμείνας
521 1298 567 1339 ἐκ
603 1299 680 1339 τοῦ
707 1294 1004 1353 ἆρχιποιζιιενος
1046 1298 1093 1339 τὸ
1134 1295 1361 1350 ἐνδόσιμον.
1419 1295 1526 1351 ἀλλὰ
1553 1298 1625 1339 καὶ

184 1357 303 1411 οὗτος
332 1360 483 1419 μικρόν
507 1379 547 1405 τι
580 1362 755 1416 ἐνστάς,
784 1365 857 1405 καί
883 1361 983 1406 ὅσον
1010 1362 1084 1405 τὸν
1110 1361 1169 1418 μή
1205 1362 1462 1416 αὐτόκλητον
1489 1362 1624 1415 ὑπεμ-

184 1430 341 1485 φῆναι,
370 1427 443 1484 την
467 1428 633 1484 γνώμην
660 1431 719 1478 εἰς
757 1427 830 1471 τὸν
858 1423 1037 1484 ἄρξαντα
1065 1431 1281 1483 μετέθηκε.
1340 1427 1412 1469 καί
1443 1429 1520 1469 τοῦ
1546 1445 1626 1469 πα-

184 1494 390 1549 τριάρχου
425 1496 567 1536 τοίνυν
597 1494 976 1548 ὖποχαυνωθέντος
1017 1493 1154 1543 οὐδεὶς
1192 1490 1246 1549 ἧν
1274 1495 1320 1536 ἐκ
1347 1491 1494 1536 τούτου
1522 1510 1625 1547 γνω-

123 1577 175 1605 20
187 1561 381 1613 σιμαχῶν
398 1592 411 1613 ,
442 1558 547 1601 ἀλλὰ
579 1557 730 1609 πάντες
754 1559 800 1602 τὸ
825 1562 1016 1614 μέγιστον
1042 1555 1214 1615 ἆρχεΐον
1244 1556 1627 1613 καταλαμβάνοντες

186 1623 444 1679 ηὐτομόλουν
480 1625 661 1678 ἀτεχνῶς
700 1627 751 1681 τῇ
798 1626 987 1679 βασιλίδι
1024 1625 1082 1673 ὥς
1124 1621 1390 1678 ἀνδράποδα,
1431 1627 1505 1666 καί
1530 1623 1629 1679 πρίν

187 1689 356 1732 ἰδέσθαι
381 1688 451 1732 τὸν
476 1689 793 1746 τυραννήσαντα
821 1687 850 1746 ἢ
875 1691 1030 1746 γνῶναι
1064 1691 1248 1747 α’κριβῶς
1275 1688 1402 1732 ὅποῖα
1428 1689 1480 1732 w·
1511 1693 1629 1740 ξυνε-

280 1807 314 1830 2.
336 1794 516 1843 βασιλεία]
545 1795 645 1843 α’ρχῇ
668 1796 709 1830 A.
738 1794 804 1838 τῆν
827 1797 1020 1840 βασιλείαν
1048 1796 1089 1831 ἐκ
1113 1795 1260 1830 πολλοῦ
1283 1793 1567 1841 μαντευόμενον
1590 1796 1628 1828 Β.

279 1846 314 1888 4.
338 1842 529 1887 βασιλίδος
550 1843 590 1876 A.
706 1844 738 1878 5.
763 1843 954 1886 εἰσιούσης
977 1844 1041 1876 καὶ
1063 1854 1139 1877 των
1162 1862 1211 1868 —
1232 1844 1368 1888 γένους
1392 1843 1518 1898 ἐκείνη
1542 1843 1630 1887 ἔφε-

279 1890 459 1935 πομένων
491 1882 584 1923 κατὰ
619 1890 689 1923 τοῦ
719 1900 890 1925 κοντοστ.
924 1888 1237 1945 ἐξορμησάντων
1252 1908 1299 1917 --
1341 1898 1463 1923 συνει.
1510 1889 1568 1923 το’
1590 1899 1630 1923 τε

281 1935 365 1994 χυδ.
393 1946 448 1969 στ.
472 1937 536 1978 τῆς
557 1946 597 1970 71.
622 1935 744 1969 διασκ.
770 1937 810 1969 Α.
954 1937 1005 1972 ι5.
1029 1938 1083 1974 εἰς
1118 1934 1186 1972 τὸν
1211 1933 1367 1982 ἄαβωνα
1390 1937 1429 1969 Β.
1572 1945 1628 1971 20.

281 1982 548 2024 ἄπαξιίπαντες
567 1981 607 2017 τὸ
631 1984 734 2029 μέγα
755 1983 796 2016 A.

188 2089 306 2119 torum
326 2084 508 2118 hominum
528 2084 705 2129 quendam
721 2084 935 2129 astrologum
943 2084 1106 2117 Alexium
1121 2083 1460 2129 Contostephanum‚
1478 2084 1627 2130 imperio

188 2132 258 2165 iam
283 2132 368 2165 olim
391 2131 629 2172 insidiantem,
654 2132 692 2164 in
717 2132 794 2164 foro
820 2132 1068 2186 imperatorem
1092 2131 1314 2164 consalutat:
1339 2131 1516 2175 negabant
1534 2132 1628 2165 enim

187 2189 228 2212 se
256 2178 514 2212 Comnenorum
548 2178 680 2211 laturos
704 2177 837 2211 diutius
874 2178 1081 2223 imperium,
1109 2189 1259 2223 quorum
1283 2183 1487 2223 pertaesum
1522 2184 1628 2211 esset.

187 2225 410 2269 imperatrice
433 2236 518 2258 vero
552 2225 602 2258 ita
625 2237 703 2258 cum
728 2224 888 2270 periculo
924 2235 1088 2269 magnum
1113 2224 1287 2269 palatium
1304 2224 1493 2278 ingressa,
1518 2226 1625 2258 comi-

189 2276 286 2304 tatus
312 2271 486 2304 nobilium
524 2270 707 2304 hominum
733 2270 901 2304 audacius
927 2282 1032 2316 quam
1057 2270 1268 2316 prudentius
1302 2271 1339 2304 in
1366 2270 1628 2317 Contostepha-

190 2324 278 2350 nu'm
302 2318 395 2351 facto
430 2319 564 2363 impetu
606 2319 799 2351 factionem
834 2318 933 2350 illam
966 2318 1139 2362 dissipat,
1169 2323 1206 2350 et
1238 2317 1564 2362 Contostephanum
1590 2319 1629 2350 in

194 2375 369 2397 carcerem
395 2365 548 2398 coniicit.
597 2365 648 2411 (2)
675 2366 725 2398 Eo
752 2365 876 2410 populi
898 2370 996 2398 motu
1020 2375 1239 2409 compresso,
1266 2365 1372 2397 etiam
1397 2364 1630 2398 ecclesiastici

194 2420 327 2444 novum
357 2412 605 2456 imperatorem
636 2412 859 2456 approbant3
895 2417 931 2445 et
963 2411 1111 2456 quidam
1140 2411 1358 2444 sacrificulus
1383 2412 1504 2456 paucis
1527 2422 1632 2443 num-

195 2456 259 2489 mis
284 2464 480 2502 corruptus,
495 2458 635 2504 (eodem
649 2458 755 2491 modo
780 2464 816 2491 et
840 2469 919 2491 cum
942 2457 1119 2491 seditiosis
1141 2457 1427 2491 circumforaneis
1453 2463 1489 2490 et
1508 2457 1631 2502 paucis

195 2512 241 2534 ex
265 2503 390 2536 ordine
406 2504 573 2545 iudicum,
590 2516 740 2550 quorum
757 2505 960 2538 nominibus
975 2516 1093 2550 parco,
1108 2505 1238 2550 actum)
1260 2510 1423 2548 suggesto
1439 2514 1631 2536 conscenso

194 2548 311 2582 Alexii
332 2550 642 2593 proclamationem
668 2551 823 2592 orditur,
855 2553 930 2584 sine
954 2551 1176 2597 patriarchae
1205 2562 1396 2592 consensu3
1426 2550 1488 2594 qui
1514 2555 1631 2581 tamen

194 2595 378 2639 paulisper
401 2597 605 2642 refragatus,
622 2609 668 2631 ne
687 2610 750 2631 sua
770 2599 954 2632 voluntate
979 2604 1120 2631 coactus
1145 2597 1336 2638 videretur,
1354 2603 1390 2629 et
1413 2597 1488 2640 ipse
1513 2596 1549 2627 in
1566 2595 1634 2628 im-

193 2641 369 2686 peratoris
383 2648 500 2695 partes
525 2645 708 2678 concessit.
723 2657 793 2690 quo
818 2645 912 2678 sacto
937 2656 1040 2678 nemo
1068 2644 1223 2698 ampli-us
1244 2649 1298 2677 est
1325 2643 1542 2681 adversatus,
1569 2640 1633 2674 sed

195 2687 352 2721 universi
389 2689 427 2721 in
462 2701 624 2745 magnum
657 2692 829 2736 palatium
868 2697 1038 2736 tanquam
1073 2691 1247 2735 mancipia
1271 2689 1567 2732 transfugerunt3
1596 2695 1635 2722 et

195 2735 404 2779 priusquam
436 2746 565 2768 novum
601 2738 848 2782 imperatorem
883 2738 1072 2778 viderent,
1105 2742 1168 2770 aut
1186 2735 1284 2789 ..quid
1311 2734 1422 2768 veteri
1445 2733 1633 2768 accidisset

199 2786 416 2827 compertum
440 2780 633 2823 haberent,
659 2784 735 2817 eius
755 2784 858 2818 uxori
889 2785 952 2829 qui
977 2794 1094 2818 rerum
1119 2781 1229 2828 potiri
1255 2781 1439 2816 ferebatur
1461 2779 1634 2816 obedive—
