1878 3230
287 186 399 266 844
710 202 938 246 ΝιοΕΤΑΕ
975 203 1287 245 cuoNJA'rAss

285 319 378 357 τος,
411 305 453 353 ἒς
484 303 718 352 διακοσίους
750 304 1064 359 ἀριθμουμένην
1092 306 1316 352 Λατίνους.
1372 302 1624 357 κάπειδήπερ
1651 306 1711 353 εἷς

284 374 431 421 χεῖρας
458 364 477 407 ὁ
506 365 684 419 πόλεμος
713 368 891 422 ἐγεγόνει
923 367 996 410 καί
1015 369 1256 424 περιείληφε
1282 367 1358 421 τήν
1384 365 1504 408 πόλιν
1532 366 1576 408 τὸ
1593 372 1709 423 Περ-

286 431 404 474 σικὸν
432 430 695 486 στράτευμα,
735 431 771 474 οἱ
811 434 856 474 ἐκ
891 436 1089 476 Λατίνων
1126 435 1184 482 εἷς
1211 431 1404 489 φάλαγγα
1433 434 1712 482 πυκνωθέντες

249 496 359 542 cmxc*
405 503 491 545 τοῖς
535 498 729 551 Πέρσαις
772 498 1023 553 ἐποφθέντες
1062 494 1286 551 ἆπρόοπτοι
1324 503 1408 546 τοῖς
1445 498 1714 539 Ἀτταλεῦσιν

286 559 524 615 ἐπήμυναν,
557 563 628 603 καί
656 559 765 603 οὕτω
792 565 872 604 τῶν
914 563 1137 617 βαρβάρων
1166 560 1453 604 καταστάντων
1480 564 1521 610 ἐς
1550 562 1641 610 δέος
1668 561 1711 603 ἔκ
1724 555 1758 606 δ’

285 641 328 667 τε
367 628 441 666 τοῦ
481 628 601 681 σφῶν
640 625 946 681 στρατεύματος
989 627 1130 670 πολλοὶ
1157 628 1476 683 διαφθείρονται
1504 625 1713 669 καί-Καϊ-

284 689 468 745 χοσρόης
495 692 654 733 ἐκεῖθεν
680 695 931 744 μεθίσταται
947 725 958 745 ,
987 691 1047 747 μη
1080 694 1244 741 πλείους
1272 693 1438 746 ἡμερῶν
1467 695 1550 733 τῶν
1577 688 1714 734 ἑκκαί-

288 755 386 796 δεκα
413 754 510 810 περὶ
534 755 607 810 τὴν
631 756 829 800 ’Λττάλου
866 756 1009 810 βαλών
1042 755 1330 811 στρατόπεδον.
1384 755 1487 798 α’λλά
1515 759 1586 799 καί
1611 755 1716 798 Θεό-

288 822 419 874 δωρος
448 820 469 860 ὃ
498 818 719 875 Λάσκαρις
744 821 846 863 κατὰ
872 824 944 863 τοῦ
970 824 1014 863 ἐν
1044 820 1350 880 ΠόντῳΔαβίδ
1376 822 1573 876 στρατιὰν
1603 822 1714 876 ἀγεί-

289 901 365 939 ρας
391 888 464 940 τῆς
503 886 579 937 μὲν
607 884 877 935 Πλουσιάδος
916 888 1042 942 ἐπέβη
1074 889 1146 928 καί
1172 889 1245 941 τῆς
1271 886 1376 942 πρὸς
1404 889 1546 940 Δαβίδ
1572 889 1714 943 φιλίας
1734 902 1783 928 10

288 949 443 1005 ἐκείνην
470 946 702 1005 ἀπέστησε,
732 950 924 1002 τοξότιδα
954 953 1092 993 πᾶσαν
1120 947 1249 993 οὖσαν
1269 951 1341 993 καί
1366 951 1576 1005 μάχιμον·
1631 947 1716 993 εἷλε·

290 1016 325 1056 δ’
354 1011 417 1069 ,ἂν
457 1018 528 1058 καί
546 1014 797 1069 “Ηράκλειαν
824 1015 896 1058 καὶ
933 1015 1006 1058 τὸν
1031 1016 1170 1069 Λαβίδ
1196 1018 1401 1071 δραπέτην
1426 1019 1582 1057 ἐκεῖθεν
1610 1013 1716 1057 ἔδει·

290 1083 368 1133 ξεν,
397 1080 437 1122 εἰ
459 1078 518 1134 μὴ
535 1082 730 1122 Λατίνων
757 1083 809 1138 τῇ
829 1081 1094 1136 Νικομήδους
1130 1079 1478 1136 παρεμβαλόνιτ-ων
1507 1083 1594 1123 nat?
1627 1082 1718 1122 ἐπι-

289 1147 460 1199 κουρίαν
486 1146 637 1198 Δαβίδ,
665 1146 757 1187 εἠεἰ
783 1148 854 1188 καί
881 1142 968 1200 εἶχε
996 1144 1152 1196 τούτοις
1178 1148 1320 1200 Δαβίδ
1345 1146 1645 1199 σπεισάμενος,
1672 1147 1718 1188 ἐν

246 1206 495 1266 Βᾶμφινοία
523 1211 692 1264 κατέστη
720 1209 957 1265 Λάσκαρις.
1027 1207 1134 1253 εἷλκε
1158 1213 1234 1264 μὲν
1261 1210 1342 1265 γὰρ
1373 1209 1499 1252 αὐτὸν
1526 1213 1717 1252 ἐντεῦθεν
1736 1210 1785 1251 15

290 1275 506 1328 προθυμία
550 1275 620 1315 καί
663 1273 791 1329 τόλμη
847 1274 947 1316 κατὰ
994 1277 1216 1318 Λατίνων·
1303 1278 1460 1317 ἐκεῖθεν
1507 1277 1546 1316 δ’
1591 1271 1718 1323 αὖθις

290 1339 475 1381 α’ντέσπα
514 1338 560 1381 τὸ
609 1341 654 1381 ἐν
701 1340 847 1394 χερσῖν
889 1338 1031 1394 ἔργον,
1072 1340 1174 1382 uiuet*
1211 1338 1283 1382 καί
1322 1342 1436 1390 ἐντὸς
1470 1339 1719 1395 Ἡρακλείοις

290 1404 472 1455 οἰόμενον
506 1401 613 1445 εἶναι
670 1404 743 1446 καί
786 1403 994 1459 κυριεύειν
1029 1407 1103 1459 τῆς
1147 1406 1316 1455 πόλεως.
1396 1405 1469 1447 καί
1522 1403 1718 1452 πολλάκις

288 1466 479 1523 ἑκάτερον
507 1470 579 1510 καί
609 1466 665 1517 ὥς
690 1467 760 1511 ἐπὶ
785 1469 986 1524 τρυτάνης
1027 1471 1153 1523 ζυγοῦ
1187 1469 1258 1511 καί
1283 1469 1386 1522 μετὰ
1415 1470 1594 1524 συνοχῆς
1623 1471 1718 1510 ε’τα-

289 1533 497 1574 λάντευεν.
556 1532 612 1581 ὥς
641 1534 679 1573 δ’
707 1535 904 1589 ἑκεκρίκει
931 1533 1260 1588 συμφορώτερον
1286 1537 1445 1587 μᾶλλον
1471 1531 1576 1589 ἤπερ
1604 1537 1711 1588 θρα·
1729 1549 1782 1576 20

290 1599 463 1652 σύτερον
489 1599 558 1640 ἐπὶ
602 1596 699 1646 τούς
740 1598 1050 1652 ὑπερασπιστὰς
1093 1598 1233 1640 ἵεσθαι
1270 1601 1344 1640 τοῦ
1371 1599 1532 1653 Λαβίδ,
1562 1600 1718 1639 ἐπανα-

291 1662 469 1714 κάμπτει
505 1663 582 1714 μὲν
618 1660 726 1717 πρύς
754 1660 933 1714 αὐτούς,
979 1662 1032 1717 ἣν
1068 1660 1198 1704 ιὸδευε
1226 1663 1456 1718 παρεικιός·
1525 1663 1562 1705 οἱ
1591 1665 1636 1704 δὲ
1665 1663 1717 1705 τὰ

291 1728 390 1780 περὶ
421 1726 567 1768 τούτου
609 1725 834 1780 πυθόμενοι
872 1728 1085 1782 συστάδην
1126 1731 1204 1780 μὲν
1246 1729 1617 1782 παρακινδυνεύειν
1644 1724 1731 1768 οὔκ

291 1790 499 1845 ἔγνωσαν,
543 1795 818 1844 μεθίστανται
855 1794 900 1835 δὲ
928 1792 1075 1841 νυκτὸς
1118 1797 1188 1835 καί
1215 1795 1367 1835 εἰσίασι
1397 1793 1443 1834 τὸ
1476 1795 1719 1844 Βυζάντιον.

293 1854 313 1897 ὃ
347 1857 392 1898 δέ
421 1873 466 1911 γε
496 1859 638 1911 Λαβίδ
664 1855 718 1906 ὦς
750 1854 901 1901 οὔκουν
942 1856 1135 1913 ἐβάλλετο
1166 1858 1271 1901 κατὰ
1298 1861 1420 1912 νοῦν,
1452 1858 1566 1915 παρὰ
1598 1855 1786 1910 &Agaros

294 2012 437 2045 circiter
463 2011 516 2045 CC
541 2012 787 2057 impetrarunt.
828 2013 892 2047 ubi
917 2013 962 2047 ad
987 2025 1082 2046 arma
1105 2019 1249 2048 ventum
1279 2019 1332 2047 est
1356 2019 1392 2047 et
1414 2013 1536 2046 urbem
1562 2013 1722 2046 Persicus

296 2060 470 2090 exercitus
506 2058 758 2100 circumdedit,
794 2059 912 2093 Latini
934 2061 971 2093 in
994 2061 1204 2105 phalangem
1230 2060 1436 2093 condensati
1460 2065 1496 2092 et
1523 2070 1566 2092 ex
1590 2060 1723 2103 impro-

293 2103 370 2136 viso
397 2105 434 2136 in
458 2105 642 2137 Persarum
683 2112 912 2151 conspectum
941 2108 1117 2152 progressi
1140 2107 1400 2140 Attaliensibus
1421 2100 1524 2150 ope⁸m
1552 2105 1721 2138 tulerunt.

295 2149 344 2181 ita
375 2149 516 2182 barbari
555 2153 736 2195 perterriti
775 2158 811 2185 et
846 2163 990 2186 suorum
1026 2154 1156 2186 multos
1179 2154 1405 2193 'amiserunt,
1430 2158 1466 2184 et
1493 2150 1722 2184 Caiclmsroes

293 2194 373 2228 XVI
397 2195 523 2228 diebus
552 2199 682 2230 exactis
710 2199 900 2231 obsidione
924 2199 1040 2232 soluta
1066 2199 1239 2233 discessit.
1265 2199 1328 2232 sed
1364 2204 1399 2231 et
1421 2197 1632 2230 Theodorus
1655 2197 1723 2229 La-

293 2242 421 2282 sczwis,
452 2247 573 2274 coacto
602 2249 723 2276 contra
747 2245 920 2277 Davidem
943 2246 1125 2278 Ponticum
1154 2246 1322 2286 exercitu,
1348 2243 1548 2277 Plusiadem
1577 2244 1724 2286 sagitta-

293 2287 356 2320 riis
381 2293 417 2320 et
437 2287 618 2321 bellicosis
638 2289 841 2323 hominibus
867 2291 1107 2325 abundantem
1134 2291 1178 2324 ab
1204 2292 1267 2324 illo
1293 2293 1329 2323 in
1353 2301 1431 2323 suas
1456 2294 1573 2333 partes
1600 2289 1724 2321 tradu-

293 2334 356 2366 xit.
383 2334 591 2366 Heracleam
616 2346 759 2379 quoque
786 2337 938 2380 cepisset
965 2349 1004 2369 ac
1018 2339 1134 2382 ipsum
1158 2337 1329 2370 Davidem
1349 2336 1627 2375 exterminasset,
1651 2335 1723 2368 nisi

294 2390 374 2417 eum
389 2380 518 2420 Latini,
533 2391 611 2412 cum
632 2381 762 2424 quibus
777 2382 905 2414 Davidi
922 2382 1048 2415 foedus
1065 2383 1321 2422 intercedebat,
1344 2382 1467 2414 auxilii
1483 2381 1621 2413 ferendi
1636 2393 1724 2414 cau-

294 2437 332 2458 sa
358 2426 481 2459 castris
505 2426 550 2467 ad
564 2427 805 2459 Nicomediam
821 2428 946 2471 positis
961 2430 1068 2460 animi
1093 2429 1242 2461 dubium
1270 2428 1522 2468 reddidissent,
1552 2427 1633 2459 hinc
1650 2427 1724 2459 ala-

295 2472 420 2505 critate
434 2477 470 2505 et
485 2472 631 2505 audacia
648 2479 768 2506 contra
786 2474 867 2506 iilos
893 2474 1098 2519 instigante,
1117 2475 1199 2507 inde
1219 2475 1382 2507 instituto
1406 2485 1512 2518 opere
1539 2473 1723 2506 retrahen-

294 2523 351 2559 te,
382 2530 460 2550 cum
483 2519 552 2551 sibi
577 2519 836 2563 quodammodo
864 2519 956 2552 iutra
995 2521 1198 2552 Heracleam
1224 2531 1300 2552 esse
1326 2520 1509 2557 videretur
1533 2525 1570 2552 et
1594 2530 1635 2551 ea
1662 2531 1723 2552 ur-

293 2563 340 2596 be
367 2565 496 2608 potiri,
521 2576 561 2597 ac
586 2576 690 2609 saepe
715 2566 813 2598 velut
835 2566 872 2597 in
899 2567 1031 2598 trutina
1058 2567 1211 2600 sollicito
1227 2567 1344 2598 animo
1370 2572 1559 2610 utrumque
1585 2565 1722 2609 ponde-

296 2616 399 2642 raret.
428 2616 467 2643 ut
489 2622 573 2645 vero
599 2611 803 2644 defensores
825 2612 971 2644 Davidis
1000 2612 1168 2645 invadere.
1190 2613 1315 2645 utilius
1340 2624 1444 2656 quam
1471 2611 1637 2644 audacius
1665 2621 1733 2644 ees-¹

296 2667 334 2688 se
361 2657 507 2697 statuit,
533 2657 577 2690 ad
613 2669 687 2698 eos,
724 2658 853 2691 itinere
877 2658 1043 2690 instituto
1079 2659 1232 2698 omisso,
1258 2659 1455 2690 revertitur.
1481 2669 1551 2702 quo
1578 2658 1632 2689 illi
1657 2668 1731 2690 au-

297 2701 371 2734 dito
399 2703 436 2734 in
461 2704 570 2735 aciem
595 2705 663 2736 sibi
682 2703 974 2739 ,descendendum
1000 2716 1071 2737 uon
1097 2710 1311 2737 censuerunt
1327 2730 1335 2744 ‚
1365 2704 1426 2736 sed
1454 2709 1562 2736 noctu
1587 2703 1721 2746 digres-

297 2748 328 2781 si
351 2749 557 2792 Byzantium
582 2750 743 2784 redeunt.
794 2750 907 2784 David
931 2761 1013 2783 vero
1040 2757 1205 2796 reputans
1223 2757 1262 2784 ut
1284 2751 1473 2784 imminens
1500 2751 1569 2783 iam
1593 2748 1720 2785 discri-
