1878 3230
661 188 1018 230 GLossAmUM.
1473 191 1510 243 9
1523 192 1539 225 1
1560 193 1578 225 1
1623 212 1626 215 -

152 289 303 328 donum
331 303 369 341 p.
400 289 472 328 531
515 302 554 327 c.
590 288 743 328 Auctor
772 291 842 328 GB
885 292 925 328 in
969 291 1061 328 hist.
1103 296 1253 328 narrat.
1294 289 1344 329 de
1370 288 1586 328 Belisario·

153 340 286 382 ἐστ-ει)
291 357 340 382 αν
369 341 560 382 κανίσκια
587 343 661 382 καί
687 344 815 394 δῶρα.
843 345 938 384 item
965 339 1092 382 πόσον
1120 345 1305 383 κανίσκιν
1332 339 1481 396 ἔφερον
1510 343 1589 382 av’-

154 395 229 436 ‘col'-
259 412 296 438 v.
324 398 461 436 lolnan.
497 397 655 436 Mosch.
696 398 856 437 Limon.
885 414 920 438 c.
953 399 1051 448 160,
1084 399 1230 438 Meuius
1277 399 1326 437 ad
1363 398 1495 439 Const.
1538 398 1589 437 de

154 452 303 490 admin.
335 454 431 504 imp.
461 466 548 503 cap.
573 451 639 502 46.

263 504 583 545 καππάσιον
621 506 900 559 7127021.p.86
930 505 955 544 b
1000 506 1120 545 codex
1161 506 1230 545 GB
1260 519 1502 545 καππασιοι.
1548 508 1589 546 in

158 560 295 599 Indice
323 563 445 599 etiam
473 559 579 625 lega?
607 557 889 621 1καπηούζιον,
916 561 1052 599 πῑῖηον
1082 563 1234 600 Auctor
1261 561 1329 598 GB
1356 575 1424 599 και
1454 559 1591 613 φὸρυν

155 590 534 678 παλαιογούνελονῠ
536 610 619 652 ἀπὸ
650 611 779 653 nous}
809 610 1051 661 καπούτζια.

263 665 533 721 καράβιον
566 668 715 722 navigii
758 683 880 723 genus
912 683 952 721 p.
973 669 1025 718 45
1056 668 1098 707 d.
1132 669 1347 707 Isidor’us
1336 684 1375 707 m
1408 668 1588 709 Glossis·

153 722 325 762 carabus
357 737 484 776 parva
512 722 658 775 εοειρῐη
683 737 728 762 ex
756 725 906 762 vimine
937 730 976 761 et
1002 725 1130 763 corio.
1159 723 1260 762 aliae
1293 722 1480 763 Glossae:
1520 739 1590 763 ca-

121 806 127 812 .
154 779 276 816 rabus
301 778 496 816 navicula.
527 777 687 816 Auctor
716 778 786 840 GB
829 791 1085 841 τεκτωνησαν
1118 772 1264 816 ἑκατὸν
1306 775 1500 843 κτξράβια
1519 775 1593 817 καὶ

153 829 367 884 τριήρεις,
400 833 495 871 item
525 828 601 883 τήν
641 827 775 882 ὑγρὰν
813 829 1028 883 ἐπλήρωσε
1066 827 1244 883 κὰτεργα
1287 846 1353 871 και
1393 829 1588 895 καράβια.

155 886 318 926 Glossae
347 886 416 926 GB
456 885 642 925 Iohannis
671 887 802 926 Vossii
842 888 917 925 viri
958 886 1241 931 eruditissimi.
1289 880 1588 935 ἀνερμάτιστος

153 941 280 990 ναῦς,
309 938 490 993 καράβιν
515 936 825 992 ἆσαβούρωτον.
857 942 938 980 Leo
967 941 1286 980 Gramm·1ticus:
1318 940 1492 992 ἐξῆλθον
1515 941 1588 980 τοῦ

153 996 371 1058 καραβιᾝου
402 995 497 1034 hinc
523 995 799 1046 καραβοποιΐα
819 996 966 1034 Leonis
994 996 1108 1034 Tact.
1139 1010 1172 1034 c.
1194 1009 1244 1034 πο
1274 999 1297 1043 §
1318 1009 1384 1046 71,
1417 1003 1455 1034 ct
1475 1010 1589 1046 719oe-

152 1045 382 1100 τοκάραβος
407 1049 688 1089 navicularius.
719 1064 757 1089 v.
787 1051 905 1089 eund.
936 1051 1065 1088 Leon.
1101 1064 1137 1090 c.
1173 1063 1218 1104 19
1253 1054 1276 1098 §
1311 1053 1350 1090 ὅ
1387 1049 1588 1089 Constant.

153 1104 206 1142 de
234 1104 344 1143 adm.
373 1104 483 1157 Imp.
511 1119 600 1156 cap.
633 1103 699 1143 51.

262 1155 631 1211 καρὸινάριος
690 1157 752 1197 vel
799 1154 1038 1206 καρδινάλις
1082 1158 1297 1198 cmdinalis
1341 1175 1380 1213 p.
1424 1158 1497 1210 401
1556 1175 1590 1199 c.

155 1213 353 1252 Iohannes
383 1214 482 1252 VIII
513 1212 565 1251 ad
596 1211 713 1251 Basil.
745 1212 883 1250 const.
911 1220 950 1250 et
973 1212 1085 1252 Alex.
1116 1216 1231 1265 epist.
1271 1224 1311 1252 uc
1349 1223 1441 1267 post
1479 1215 1591 1253 lucius

149 1269 403 1322 patriarchae
433 1268 582 1306 obzcum
609 1268 746 1305 nullus
779 1265 830 1304 de
858 1267 976 1304 laicaes
1004 1268 1072 1305 vel
1097 1269 1312 1307 curialibus
1339 1270 1381 1307 in
1402 1270 1590 1322 patr-zar-

151 1324 287 1362 claacus
322 1323 492 1374 eligatur
525 1321 596 1359 vel
632 1330 877 1360 consecretur
908 1322 1080 1371 honore,
1119 1324 1201 1360 nisi
1235 1323 1287 1360 de
1326 1324 1591 1362 cardmalibus

147 1377 388 1439 presbyteris
416 1384 494 1415 etc.
518 1375 686 1414 Photius
717 1375 949 1428 patriarcha
991 1375 1048 1414 ita
1078 1377 1229 1415 Graece
1271 1379 1498 1425 convertit,
1544 1378 1590 1418 ἐκ

154 1445 237 1470 των
265 1431 558 1482 πρεσβυτέρων
583 1430 664 1475 τῶν
691 1428 982 1482 καρὸιναλήον.
1014 1430 1108 1468 vide
1141 1432 1235 1470 VIII
1265 1432 1412 1484 Synod.
1444 1432 1510 1471 CP
1547 1447 1590 1485 p.

152 1485 235 1535 466
265 1485 303 1524 b.
334 1493 441 1536 etp.
473 1486 544 1527 ult.
575 1484 617 1523 d.
648 1484 744 1523 edit.
771 1485 884 1522 Rom.
914 1486 1123 1524 Bessarion
1152 1486 1362 1525 cardinalis
1403 1486 1455 1525 ad
1495 1501 1589 1537 pae-

153 1541 353 1593 dagogum
376 1539 551 1578 filiorum
578 1539 762 1578 Thomae
796 1538 1055 1591 palaeologi:
1095 1534 1143 1578 νὰ
1174 1539 1294 1578 ἰὸοῦν
1323 1539 1584 1592 καρὸιιά).ην.

154 1596 338 1633 occurrit
364 1608 485 1646 saepe
511 1594 551 1632 in
582 1592 761 1632 Concilio
782 1592 1022 1632 Florentino
1052 1600 1090 1631 et
1107 1593 1282 1632 Laouico
1305 1595 1586 1647 Chalcondylc.

154 1649 246 1689 vide
274 1649 324 1687 de
351 1648 410 1687 his
435 1648 653 1687 Meursium
682 1655 722 1686 et
755 1647 936 1687 vossium
967 1661 1173 1700 nunquam
1197 1650 1282 1687 sine
1304 1648 1424 1688 laude
1452 1650 1587 1710 dicen-

152 1703 250 1743 dum
278 1703 328 1742 de
356 1703 464 1741 vitiis
487 1702 695 1742 sermonis.

263 1753 455 1802 κάσσις
486 1756 622 1795 cassis.
643 1757 926 1795 Constantinus
954 1757 991 1794 in
1011 1756 1199 1795 Tacticis:
1233 1755 1363 1807 ἐχέτω
1395 1757 1441 1796 δὲ
1469 1754 1489 1796 ὃ
1518 1770 1590 1796 πεῖ-κ

155 1809 225 1859 ζὸς
253 1812 326 1851 καί
354 1809 572 1850 κασσίὸαν.
602 1817 642 1850 et.
681 1811 730 1849 de
765 1812 1082 1850 administrando
1122 1813 1323 1864 Imperio:
1369 1812 1587 1864 darvoz'yaq

153 1863 302 1917 μικρὸν
330 1862 375 1904 τὰ
413 1865 488 1904 τοῦ
513 1864 730 1904 κασσιὸίου
758 1865 888 1904 αϋτοῧ
912 1866 1102 1904 πέταλον.
1131 1866 1398 1929 Theophanes
1435 1869 1476 1904 in
1512 1868 1588 1904 ue-

153 1920 310 1959 raclio.
345 1917 492 1966 ἔλαβον
533 1915 587 1958 τὰ
630 1918 822 1972 λουρίκια
860 1920 998 1958 αὐτῶν
1044 1919 1116 1958 καί
1156 1917 1232 1966 τὰς
1275 1920 1477 1965 κασσίόας
1519 1921 1591 1960 καί

155 1971 290 2014 πάντα
316 1970 368 2013 τά
399 1970 582 2023 ἅρματα.

264 2028 603 2067 καστέλλιον
643 2027 862 2067 castellum.
907 2027 1194 2079 'Ilieophanesz
1237 2028 1283 2066 ἐκ
1312 2043 1382 2068 του
1415 2032 1588 2069 naurs).-

156 2082 248 2122 λιόυ
284 2080 519 2132 ἀπέλυσαν,
551 2082 645 2120 item
666 2081 725 2128 εἰς
752 2079 796 2122 τὸ
818 2082 1074 2135 Παπουριόυ
1103 2083 1331 2122 καστέλλιν.
1359 2084 1452 2124 vide
1473 2086 1590 2124 Glos-

155 2138 302 2177 sarium
332 2137 383 2175 ad
417 2136 659 2175 Cedrenum.

263 2186 478 2242 κάστρα
529 2187 687 2235 πόλεις·
727 2189 853 2228 codex
894 2190 961 2228 GB
1005 2186 1174 2242 κάστρα.
1211 2189 1376 2231 Glossae
1419 2193 1587 2233 Ιεὶιῐοιίε

156 2247 311 2298 Burgos
354 2252 495 2284 castra.
536 2244 632 2283 alias
669 2239 845 2293 κάστρον
884 2245 1045 2296 ponitur
1083 2259 1157 2304 pro
1198 2246 1359 2285 castello
1405 2261 1474 2286 seu
1501 2248 1590 2287 loco

156 2303 281 2340 muris
322 2300 496 2339 munito.
535 2300 651 2338 Anna
697 2299 842 2337 Comn.
885 2299 954 2337 lib.
993 2300 1042 2338 8·
1090 2298 1188 2339 είσω
1229 2299 1305 2339 τοῦ
1333 2296 1511 2352 κάπρου
1551 2311 1591 2341 et

157 2355 305 2407 ἐξῆλθε
347 2354 426 2392 τοῦ
467 2348 664 2405 κάστρου.
707 2352 802 2392 hinc
847 2348 1173 2417 ἑρωτόκαστρον.
1221 2355 1380 2394 Auctor
1418 2338 1485 2394 (ΞΒ
1521 2355 1591 2402 τὰς

157 2404 576 2460 πικρογλυκοχοίριτα,
604 2406 678 2446 τοῦ
705 2407 1013 2470 ἐρωτοκάστρου
1041 2404 1200 2447 τούτου.
1234 2408 1298 2448 vel
1314 2424 1408 2473 pro
1434 2412 1587 2450 castris:

157 2462 423 2514 Theophanes
451 2463 496 2501 ἐν
522 2465 609 2507 τοῖς
636 2455 830 2511 κάστροις
856 2476 974 2510 υμων
999 2458 1244 2513 εὑρίσκυμεν
1274 2459 1447 2508 αὐτούς.

268 2512 634 2554 amandarat
685 2516 974 2563 κοὶλυβιοταί·
1015 2516 1139 2554 codex
1182 2517 1250 2555 GB
1300 2516 1589 2557 καταλλακταί.

160 2571 405 2610 Glossarium
443 2584 502 2608 ms
524 2566 843 2632 ἄργυραιιοιβός
868 2567 890 2607 ὅ
919 2568 1202 2621 natandum
1242 2585 1265 2620 η
1288 2570 1362 2608 καί
1387 2567 1408 2607 ὁ
1433 2585 1591 2624 χρυσο-

157 2622 269 2676 χόος.
301 2639 322 2662 a
351 2619 631 2672 καταλλάττω,
661 2624 772 2676 quod
804 2631 862 2663 est
889 2639 958 2676 ρει
962 2631 1085 2663 muto
1111 2625 1342 2675 clcangeurs.

268 2674 526 2728 κάτεργον
553 2679 729 2716 triremis
756 2693 795 2730 p.
819 2678 870 2718 58
900 2693 936 2716 c.
968 2678 1075 2717 idem
1104 2692 1142 2730 p.
1171 2677 1224 2729 49
1251 2692 1273 2715 a
1297 2674 1366 2715 διὰ
1385 2692 1591 2728 ταχυναυ-

163 2732 323 2772 τουοῶν
352 2732 486 2783 νηῶνε
518 2731 643 2769 codex
673 2732 740 2770 (ΞΒ
769 2731 992 2784 κατέργων.
1025 2746 1062 2772 v.
1093 2731 1264 2770 eundem
1296 2745 1334 2784 p.
1362 2733 1439 2771 230
1468 2733 1520 2781 b,
1554 2741 1593 2772 et
