1838 3210
568 166 840 208 lonANNl-:s
882 166 1190 208 comm-mus.
1531 148 1601 203 55

122 286 129 293 ’
155 266 203 308 τὸ
235 264 397 317 δεινόν,
424 266 498 307 καί
519 261 722 318 βασιλεῦς
763 267 847 306 τῶν
873 267 1170 320 χρηστοτέρων
1199 265 1378 307 ἐλπίδων
1407 263 1602 320 α’πήγετο.

155 332 300 383 α’,ιιέλει
341 330 415 372 καί
439 336 523 379 τοῖς
565 330 646 383 μὲν
672 332 828 383 ἰατροῖς
869 330 1146 386 ἠπορημένοις
1171 330 1437 373 παντάπασιν
1465 330 1603 374 ἐδόκει

153 395 230 450 την
259 402 384 452 χεῖρα
412 397 488 438 τοῦ
515 394 721 449 βασιλέως
743 395 964 447 α’ποτεμεῖν
983 398 1027 445 ἐς
1052 394 1192 453 μηρὸν
1219 397 1414 452 α’νδρεΐον
1445 394 1602 453 ἅδρυν-

150 466 301 505 θεΐσαν
337 463 388 520 τῇ
416 462 651 518 φλεγμονῇ,
693 463 784 502 κατ’
827 459 1094 516 α’μφήριστον
1129 463 1273 514 μέντοι
1299 463 1375 503 καί
1400 459 1494 504 τότε
1523 459 1602 505 τοῦ

115 527 386 583 ὄπάσχοντος
407 528 562 580 μέλους
589 525 733 569 ἴασιν·
789 525 989 580 βασιλεὺς
1023 529 1068 569 δὲ
1099 530 1171 569 καί
1195 525 1271 582 την
1295 529 1506 584 προτέραν
1531 543 1602 570 το-

147 593 232 649 μὴν
259 596 398 636 αἰτίαν
423 595 500 635 τοῦ
526 590 765 645 ξύμπαντος
789 594 919 633 κακοῦ
946 592 1227 647 ’ξυνορώμενος
1257 593 1348 636 οὐδ’
1378 590 1486 642 ὅλως
1514 599 1602 643 τοῖς

149 662 383 714 λεγομένοις
414 660 659 709 ἐπένευσεν,
697 656 789 699 ἀλλ’
817 656 949 699 ἔκειτο
977 656 1171 712 κάμνων,
1198 658 1243 700 τὸ
1270 659 1341 714 τῆς
1365 658 1601 716 θεραπείας

147 725 338 779 παριδών
377 721 624 780 ἀμφίλογον.
687 723 914 779 ἐπιστάσης
946 724 991 766 δὲ
1032 726 1102 779 τῆς
1131 725 1403 780 πανευσήμου
1433 723 1599 782 ἡμέρας

146 794 219 846 τῆς
245 791 440 846 Χριστοῦ
482 787 748 838 ἀναστάσεως
784 791 867 831 ταῖν
897 788 1026 832 θείων
1060 791 1304 845 μυστηρίων
1348 792 1395 832 έν
1420 793 1642 843 μεθέξειΒ

90 858 325 911 ιογίνεται,
372 855 447 898 καί
484 853 590 911 πρὸς
626 853 672 898 τὸ
700 856 864 897 δεῖπνον
906 855 1130 899 ἅναπεσών
1159 858 1286 911 αῗνῆκε
1309 855 1384 911 τήν
1413 857 1597 899 αὐλαίαν

145 922 249 964 πᾶσι
275 926 362 971 τοῖς
395 922 570 964 εἰσιέναι
595 921 669 962 καί
696 922 899 976 δεηθῆναι
926 924 1115 967 θέλουσι.
1160 921 1233 964 καί
1259 923 1312 980 τῇ
1339 919 1433 977 ἑξῆς
1460 922 1596 980 ἡμέρᾳ

143 986 215 1030 τὸν
240 984 368 1029 αὐτὸν
410 984 748 1042 διαπραξάμενος
793 989 941 1043 τρόπον
985 987 1178 1046 ὑποθήκῃ
1204 991 1281 1030 τοῦ
1306 986 1492 1042 μεγάλου
1527 990 1596 1030 δο-

142 1051 341 1106 μεστίκου
370 1050 585 1106 Ἰωάννου,
614 1054 686 1094 καί
711 1051 764 1095 τὰ
795 1056 1085 1107 παρατεθέντα
1113 1052 1321 1109 βρώματα
1346 1060 1435 1103 τοῖς
1461 1070 1594 1109 παρε-

143 1120 273 1161 στῶσι
315 1116 656 1172 διανειμάμενος,
703 1119 804 1160 καθ’
844 1115 997 1161 ἑαυτὸν
1023 1118 1162 1162 ἔκτοτε
1191 1119 1365 1169 ἰδιὰσας
1396 1119 1496 1175 περὶ
1521 1121 1596 1162 τοῦ

83 1182 344 1238 ιόδιαδὸχου
371 1185 446 1239 τῆς
471 1186 689 1236 βασιλείας
725 1183 892 1239 ἐγνώκει
920 1187 1185 1228 σκέπτεσθαι.
1240 1184 1365 1227 ὑετοῦ
1398 1187 1445 1227 δὲ
1472 1201 1593 1227 κατε-

140 1252 360 1303 νεχθέντος
399 1248 634 1305 ῥαγδαίου,
665 1251 738 1292 καί
762 1251 837 1305 τῆς
878 1250 1069 1299 κοιλάδος
1097 1249 1359 1307 καταρρύτου
1390 1251 1592 1307 φανείσης

139 1315 207 1371 ἐφ’
235 1309 284 1369 ἧς
329 1315 705 1370 ἐστρατοπεδεύετο
724 1348 737 1370 ,
779 1313 809 1372 ἦ
848 1332 894 1359 τε
939 1319 1144 1371 βασιλέως
1184 1319 1301 1373 κλίνη
1336 1319 1590 1372 μετεφέρετο

139 1379 244 1436 πρὸς
272 1379 319 1422 τὸ
367 1383 608 1438 καθαρεῦον
651 1379 808 1433 ὕδατος
846 1385 999 1438 μέρος,
1029 1383 1103 1425 καί
1130 1382 1255 1433 αὐτὸς
1283 1382 1355 1425 ε’πί
1381 1380 1590 1437 στόματος

137 1443 226 1502 εἶχε
252 1446 298 1490 τό
322 1446 486 1504 φάσκον
512 1448 673 1492 οὑτωσὶ
697 1449 990 1508 χρησμῴδημα
1014 1449 1184 1503 ,,τόποις
1212 1452 1248 1492 δ’
1276 1452 1321 1492 έν
1346 1450 1490 1506 ὖγροΐς
1517 1450 1593 1491 καί

75 1533 126 1559 20
137 1515 238 1569 παρ’
285 1513 436 1557 ἐλπίδα
460 1516 629 1573 πέσῃς.”
686 1515 726 1559 οἷ
765 1518 813 1559 δὲ
838 1514 915 1566 τοὶς
939 1519 1023 1559 ταῖν
1050 1517 1262 1570 βασιλέων
1290 1514 1493 1571 διαδοχάς
1519 1517 1592 1558 καί

135 1581 386 1633 μεταθέσεις
418 1584 752 1637 φιλοκρινοῦντες
777 1583 852 1624 καί
876 1585 1000 1625 τοῦτο
1027 1584 1160 1637 πέρας
1187 1581 1405 1638 εἰληφέναι
1432 1580 1588 1636 ἔλεγον,

133 1641 202 1699 ,,ὠ“
229 1648 318 1696 πῶς
345 1646 495 1704 γενήσῃ
522 1649 676 1702 βρῶμα
705 1649 852 1691 δεινῶν
872 1645 1061 1705 κοράκων
1074 1650 1118 1690 .''’
1171 1650 1231 1705 πῇ
1254 1650 1333 1702 μὲν
1362 1650 1405 1697 ἐς
1430 1647 1480 1690 τιὶ
1508 1650 1585 1700 με’-
1598 1658 1694 1695 Rae

134 1715 242 1754 λανα
269 1715 340 1754 καὶ
391 1713 559 1764 σίζοντα
585 1713 759 1770 σιδήρια
785 1713 831 1758 τὸ
860 1713 1129 1771 παλαίφατον
1155 1717 1278 1756 τοῦτο
1304 1712 1440 1767 λόγιον
1471 1714 1583 1768 α’φο-

134 1777 215 1831 ρᾶν
263 1779 609 1833 ἰσχυριζόμενοιλ
631 1780 689 1821 δι’
728 1774 788 1822 ὧν
819 1777 841 1822 ὃ
863 1778 1027 1835 καυτῆρ
1055 1782 1108 1836 τῇ
1129 1778 1248 1835 χειρί
1274 1781 1349 1821 τοῦ
1376 1781 1584 1832 βασιλέως

72 1845 124 1886 25
137 1842 428 1898 ἐπενήνεκται,
470 1846 530 1901 πῇ
574 1846 610 1886 δ’
654 1846 697 1894 ἐς
729 1845 774 1887 τό
804 1848 884 1887 τῶν
925 1846 1088 1900 βουνῶν
1120 1844 1396 1899 προσώνυμον
1423 1844 1495 1899 ἐφ’
1522 1836 1584 1885 ὧν

135 1909 290 1960 ἐκεῖνος
318 1908 614 1966 κατεσκηνώκει
639 1910 686 1953 τὸ
716 1913 1020 1968 προφοίβασμα
1047 1907 1314 1959 ἀπολύοντες.

135 2060 251 2094 visum
284 2064 357 2101 est,
391 2070 470 2094 cum
507 2071 555 2094 ne
587 2062 638 2094 sic
669 2061 818 2107 quidem
854 2063 1003 2095 affectae
1041 2062 1153 2107 partis
1181 2061 1322 2096 sanatio
1353 2065 1450 2095 certa
1476 2066 1581 2095 esset.

135 2112 174 2141 at
206 2107 425 2152 imperator,
461 2108 525 2153 qui
562 2109 717 2153 priorem
750 2109 859 2143 etiam
897 2109 1095 2142 sectionem
1128 2109 1287 2142 universi
1328 2108 1415 2141 mali
1439 2119 1583 2142 causam

136 2165 213 2187 esse
240 2155 481 2200 perspiceret,
521 2154 627 2189 dictis
667 2166 792 2188 eorum
816 2167 890 2188 non
913 2155 1120 2196 annuebat,
1147 2155 1212 2189 sed
1239 2161 1408 2200 aegrotus
1434 2155 1582 2189 decum-

134 2200 248 2234 bebat
271 2206 391 2247 spreta
414 2202 565 2247 ancipiti
588 2203 785 2236 curatione.
815 2209 923 2248 atque
941 2203 1176 2237 celeberrimo
1191 2203 1466 2236 resurrectionis
1477 2203 1583 2236 Chri-

135 2249 183 2282 sti
227 2247 287 2282 die
323 2248 446 2282 divina
461 2250 655 2293 ·mysteria
678 2250 843 2295 percipit.
872 2256 909 2283 et
933 2250 972 2283 in
994 2261 1106 2283 coena
1130 2251 1235 2283 aulae
1258 2250 1398 2282 foribus
1426 2249 1583 2295 apertis,

135 2295 280 2340 quosvis
320 2295 459 2340 ingredi
485 2302 521 2330 et
543 2302 669 2341 petere
706 2309 800 2342 quae
826 2297 963 2330 vellent
986 2298 1167 2342 permisit3
1194 2297 1364 2342 idemque
1390 2302 1427 2330 et
1450 2297 1585 2342 postri-

136 2342 197 2375 die
218 2343 359 2375 monitu
392 2343 563 2377 Iohannis
602 2345 722 2388 magni
761 2344 947 2377 domestici
986 2344 1094 2385 fecit,
1120 2344 1237 2389 epulis
1275 2355 1368 2389 quae
1393 2344 1583 2389 appositae

136 2395 239 2423 erant
275 2390 370 2422 inter
402 2401 462 2423 eos
487 2391 550 2435 qui
588 2391 755 2425 astabant
780 2391 996 2424 distributis.
1023 2392 1244 2436 semotisque
1269 2391 1414 2424 arbitria
1441 2390 1486 2424 de
1513 2390 1582 2424 im-

134 2436 227 2515 perii
253 2447 455 2470 successore
483 2437 686 2472 deliberare
707 2439 881 2473 instituit.
903 2438 1085 2472 enimvero
1108 2439 1202 2472 valle
1226 2439 1264 2471 in
1281 2449 1352 2483 qua
1375 2443 1491 2471 castra
1516 2437 1582 2470 ha-

163 2482 248 2515 ebat
271 2483 409 2527 ingenti
434 2484 555 2529 pluvia
579 2485 755 2519 inundata
771 2511 780 2526 ‚
809 2485 918 2518 etiam
941 2486 1096 2518 lectulus
1121 2486 1198 2518 eius
1224 2485 1362 2530 impetu
1388 2484 1583 2518 decurren-

135 2529 183 2562 tis
209 2541 324 2575 aquae
351 2536 406 2564 est
430 2537 596 2574 avectus,
630 2544 710 2565 cum
737 2531 831 2565 illud
856 2533 1059 2574 oraculum,
1085 2532 1214 2569 „cades
1239 2532 1386 2577 aquosis
1409 2531 1584 2576 improvi-

138 2586 196 2608 sus
220 2577 259 2609 in
282 2578 417 2618 locis‚“
445 2578 598 2613 subinde
619 2580 658 2612 in
682 2590 743 2612 ore
767 2579 929 2613 haberet.
955 2580 1021 2624 qui
1043 2590 1127 2612 vero
1152 2580 1410 2624 imperatorum
1440 2589 1582 2612 succes-

137 2622 257 2656 siones
290 2629 326 2657 et
348 2626 568 2660 mutationes
592 2627 859 2671 pervestigant,
893 2625 988 2660 illud
1017 2627 1127 2660 etiam
1152 2632 1282 2660 eventu
1307 2625 1584 2671 comprobatum.

138 2679 216 2701 esse
239 2669 383 2712 ferunt,
427 2672 542 2714 ,‚heu‚
575 2674 689 2707 corvis
727 2685 806 2706 esca
831 2674 901 2706 eris
933 2674 1043 2706 miser
1063 2673 1295 2707 vomcibus!u
1334 2673 1373 2706 id
1397 2672 1584 2705 oraculum

137 2715 269 2760 partim
291 2717 339 2750 ad
372 2718 472 2763 nigra
500 2725 538 2753 et
560 2719 752 2753 stridentia
786 2721 1020 2762 ferramenta,
1061 2719 1194 2765 quibus
1228 2731 1355 2753 manus
1384 2720 1463 2752 eius
1501 2723 1584 2754 usta

139 2767 251 2804 estet,
277 2764 408 2809 partim
432 2765 479 2800 ad
502 2773 779 2814 cognomentum
803 2767 979 2802 montium
1009 2767 1191 2815 pertinere
1217 2767 1475 2802 existimantes.
