1878 3230
730 199 867 240 URBS
909 197 1098 240 CAPTA.
1521 195 1547 250 7
1560 196 1585 251 7
1598 195 1626 250 7

196 299 286 342 ἄλλ’
313 295 393 356 ὅπῃ
422 314 486 348 τις
513 293 564 340 ἂν
584 300 657 340 καί
682 301 983 353 προσέδραμεν,
1014 299 1227 342 ἀπεσπᾶτο
1247 295 1351 353 πρὸς
1379 298 1461 340 τῶν
1483 293 1634 339 εἰσιόν-

195 382 278 407 των
305 367 395 407 ἐκεῖ
429 367 660 417 πολεμίων,
700 364 773 406 καί
797 362 901 407 ἔνθα
933 365 1038 420 πρὸς
1065 367 1218 420 βουλῆς
1245 365 1415 412 ἐκείνοις
1442 360 1637 417 ἀπήγετο.

195 433 315 472 ταῦθ’
345 429 522 485 ὁρῶντες
549 427 670 484 ἡμεῖς
703 425 994 484 ἄνομούμενα,
1024 430 1079 480 ὥς
1101 433 1146 473 ἐκ
1173 432 1253 472 τῶν
1280 426 1495 483 παρόντων
1522 425 1636 480 εἴχο-

196 511 310 548 μεν,·
327 494 372 537 τὸ
403 494 623 550 σύμφορον
649 497 834 548 μέτιμεν.
892 491 944 550 ἦν
976 491 1048 538 οὖν
1077 494 1176 549 ἐμοί
1195 512 1258 546 τις
1285 492 1470 549 συνήθης
1496 508 1540 534 τε
1566 490 1640 533 καὶ

162 563 410 609 5συνέστιος
449 562 495 603 ἑκ
523 562 598 602 τοῦ
635 562 719 603 τῶν
746 564 978 604 Βενετίκων
1019 559 1239 617 προελθών
1274 562 1432 619 γένους,
1461 558 1637 612 κομιδῆς

198 623 439 679 ἀξιούμενος
471 626 544 667 καί
582 627 656 680 τῆς
693 626 736 675 ἐς
762 626 807 668 τὸ
844 629 968 679 σῶμα
1006 626 1243 683 ἀσφαλείας
1271 627 1424 681 κομιδῇ
1447 626 1638 677 μετέχων

196 697 283 741 τοῖς
310 685 427 733 οὖσιν
455 688 544 743 ἅμα
572 693 644 733 καί
667 692 843 746 γυναικί.
877 687 1000 742 οὗτος
1025 691 1232 748 χρήσιμος
1260 689 1360 746 ἡμῖν
1385 693 1430 732 ὲν
1456 696 1544 738 τοῖς
1568 687 1629 731 τό·
1648 700 1676 733 C

197 771 243 798 τε
269 762 430 812 καιροῖς
459 759 629 811 γίνεται,
687 755 1034 812 θωρακισάμενος
1065 756 1144 813 γάρ
1174 760 1247 800 καί
1272 755 1346 799 τὸν
1374 755 1555 810 ἔμπορον
1580 755 1640 804 εἰς

197 821 456 877 στρατιώτην
483 821 852 875 μεταμειψάμενος
880 822 995 876 μάλα
1017 825 1232 879 ἐμβριθῶς
1259 820 1514 877 ἀπεκρούετο
1543 817 1641 868 τοὺς

139 904 185 931 ιο
199 884 402 936 εἰσιόντας
429 888 559 942 μέχρι
593 886 704 936 τινὸς
740 887 786 929 τό
829 887 982 943 οἴκημα
1011 887 1266 943 σκυλευτάς,
1298 888 1369 930 τὸν
1394 886 1642 939 συνοπλίτην

197 955 368 1001 ἐκείνοις
398 950 720 1006 ὑποκρινόμενος
745 955 818 995 καί
841 955 1142 1010 προειληφέναι
1167 952 1243 1008 τὴν
1275 954 1408 994 οἰκίαν
1434 967 1643 1006 σχηματι-

199 1016 396 1071 ζόμενος,
425 1019 781 1073 συμβαρβαρίζων
823 1016 913 1071 ἅμα
941 1021 1064 1074 σφίσι
1102 1017 1174 1060 καὶ
1202 1016 1254 1060 τά
1286 1017 1428 1061 εἰκότα
1456 1015 1643 1071 διαλεγό-

197 1098 336 1136 μενος.
409 1081 467 1132 ὥς
499 1084 535 1124 δ’
567 1082 604 1125 οἱ
644 1085 722 1136 μὲν
746 1083 853 1126 κατὰ
881 1086 1042 1140 πλῆθος
1079 1085 1308 1139 εἰσέρρεον,
1338 1081 1360 1124 ὅ
1391 1084 1427 1125 δ’
1454 1083 1644 1135 ἀντέχειν

200 1149 422 1204 α’πείρηκε,
462 1151 537 1190 καί
562 1148 745 1202 μάλιστα
775 1148 875 1199 τούς
915 1151 961 1192 ἐκ
988 1152 1071 1192 τῶν
1104 1152 1380 1205 Φραγκίσκων
1411 1147 1642 1202 εἰσιόντας,

142 1211 258 1268 15μῆ
283 1219 369 1272 τοῖς
409 1209 551 1263 ἄλλοις
580 1209 704 1263 ὄντας
732 1217 1055 1270 παραπλησίους
1097 1214 1170 1257 καί
1191 1213 1267 1265 τὰς
1294 1213 1463 1269 γνώμας
1491 1213 1563 1255 καί
1589 1212 1639 1256 ‘cci

201 1277 406 1333 σώματα,
431 1280 559 1332 μόνον
583 1281 629 1321 δὲ
657 1279 730 1322 τὸν
764 1279 946 1336 ου’ρανὸν
975 1282 1154 1323 δεδιέναι
1183 1281 1468 1334 κομπάζοντας
1492 1277 1550 1335 μή
1577 1278 1644 1334 εἴη

198 1345 346 1400 σφίσιν
367 1345 595 1398 ἐπιπεσών,
644 1352 907 1403 μεταχωρεῖν
943 1348 1104 1389 ἐκεῖθεν
1133 1344 1235 1402 ἡμῖν
1272 1344 1546 1401 ὖποτίθησιν,
1574 1347 1643 1388 ἵνα

200 1408 265 1464 μὴ
288 1409 395 1466 πρὸς
433 1414 518 1460 τοῖς
543 1411 776 1466 βαρβάροις
815 1411 1029 1467 γενόμενοι
1050 1414 1094 1454 ἐν
1123 1415 1201 1465 μὲν
1231 1415 1400 1466 δεσμοῖς
1426 1410 1464 1453 οἱ
1492 1408 1644 1466 ἄνδρες

200 1475 319 1529 ἡμεῖς
354 1475 424 1516 διὰ
451 1475 650 1532 χρήματα
696 1477 859 1532 εἴημεν,
904 1476 948 1520 αἱ
991 1479 1037 1520 δὲ
1083 1484 1273 1532 γυναῖκες
1311 1477 1355 1520 ἐν
1395 1475 1543 1532 ’ὕβρεσι
1569 1479 1640 1518 καί
1650 1489 1683 1522 D

140 1557 190 1584 20
203 1542 395 1594 α’σέμνοις
422 1543 677 1596 α’παγωγαῖς.
732 1545 806 1585 τοῦ
832 1546 1022 1599 χρηστοῦ
1049 1544 1187 1586 τοίνυν
1214 1545 1374 1586 ἐκείνου
1403 1542 1475 1584 καί
1499 1541 1642 1598 πρώην

203 1604 437 1660 οἰκότριβός
475 1623 519 1649 τε
555 1609 628 1650 καί
671 1609 944 1665 πρόσφυγος,
986 1609 1082 1651 τότε
1111 1610 1149 1650 δ’
1192 1606 1360 1664 ἀγαθοῦ
1386 1607 1643 1665 συνεργάτου

298 1729 330 1772 4.
353 1729 543 1775 μετῇμενῖ
684 1726 728 1772 ἦν
755 1727 846 1777 οὖν]
881 1728 988 1776 εἶχόν
1023 1742 1110 1765 τινα
1134 1729 1279 1773 συνήθη
1304 1731 1500 1777 γνώριμον
1531 1730 1573 1765 ἐν
1595 1732 1646 1764 τῶ

301 1776 394 1808 οἴκω
417 1787 515 1822 μου,
550 1774 761 1822 ἐρχόμενον
803 1777 963 1811 πάντοτε
987 1775 1089 1834 μετὰ
1126 1779 1190 1819 τῆς
1226 1775 1410 1823 γυναικὸς
1435 1777 1554 1811 αὐτοῦ
1583 1779 1647 1811 καὶ

297 1824 372 1855 τῶν
406 1822 554 1861 παίδων
584 1825 647 1856 καὶ
680 1822 921 1869 λαμβάνοντα
954 1837 1000 1858 τα
1038 1823 1199 1869 χρειώδη
1237 1826 1302 1858 καὶ
1325 1823 1646 1871 δεφενδευόμενος

295 1867 361 1901 ὑπ’
390 1868 487 1915 ἐμοῦ
510 1869 548 1903 Β.
672 1870 720 1912 ¹4.
750 1872 1015 1915 φραντζίσκων
1041 1871 1077 1903 Β.
1226 1874 1275 1905 16.
1298 1865 1349 1917 μ’)
1378 1870 1447 1918 εἴη]
1472 1871 1524 1916 μή
1553 1881 1646 1905 ποτε

297 1908 426 1949 πεσὼν
454 1915 626 1957 exentiat,
655 1915 793 1953 αὕτοός
818 1918 855 1952 Β.
996 1929 1050 1951 20.
1084 1919 1154 1952 τοῦ
1184 1917 1368 1965 χρηστοῦ]
1394 1919 1461 1952 τοῦ
1489 1917 1646 1963 ‹synt-9017

297 1964 428 1996 τοίνυν
452 1961 600 1997 ἐκείνου
629 1965 841 2008 συμβούλου
866 1963 902 1996 Β.

207 2066 383 2107 receptus,
394 2063 449 2095 cui
463 2063 579 2096 vicina
593 2068 678 2097 erat.
691 2064 755 2097 sed
770 2065 904 2098 milites
918 2065 1012 2098 nihil
1025 2065 1351 2111 impervestigatum
1365 2065 1641 2112 relinquebant3

206 2120 275 2142 nec
293 2109 392 2142 locus
416 2110 511 2143 ullus
537 2121 636 2143 sacer
655 2116 718 2144 aut
744 2112 814 2145 situ
842 2112 1001 2145 munitus
1024 2113 1204 2158 supplices
1228 2112 1456 2146 defendebat.
1482 2124 1644 2158 quocun-

207 2166 279 2200 que
296 2167 506 2197 accurreres,
525 2157 569 2190 ab
589 2157 752 2192 hostibus
767 2158 976 2200 abstractus,
1002 2171 1074 2204 quo
1097 2160 1168 2192 illis
1195 2166 1270 2194 erat
1293 2160 1462 2201 lubitum,
1487 2159 1644 2193 abduce-

207 2202 314 2237 haris.
343 2214 430 2247 quas
465 2204 615 2237 iniurias
641 2215 719 2238 cum
753 2215 995 2246 cerneremus,
1020 2212 1061 2239 ut
1090 2211 1231 2251 tempus
1260 2206 1417 2248 ferebat,
1443 2207 1549 2239 rebus
1577 2218 1645 2239 no-

208 2249 289 2281 stris
314 2249 596 2285 consulebamus.
625 2256 703 2285 erat
724 2251 813 2283 mihi
836 2252 1020 2285 familiaris
1043 2253 1191 2298 quidam
1215 2258 1322 2299 atque
1341 2253 1557 2286 domesticus
1581 2264 1646 2285 na-

207 2295 310 2328 tione
334 2295 516 2338 Venetus,
549 2298 612 2342 qui
637 2297 735 2330 domi
758 2309 859 2331 meae
892 2310 970 2332 cum
994 2311 1104 2332 uxore
1137 2306 1174 2333 et
1199 2300 1306 2333 rebus
1330 2300 1403 2333 suis
1426 2300 1560 2333 victum
1586 2305 1646 2332 tu-

207 2346 356 2386 tumque
381 2348 563 2387 receptum
588 2343 756 2379 habebat.
780 2345 810 2378 is
829 2355 871 2378 eo
888 2350 1049 2391 tempore
1071 2346 1174 2380 nobis
1201 2347 1301 2380 utilis
1328 2347 1409 2380 fuit.
1431 2358 1514 2379 nam
1539 2346 1646 2378 armis

211 2392 249 2420 et
270 2388 417 2421 militari
451 2389 578 2423 habitu
612 2402 677 2435 pro
714 2393 924 2425 mercatorio
964 2394 1137 2438 sumptis,
1176 2393 1407 2438 praedatores
1431 2391 1645 2437 aliquandiu

210 2433 352 2467 fortiter
375 2434 518 2470 aedium
553 2438 713 2482 ingressu
749 2437 909 2483 depulit,
942 2450 979 2472 se
1009 2440 1288 2473 commilitonem
1313 2451 1453 2479 eorum,
1479 2444 1516 2472 et
1539 2438 1646 2471 aedes

213 2490 272 2512 eas
296 2491 572 2527 praeoccupasse
610 2484 800 2526 simulans,
838 2491 874 2519 et
897 2487 1013 2530 patria
1048 2486 1171 2530 lingua
1196 2498 1276 2519 cum
1305 2487 1355 2519 eis
1383 2497 1474 2530 quae
1501 2495 1556 2517 res
1579 2496 1646 2529 po-

212 2526 371 2559 stulabat
394 2529 613 2574 colloquens.
653 2542 733 2563 cum
756 2537 876 2566 autem
904 2533 977 2565 illis
999 2533 1207 2566 catervatim
1232 2532 1474 2572 irruentibus,
1499 2531 1646 2564 Francis

210 2573 430 2616 praeses-tim,
457 2577 519 2619 qui
547 2578 696 2610 caeteris
722 2589 790 2610 nec
815 2579 969 2622 ingeniis
993 2591 1059 2612 nec
1085 2579 1293 2625 corporibus
1318 2578 1449 2611 similes
1478 2576 1517 2608 id
1535 2588 1647 2610 unum

213 2629 250 2653 se
275 2619 390 2650 vereri
409 2620 545 2654 iactant
567 2634 613 2656 ne
634 2624 772 2657 caelum
795 2631 886 2665 ruat,
911 2626 1074 2659 resistere
1090 2637 1163 2659 non
1178 2630 1311 2670 posset,
1331 2629 1453 2656 auctor
1475 2623 1582 2656 nobis
1607 2624 1648 2657 fit

213 2663 299 2698 inde
318 2664 539 2708 discedendi,
555 2680 601 2701 ne
615 2671 710 2714 capti
727 2682 747 2702 a
765 2670 925 2705 barbaris
945 2683 1008 2706 nos
1025 2673 1062 2705 iu
1077 2673 1218 2706 vincula
1236 2671 1500 2709 coniiceremur,
1518 2670 1646 2702 mulie-

214 2722 269 2746 res
288 2722 371 2744 vero
391 2711 435 2744 ad
462 2718 583 2757 stupra
607 2721 642 2748 et
663 2716 855 2750 libidinem
873 2724 1092 2762 raperentur.
1108 2730 1186 2750 cum
1209 2724 1327 2750 autem
1343 2716 1458 2749 bonus
1483 2715 1547 2748 ille
1570 2716 1645 2760 pri-

215 2757 294 2793 ‹lem
311 2758 463 2792 famulus
485 2765 519 2793 et
538 2760 660 2801 cliens,
680 2767 755 2797 tum
777 2774 860 2797 vero
881 2763 1024 2798 adiutor
1039 2770 1075 2799 et
1089 2770 1247 2810 tempore
1273 2763 1423 2797 maxime
1446 2763 1643 2798 necessario
