1878 3230
301 167 409 224 352
707 183 934 226 ΝῙΟΕΤΑΕ
971 148 1281 226 cnouiA'rAE

301 304 384 330 νον.
440 285 484 327 τό
517 287 562 326 δὲ
591 287 661 337 τῆς
684 282 958 336 ’Λνδρονίκου
986 281 1163 337 φατρίας
1185 281 1437 338 θερμότερον
1464 289 1535 328 καί
1561 285 1726 337 α’κκιζό·

300 367 420 406 μενον
442 347 713 403 Ἀνδρόνικον
741 347 814 389 καί
837 346 909 401 τὴν
936 346 1159 402 συνεδρίαν
1192 346 1512 402 εἰρωνευόμενον
1539 352 1727 408 ἀμφοτέ-ὶ

297 429 395 471 ραις
423 413 647 467 συσχόντες
674 414 732 461 εἰς
763 411 835 466 τὴν
860 411 1154 467 χρυσόπαστον
1182 413 1320 466 κλίνην
1348 414 1505 468 ἐφῆκαν
1533 416 1600 470 ἐφ’
1627 410 1677 471 ἧς
1703 415 1727 458 ὅ

299 479 497 533 βασιλεὺς
542 481 692 529 ἵζανεν.
763 473 883 519 ἄλλοι
912 479 958 519 δὲ
991 476 1065 531 τὴν
1107 477 1320 533 καπνηρὰν
1358 477 1429 520 καί
1471 482 1729 537 πυραμοειδῆ

301 546 424 598 ἐρέαν
453 547 524 598 τῆς
552 545 734 599 κεφαλῆς
763 540 1016 598 α’φελόμενοι
1041 539 1204 597 πυρσὴν
1232 542 1343 600 αὐτῷ
1369 546 1629 598 περιέθεντο,
1658 547 1763 589 καὶὸ

301 608 449 663 στολήν
487 608 707 661 βασιλικήν
749 609 947 650 ἐνέδυσαν
986 609 1128 662 ἕτεροι.
1184 610 1234 665 τῇ
1263 610 1308 649 δὲ
1338 605 1540 667 ὑστεραίᾳ
1567 610 1638 651 ἐπὶ
1658 611 1731 666 τῆς

300 675 481 729 μεγάλης
515 673 730 728 ἐκκλησίας
758 669 992 728 ἀρξαμένης
1027 675 1101 727 τῆς
1130 674 1209 715 τῶν
1233 675 1438 727 βασιλέων
1466 673 1732 730 ἀναρρήσεως

300 739 490 793 γίνεσθαι
531 740 795 792 Ἀνδρόνικος
840 738 1108 793 ἀνηγορεύετο
1145 737 1366 794 πρότερον,
1407 739 1429 780 ὃ
1470 741 1516 782 δὲ
1542 741 1732 791 Ἀλέξιος

174 809 205 842 Ρ.
228 810 287 854 ¹75
301 805 582 858 ὑπεβέβαστο,
604 803 918 858 μεταπεσούσης
945 805 1020 858 τῆς
1036 805 1201 854 τάξεως.
1257 804 1328 846 καί
1353 802 1380 858 ἦ
1409 807 1520 846 αἰτία
1546 802 1603 854 ὥς
1633 810 1732 847 καλ-

300 873 416 924 λίστη
444 869 516 911 καί
543 867 762 924 εὐπρεπής·
790 863 840 909 οὔ
870 885 977 924 φασι
1004 871 1091 911 δεῖν
1118 868 1189 910 τόν
1218 867 1394 925 ἴνφαντα
1417 873 1489 911 καί
1508 871 1550 918 ἐς
1580 872 1732 926 μέτρον
1747 887 1793 915 10

301 931 418 976 οὔπω
449 932 611 989 ἡλικίας
638 933 829 987 ἱκόμενον
865 936 1104 987 λειογὲνειον
1129 934 1539 990 προαναγορεύεσθαι
1557 937 1631 977 τοῦ
1657 951 1730 978 πο-

301 1001 512 1055 λιότριχος
536 1000 809 1054 Ἀνδρονίκου
839 1000 910 1040 καί
935 1000 1116 1054 γεραροῦ
1143 998 1188 1041 τό
1212 1005 1381 1055 φρονεῖν
1413 999 1485 1041 καί
1512 998 1601 1053 ἅμα
1629 1001 1732 1056 πρό-

299 1082 362 1107 σω
391 1067 462 1107 καί
492 1064 622 1107 ὀπίσω
656 1063 701 1106 τό
730 1063 834 1119 ὁρᾶν
863 1063 1025 1118 ἔχοντος
1051 1066 1106 1121 τῷ
1143 1066 1280 1121 ἐσθλῷ
1307 1068 1380 1119 τῆς
1408 1065 1586 1121 φύσεως.
1641 1067 1735 1107 ἐπεὶ

300 1133 346 1172 δὲ
375 1130 447 1171 καί
481 1128 605 1178 αὐτὸς
640 1129 906 1184 Ἀνδρόνικος
941 1129 990 1171 τὰ
1029 1129 1119 1184 ἱερά
1148 1131 1368 1185 ἑσαφικετο
1405 1130 1598 1186 μέλαθρα
1639 1144 1732 1172 στε-

300 1194 576 1251 φθησόμενος,
594 1195 681 1236 τότε
701 1193 873 1248 πρώτως
902 1188 1028 1250 (ἔφθη
1049 1199 1134 1243 τοῖς
1153 1194 1394 1250 ἀνθρώποις
1419 1194 1637 1249 διαχυθεὶς
1662 1194 1734 1237 καί
1748 1198 1794 1239 15

298 1259 342 1300 τὸ
372 1263 446 1302 τοῦ
474 1261 712 1313 βλέμματος
754 1258 777 1300 ὁ
806 1259 890 1314 θηρ
918 1262 1198 1312 μεταθέμενος
1224 1258 1432 1315 βλοσυρόν
1461 1262 1531 1302 καὶ
1555 1259 1632 1315 τήν
1663 1261 1736 1302 ἐπὶ

298 1325 344 1366 τὸ
375 1330 554 1380 κρεῖττον
584 1326 663 1366 τῶν
693 1322 948 1379 πραγμάτων
976 1324 1197 1366 ἀλλοίωσιν
1225 1329 1391 1374 πολλοῖς
1419 1326 1500 1367 τῶν
1527 1327 1734 1378 δεομένων

301 1389 682 1444 καθυποσχόμενος.
740 1385 792 1445 ἦν
821 1391 867 1431 δὲ
891 1391 1022 1431 ταῦτα
1059 1391 1216 1445 φενάκη
1246 1390 1452 1445 πρόδηλος
1475 1393 1546 1432 καί
1570 1389 1733 1445 ψευδὴς

300 1456 522 1510 ἐπαγγελία
548 1457 624 1496 τοῦ
655 1454 914 1507 ἅπατεῶνος,
944 1457 1015 1496 καί
1039 1454 1082 1496 τό
1114 1458 1189 1496 τοῦ
1215 1452 1439 1510 προσώπου
1469 1454 1627 1510 ἱλαρόν,
1655 1471 1729 1511 φι-

300 1522 568 1574 λανθρωπίας
597 1522 870 1575 παρυφισταῖν
898 1519 1143 1573 ἰσχνότατον
1173 1518 1352 1572 ἴνδαλμα
1372 1518 1625 1575 πρόσκαιρον
1653 1536 1730 1563 συ·-
1743 1540 1795 1566 20
1831 1537 1841 1552 ¹

263 1585 464 1635 Βσκιάζον
490 1584 564 1640 τήν
591 1582 761 1626 ἔνδοθεν
788 1581 1025 1640 ἀγριότητα.
1055 1583 1254 1626 εἰσελθών
1281 1586 1327 1626 δὲ
1353 1583 1397 1626 τό
1428 1583 1542 1640 ἱερὸν
1570 1587 1642 1628 καὶ
1668 1601 1732 1628 τε-

301 1653 463 1699 λεσθείς
484 1647 619 1692 ὁπόσα
640 1656 726 1698 τοῖς
745 1654 1012 1705 στεφομένοις
1034 1648 1212 1692 εἴθισται
1227 1645 1362 1702 ἄναξι,
1379 1650 1564 1704 πρόσεισι
1580 1651 1733 1706 δεῆσαν

300 1716 382 1756 τῶν
412 1714 632 1770 ἅχράντων
669 1714 885 1769 ἁγιασμῶν
909 1719 1160 1768 μετασχεῖν,
1199 1717 1270 1757 καί
1292 1713 1363 1758 τόν
1385 1711 1577 1771 οὗράνιον
1605 1712 1733 1772 ἄρτον

392 1817 424 1859 4.
447 1827 514 1857 την
538 1815 662 1872 mmm]
690 1813 730 1849 τὸ
757 1818 908 1861 μαιῖρον
942 1813 1111 1862 ῑβηρικὸν
1145 1813 1312 1851 καποίσιν
1338 1814 1373 1848 Β
1515 1818 1544 1852 5.
1567 1812 1730 1864 πυρσῆν]

391 1858 631 1942 ἶένᾼχρυσην
659 1863 880 1908 καλύπτραν
905 1863 940 1896 Β
1059 1865 1089 1898 8-
1118 1861 1346 1908 ἄνηγόρευτο
1372 1862 1412 1895 A.
1538 1874 1589 1920 io.
1617 1864 1730 1909 lepar-

303 1991 437 2033 ‘nnpetu
460 1987 651 2020 ferebatur.
678 1998 719 2019 ac
745 1985 911 2020 factionis
933 1998 1012 2032 pars
1038 1988 1151 2022 acrior
1177 1987 1417 2020 Andronicum
1439 1988 1729 2031 tergiversantem

305 2041 340 2067 et
368 2045 570 2067 consessum
597 2039 816 2066 recusantem
842 2034 997 2074 scilicet,
1027 2033 1200 2066 ambabus
1227 2034 1392 2066 manibus
1418 2033 1728 2078 comprehensum,

304 2083 341 2113 in
366 2087 487 2114 aurata
513 2080 602 2112 sella
626 2080 833 2112 collocavit:
861 2081 923 2112 alii
951 2080 1051 2124 pullo
1078 2086 1114 2113 et
1137 2085 1240 2112 acuto
1267 2080 1363 2124 pileo
1390 2079 1562 2120 detracto,
1586 2080 1729 2114 rubram

303 2128 443 2159 mitram
468 2127 544 2159 eius
568 2127 678 2171 capiti
701 2127 967 2171 imposuerunt3
991 2127 1053 2159 alii
1076 2128 1168 2159 stola
1182 2127 1411 2171 imperatoria
1427 2137 1508 2159 eum
1526 2126 1728 2160 induerunt.

301 2174 475 2217 postridie
501 2184 579 2205 cum
603 2173 641 2205 in
670 2183 796 2216 magna
819 2173 969 2206 ecclesia
996 2173 1228 2217 imperatores
1254 2174 1576 2217 proclamarentur,
1601 2172 1728 2206 ordine

302 2225 438 2252 mutato
469 2219 662 2252 Andronici
687 2230 818 2251 nomen
841 2220 977 2264 priore,
1006 2220 1120 2253 Alexii
1143 2220 1341 2264 posteriore
1371 2220 1450 2252 loco
1485 2223 1539 2252 est
1570 2229 1729 2262 pronun-

303 2267 455 2305 ciatum,
481 2265 527 2297 ob
555 2276 696 2297 causam
719 2266 886 2298 nimirum
914 2265 1100 2298 honestam
1124 2272 1159 2299 et
1186 2266 1400 2310 speciosam:
1423 2276 1495 2298 non
1523 2264 1650 2297 decere
1671 2262 1735 2299 in-'

304 2313 459 2350 fantem,
488 2311 696 2343 immaturae
724 2312 874 2352 aetatis,
900 2312 1038 2344 levibus
1061 2313 1184 2352 malis,
1222 2312 1395 2345 celebrari
1431 2317 1513 2344 ante
1548 2311 1729 2344 Androni-

303 2370 405 2398 cum,
427 2357 542 2391 virum
567 2369 715 2398 canum,
739 2358 931 2402 prudentia
952 2358 1213 2399 venerabilem,
1239 2358 1428 2390 excellenti
1452 2357 1653 2401 praeditum
1671 2359 1728 2391 in·

303 2406 417 2447 genio.
451 2408 639 2448 postquam
663 2414 745 2436 vero
772 2404 848 2448 ipse
874 2403 1097 2436 Andronicus
1126 2405 1164 2437 in
1188 2415 1320 2437 sacram
1350 2403 1472 2435 aedem
1499 2404 1662 2448 pervenit
1686 2410 1728 2438 ut

304 2455 551 2489 coronaretur,
576 2455 648 2482 tum
674 2451 826 2493 primum
853 2450 1004 2482 hilarior
1028 2450 1123 2483 visus
1152 2456 1205 2482 est
1229 2450 1319 2482 truci
1346 2456 1492 2494 aspectu
1520 2451 1656 2494 posit03
1690 2456 1727 2484 et

303 2498 423 2531 multis
446 2495 732 2540 supplicantibus
760 2507 856 2539 spem
882 2494 997 2528 rerum
1028 2497 1211 2528 meliorem
1242 2496 1343 2536 fecit,
1378 2497 1565 2529 manifesta
1600 2497 1726 2541 utique

303 2543 427 2576 fraude
453 2548 489 2575 et
511 2542 599 2575 falsa
624 2542 888 2586 pollicitatione
924 2543 1136 2586 impostoris.
1174 2553 1254 2574 nam
1289 2543 1351 2574 illa
1385 2544 1503 2575 vultus
1541 2543 1724 2583 hilaritas,

303 2590 547 2622 tenuissimam
571 2588 801 2621 humanitatis
827 2589 979 2632 speciem
1005 2588 1048 2620 ad
1074 2594 1211 2633 tempus
1235 2600 1319 2633 prae
1350 2600 1386 2621 se
1421 2590 1558 2628 serens,
1586 2588 1725 2622 abstru-

305 2647 376 2669 sam
406 2637 442 2668 in
478 2646 519 2667 eo
547 2635 801 2668 immanitatem
829 2635 1030 2678 obtegebat.
1058 2635 1228 2679 templum
1254 2637 1450 2678 ingressus,
1484 2635 1727 2668 coronationis

306 2683 536 2715 caeremoniis
561 2682 732 2726 peractis,
771 2693 849 2713 cum
885 2687 1105 2714 sacrosancta
1131 2683 1297 2724 mysteria
1325 2681 1553 2726 percipienda
1582 2686 1734 2720 essent,-

306 2741 384 2762 rum
410 2729 553 2763 caelesti
577 2739 666 2773 panc
694 2734 860 2772 percepto
887 2727 931 2761 ad
960 2727 1104 2761 calicem
1129 2729 1275 2773 pretiosi
1315 2735 1348 2761 et
1378 2729 1507 2764 vivifici
1544 2727 1733 2772 sanguini&
