1878 3230
0 3160 12 3230 “r“
3 3141 9 3155 '³
0 3112 2 3114 ⁴
0 3043 21 3063 v»
15 3032 19 3036 .

464 208 535 247 DE
574 205 894 248 ANDRoNlco
936 204 1197 248 coMNENo
1236 205 1334 248 Lm.
1375 208 1430 247 ιι.
1555 187 1671 261 427

239 304 400 362 ἑτέροις
427 300 515 359 εἶχε
542 303 616 348 τὸν
643 307 767 358 νοῦν,
795 303 867 347 τὸν
895 302 1002 360 ἄγαν
1026 307 1348 361 χαρακτηρίζων
1371 303 1678 358 παθαινόμενον

244 370 318 412 καί
345 370 519 422 εἰκάζων
546 368 618 413 τὸν
643 372 742 425 μηδ’
769 367 875 419 ὅλως
902 370 1237 426 παραδεξάμενον
1262 373 1343 413 τῶν
1372 368 1578 421 δοξάντων
1602 385 1678 423 με·

243 438 463 491 ταποιήσιν
492 432 519 491 ἢ
543 434 680 491 ῥοπήν
708 434 1008 491 φιλάνθρωπον
1038 438 1105 492 ἐφ’
1144 433 1206 485 οἷς
1245 435 1510 492 α’πεφήνατο·
1564 433 1604 477 οἱ
1639 436 1679 477 δ’

245 502 464 557 οἷκηκοότες
496 502 831 550 α’πολιθωθέντες
861 503 916 557 τῷ
944 503 1028 543 δέει
1055 503 1210 555 μικροῦ
1238 503 1379 558 (πείρᾳ
1405 500 1485 556 γάρ
1521 496 1677 557 ᾔδεσαν

208 567 301 616 5ιὸς
330 567 405 608 οὐκ
436 562 523 607 οἶδε
549 567 714 616 παίζειν
738 566 1026 621 Ἀνδρόνικος,
1055 567 1144 607 οὐδ’
1174 561 1281 608 ἄλλα
1306 568 1385 620 μὲν
1408 569 1453 609 ἐν
1480 573 1565 615 τοῖς
1590 581 1678 607 τοι-

245 630 384 682 ούτοις
411 632 671 687 φθέγγεσθαι
701 624 806 672 ἄλλα
835 632 882 671 δὲ
910 630 1078 673 κεύθειν
1103 632 1148 672 ἐν
1173 636 1266 681 ταῖς
1294 634 1476 689 φρεσίν),
1505 631 1587 685 ὀψὲ
1606 629 1680 673 καί

241 695 366 751 μόλις
393 697 438 738 ἐν
467 697 524 755 τεῇ
551 697 783 737 καθεστῶτι
809 693 1048 749 γενόμενοι,
1083 697 1302 746 ἐπιστολάς
1330 696 1567 750 γράψαντες
1605 694 1676 738 διά

243 762 522 817 ταχυδρόμων
553 762 791 814 ἐξέπεμψαν
819 765 905 809 τοῖς
931 763 1012 802 τῶν
1049 763 1265 817 σφετέρων
1302 760 1544 811 ἐπιστάταις
1582 778 1679 816 κτη-

242 826 387 881 μάτων
413 828 486 868 καί
511 831 600 874 τοῖς
627 826 712 868 ἀντ’
741 827 883 868 αΰτῶν
912 828 1102 868 διέπουσι
1129 828 1332 881 δημοσίας
1360 826 1517 881 α’ρχάς,
1544 824 1676 869 πολλὰ

183 912 230 939 10
243 891 404 941 τούτοις
421 889 734 946 ἐπισκήπτοντες
760 892 833 933 καί
845 889 1105 946 παράκλησιν
1133 894 1272 934 πᾶσαν
1292 892 1522 946 ἐπάγοντες,
1549 907 1676 947 προσ-
1690 899 1717 933 C

241 962 358 1010 σχεῖν
388 972 435 999 τε
464 955 538 998 καὶ
565 954 899 1011 ἐπαγρυπνήσειν
925 957 1072 1010 μήπως
1099 955 1284 1014 ναυαγίῳ
1312 956 1548 1011 ε’γκύρσασα
1576 959 1680 1006 ναῦς

240 1023 404 1064 ἐσεῖταί
423 1038 464 1065 τι
492 1025 723 1064 πεπονθυῖα
753 1020 900 1075 δεινόν,
931 1024 971 1064 εἰ
997 1024 1042 1064 δὲ
1074 1020 1274 1075 δυνατόν,
1304 1024 1377 1064 καί
1401 1028 1486 1071 τοῖς
1512 1023 1681 1075 α’νέμοις

240 1089 385 1137 αὐτοῖς
410 1083 660 1142 ἑπιτιμᾶνῆ
693 1086 796 1129 κατά
833 1086 909 1142 τήν
943 1085 1107 1130 Αἰόλου
1146 1090 1405 1142 μυθολογίαν
1444 1088 1587 1146 ἀσκοῖς
1626 1088 1677 1130 τὰ

241 1155 460 1207 πνεύματα
488 1152 811 1207 συλλαμβάνειν,
840 1154 911 1195 ἵνα
940 1152 1000 1208 μή
1022 1153 1268 1206 καταιγίδας
1295 1155 1487 1207 ἐγείρωσι
1514 1155 1588 1194 καί
1602 1152 1679 1207 τήν

182 1226 229 1267 15
244 1216 380 1274 ἅλμην
419 1219 771 1273 διαταράσσωσιν.
826 1220 974 1271 ἀμέλει
1011 1234 1076 1260 τοι
1114 1220 1160 1261 ἐκ
1197 1220 1323 1260 τοῦδε
1374 1219 1450 1259 ουἰι
1482 1213 1532 1274 ἦν
1574 1218 1681 1273 ὁρᾶν

242 1291 386 1327 πλοῖον
414 1283 439 1325 ὃ
469 1282 695 1338 περιπεσόν
724 1282 902 1325 κλύδωνι
924 1283 1043 1339 ,παρά
1072 1299 1148 1325 του
1174 1286 1258 1326 τῶν
1287 1283 1483 1326 ἁπάντων
1503 1283 1682 1338 διηρπά-

234 1367 294 1406 »γη
322 1366 365 1391 τι
392 1352 470 1392 τοῦ
497 1348 654 1406 φόρτου
684 1346 717 1404 ἢ
746 1352 873 1405 μέρος
904 1353 987 1392 τῶν
1023 1349 1390 1406 καταστρωμάτων
1425 1347 1616 1407 ἀφῄρητο
1652 1345 1681 1405 ἢ

232 1415 451 1472 καθῄρητο
482 1415 554 1458 τὸν
583 1413 698 1457 ἱστὸν
726 1411 752 1470 ἢ
774 1412 959 1470 ἄγκυραν
987 1416 1218 1469 α’πεβάλετο
1246 1413 1276 1470 ἢ
1302 1418 1384 1459 τῶν
1411 1414 1548 1458 ὅπλων
1570 1415 1680 1464 τινὸς

241 1483 436 1535 ἐστέρητο
474 1482 603 1535 μέχρι
646 1481 721 1522 καί
762 1484 971 1537 μηρίνθου
1016 1483 1190 1536 λεπτῆς,
1241 1481 1347 1524 ἀλλά
1390 1482 1596 1535 πνεύμασι
1631 1482 1682 1539 τῇ

179 1545 379 1604 ςοχέρσῳ
408 1547 665 1599 ἑκπτυόμενα
695 1543 723 1601 ἢ
754 1545 952 1600 χοιράσιν
982 1546 1252 1601 ἆρασσόμενα
1280 1550 1451 1602 πέτραις
1475 1545 1499 1602 ἦ
1528 1547 1682 1602 προβό-
1698 1563 1730 1595 1)

241 1616 329 1660 λοις
357 1610 728 1667 καταρρηγνύμενα
744 1645 755 1664 ,
788 1611 891 1656 ainsi
916 1613 989 1653 καί
1014 1612 1243 1667 Χαρωνικά
1273 1612 1507 1667 ψυχαγωγὰ
1531 1611 1681 1654 α’κάτια
1692 1625 1733 1658 V.
1752 1625 1816 1671 174

242 1678 288 1719 ἐκ
317 1678 493 1730 στομίου
517 1674 622 1734 ᾅδου
650 1677 884 1732 α’ναγόμενα
913 1677 1193 1732 ὑπεβλέποντο
1235 1677 1624 1735 α’ντιπαρερχόμενα
1654 1674 1682 1733 ἢ

335 1787 370 1830 4.
396 1785 704 1836 ἄπολιθωθέντεςι
746 1785 1091 1827 (Ξποναυτιάσαντες
1112 1789 1150 1823 A.
1290 1791 1322 1824 5.
1347 1789 1432 1824 οὐδὲ
1465 1788 1556 1823 ἄλλα
1586 1789 1683 1835 λέγει

333 1836 398 1868 καὶ
420 1833 510 1868 ἄλλα
547 1834 724 1880 πράττει,
754 1830 844 1869 ἀλλὰ
872 1835 1155 1883 συντομώτερόν
1193 1835 1271 1870 ἐστι
1299 1834 1339 1870 τὸ
1358 1837 1568 1885 τιμωρῆσαι
1595 1834 1614 1878 ἢ
1639 1831 1680 1870 τὸ

336 1883 454 1916 εἰπεῖν
485 1879 598 1916 αὐτόν
622 1883 659 1916 Β.
777 1886 810 1918 8.
835 1882 1094 1929 ταχυδρόμων]
1127 1880 1369 1930 πεζοδρόμων
1393 1885 1429 1916 Β.
1544 1894 1578 1927 9.
1605 1888 1683 1920 τοῖς

336 1926 427 1974 ἀντ’]
457 1921 543 1967 τοὺς
568 1921 635 1967 τὰς
662 1923 894 1974 δημοσιακᾶς
922 1923 1055 1976 ἐνοχᾶς
1080 1931 1232 1974 ἔχοντας
1246 1931 1280 1962 Β.
1376 1929 1560 1977 διέπουσι]
1586 1929 1682 1964 διοι-

332 1973 442 2008 κοῦσι
463 1977 504 2009 Δ.
623 1975 675 2011 ab.
702 1975 755 2022 ἐκ]
781 1974 852 2010 κάκ
878 1978 917 2009 Δ.

242 2085 289 2108 ne
314 2075 499 2120 naufragia
523 2076 697 2110 invadant
724 2082 761 2111 et
783 2089 891 2111 naves
923 2077 1093 2123 spolient,
1118 2078 1420 2124 quemadmodum
1446 2079 1534 2112 deus
1560 2090 1679 2114 arcum

243 2133 347 2155 suum
371 2121 410 2155 in
442 2122 602 2156 nubibus
642 2124 851 2169 suspendit,
885 2126 948 2169 qui
974 2131 1182 2170 argumento
1209 2131 1302 2159 esset
1325 2138 1399 2159 non
1423 2126 1499 2159 fore
1527 2127 1681 2172 amplius

244 2167 454 2202 diluvium.''
503 2172 555 2215 (5)
579 2170 682 2216 Quae
708 2183 787 2204 cum
813 2171 963 2205 dixisset
985 2183 1151 2216 magnum
1175 2172 1337 2205 dolorem
1366 2184 1451 2218 prae
1476 2184 1514 2206 se
1542 2174 1681 2215 ferens,

244 2225 399 2260 eumque
439 2216 640 2261 exprimens
675 2219 739 2263 qui
771 2229 837 2251 nec
869 2219 1058 2252 consilium
1087 2225 1287 2252 mutaturus
1319 2231 1386 2252 nec
1410 2219 1454 2252 de
1478 2221 1683 2254 sententiae

243 2263 435 2296 severitate
470 2263 662 2309 quicquam
692 2265 904 2298 remissurus
941 2272 1057 2307 esset,
1086 2266 1167 2299 aliis
1195 2267 1300 2299 rebus
1326 2266 1487 2300 intentus
1511 2267 1682 2301 fuit..au-

243 2308 378 2342 ditores
410 2319 494 2342 vero
521 2311 744 2355 experientia
780 2312 898 2344 edocti
921 2313 1060 2345 nescire
1092 2313 1203 2346 iocari
1232 2312 1495 2354 Andronicum,
1519 2325 1586 2347 nec
1610 2314 1682 2347 alia

243 2354 346 2400 loqui
376 2355 448 2388 alia
481 2358 615 2390 sentire
654 2358 693 2390 in
730 2358 837 2391 rebus
869 2358 1101 2400 huiusmodi,
1142 2365 1240 2392 metu
1267 2359 1522 2404 trepidabant3
1562 2366 1599 2394 et
1622 2361 1682 2393 vix

240 2401 389 2435 tandem
418 2403 546 2436 animis
574 2405 746 2449 receptis,
773 2416 837 2450 per
859 2406 1061 2439 veredarios
1093 2411 1342 2451 procuratores
1367 2418 1450 2440 suos
1481 2412 1518 2440 et
1541 2407 1579 2440 in
1605 2418 1682 2440 ma-

244 2447 451 2491 gistratibus
475 2461 573 2484 suam
606 2452 719 2484 vicem
744 2452 920 2486 obeuntes
956 2453 1178 2487 severissime
1201 2457 1419 2487 monuerunt
1442 2465 1483 2487 ac
1509 2453 1680 2486 obtestati

244 2499 348 2536 sunt,
377 2501 418 2529 ut
438 2496 711 2542 vigilantissime
736 2505 885 2533 caveant
909 2510 954 2532 ne
988 2498 1204 2545 tempestate
1230 2500 1342 2534 fracta
1365 2501 1466 2534 navis
1491 2500 1678 2539 laedatur,

245 2539 311 2573 sed
333 2542 475 2585 potius,
499 2544 530 2576 si
555 2544 633 2577 fieri
655 2545 790 2590 possit,
825 2546 921 2591 ipsos
953 2547 1062 2580 etiam
1090 2552 1216 2580 ventos
1245 2547 1433 2592 increpent
1458 2552 1541 2587 aut,
1569 2551 1610 2579 ut
1633 2545 1679 2578 de

244 2586 358 2620 Aeolo
383 2587 605 2631 fabulantur,
637 2591 779 2625 utribus
815 2593 1025 2635 includant,
1063 2604 1109 2627 ne
1133 2593 1340 2627 turbinibus
1364 2605 1461 2626 mare
1489 2593 1680 2636 exagitent.

247 2632 293 2665 ab
319 2643 362 2666 eo
388 2639 548 2679 tempore
581 2637 682 2670 nulla
707 2639 806 2672 navis
840 2641 971 2673 iactata
995 2641 1165 2674 fluctibus
1190 2641 1300 2673 ullam
1325 2641 1542 2673 sarcinarum
1566 2639 1681 2670 iactu-

249 2690 324 2712 ram
348 2679 455 2721 fecit,
479 2687 542 2715 aut
564 2689 666 2727 parte
688 2685 933 2719 tabulatorum
957 2688 1112 2732 spoliata
1136 2693 1201 2728 est,
1226 2693 1289 2720 aut
1313 2688 1446 2719 malum
1471 2696 1680 2718 ancoramve

249 2731 314 2759 aut
351 2726 538 2760 minimum
567 2729 791 2772 funiculum,
826 2733 959 2766 nedum
997 2734 1072 2766 ulla
1110 2739 1329 2767 armamenta
1353 2733 1482 2766 amisit.
1510 2732 1581 2763 imo
1605 2731 1680 2764 sive

252 2772 364 2810 ventis
389 2773 428 2806 in
449 2778 580 2807 terram
593 2782 756 2820 ageretur
773 2778 848 2812 sive
871 2779 1028 2824 scopulis
1055 2780 1204 2813 occultis
1231 2780 1335 2813 allisa
1350 2780 1583 2823 frangeretur,
1608 2787 1680 2812 non
