1878 3230
391 159 463 200 nr.
500 158 676 201 smms
708 158 1384 212 coNsrAlmnoromTfflts.
1483 146 1594 222 867

164 271 239 312 ρον
267 255 482 310 τίθεσθαι,
509 259 583 298 καί
608 259 713 311 δρᾶν
739 261 784 300 ἐν
809 261 930 314 μέρει
957 261 1031 302 καί
1055 262 1232 316 πάσχειν
1257 265 1392 312 κακῶς
1422 263 1500 304 ὑπ’
1524 263 1601 305 ἄλ.-

164 319 306 376 λήλων
333 318 538 376 ἑκάτερα,
569 321 740 365 ὀλλύναι
778 339 822 366 τε
858 328 932 367 καί
958 321 1188 380 ὄλλυσθαι,
1233 329 1306 370 καὶ
1350 335 1515 383 κρατεῖν
1554 330 1600 370 ἐν

162 387 404 444 ταύτῷκαὶ
430 391 675 440 κρατεῖσθαι
695 421 707 441 ,
748 389 820 430 καί
853 393 969 431 νικᾶν
1008 387 1136 447 ἄμφω
1175 395 1248 435 καί
1289 392 1360 433 ὕπ’
1408 393 1598 447 ἀλλήλων

163 455 540 499 καταπαλαιέσθαι.
597 452 644 494 τὸ
672 455 749 506 μὲν
777 454 872 508 γάρ,
903 454 925 496 ὅ
950 457 1023 497 καί
1049 456 1330 512 φημιζόμενος
1347 461 1598 511 βασιλίσκος,

127 516 360 574 5διῳδὴκει
389 515 503 559 ἅπαν
533 520 578 559 ἐκ
604 520 790 573 κεφαλῆς
816 521 893 569 ἕως
930 519 1003 562 καὶ
1040 519 1171 563 αὐτοῦ
1213 524 1291 564 τοῦ
1333 524 1415 564 τῶν
1459 525 1600 565 ποδῶν

162 584 379 634 πέλματος,
407 582 480 624 καί
505 586 759 636 κατιωμένον
787 581 883 626 ὅλον
911 584 958 626 τὸ
988 587 1112 639 σῶμα
1139 589 1213 629 καί
1236 585 1342 643 ὑπὲρ
1367 587 1413 630 τὸ
1436 588 1600 643 βατρά-

159 661 276 699 χειον
303 650 457 701 χρῶμα
485 645 701 702 ἒχλαίριζε,
730 651 807 690 τοῦ
837 650 1062 706 φαρμάκου
1092 651 1396 708 διαδραμὸν-τος
1423 651 1500 707 τήν
1525 655 1604 694 τοῦ

163 712 270 766 ζῴου
304 711 527 764 ξύμπασαν
564 713 758 768 διαρτίαν
792 714 866 755 καί
903 716 962 764 εἰς
1001 716 1184 758 θάνατον
1224 716 1486 773 χρώσαντος·
1540 719 1601 767 εἷς

159 777 261 830 γόνυ
291 776 427 818 τοίνυν
456 779 675 832 συνιζανε,
703 779 749 821 τὸ
784 774 901 833 ὄμμα
939 778 1107 834 ἐσβεστο
1148 784 1223 836 τῆς
1265 784 1435 837 ζωτικῆς
1471 785 1600 836 ἐκμα-

101 858 147 884 ιο
161 844 381 896 ρανθείσης
421 841 649 895 δυνάμεως.
726 845 888 896 μᾶλλον
927 847 1004 897 μὲν
1047 841 1122 888 οὖν
1169 849 1311 890 ἐδίδου
1358 853 1445 896 τοῖς
1490 845 1601 902 ὁρῶ-

157 923 199 948 σι
230 907 417 958 δοξάζειν
446 907 503 956 ὥς
534 907 665 949 πάλαι
694 905 747 950 (ἲν
787 911 1066 964 α’νατέτραπτο
1095 914 1325 967 νεκρωθέν,
1366 915 1407 955 εἰ
1429 912 1489 967 μὴ
1519 915 1600 955 τῶν

162 973 301 1013 ποδῶν
331 971 373 1014 αἱ
404 970 552 1025 βάσεις
579 970 805 1028 ὖπήρειδον
835 975 908 1015 καί
942 973 1048 1030 πρὸς
1078 974 1224 1018 στάσιν
1263 975 1490 1031 finan-ayma
1532 975 1598 1033 ὅρ-

156 1040 266 1080 mov.
324 1033 375 1093 ἦν
402 1040 448 1080 δὲ
478 1040 551 1080 καί
576 1037 755 1092 θάτερον
784 1038 963 1094 ὅμοίως,
991 1039 1038 1083 τὸ
1067 1047 1159 1091 ταῖς
1185 1044 1351 1096 γένυσιν
1379 1043 1600 1097 ἐνισχόμε-

154 1119 252 1156 νον,
282 1102 424 1159 βραχύ
459 1105 538 1155 μὲν
569 1102 615 1145 τὸ
645 1105 818 1157 οὐραῖον
845 1107 1085 1161 α’σπαῖρον,
1114 1109 1224 1161 μέγα
1254 1109 1300 1149 δὲ
1337 1110 1506 1163 κεχηνὸς
1543 1111 1601 1166 τῷ

94 1168 141 1211 15
155 1166 426 1223 ἀπάγχεσθαι
459 1170 512 1224 τῇ
541 1170 622 1210 τῶν
650 1171 843 1225 γομφίων
870 1173 1048 1227 ξυνοχῇ·
1108 1172 1180 1213 καί
1207 1175 1494 1223 ξυντείνεσθαι
1521 1178 1599 1227 μὲν

156 1232 276 1292 ἐῴκει
304 1233 377 1275 καὶ
403 1232 541 1288 ὁρμᾶν
570 1237 802 1289 πειρᾶσθαι.
829 1237 908 1277 τοῦ
936 1239 1019 1278 τῶν
1052 1232 1232 1280 ὀδόντων
1258 1240 1404 1293 ἕρκους
1433 1241 1599 1281 διεκδῦ-

150 1316 220 1342 ναι
250 1301 322 1341 καί
349 1301 578 1342 διεκπεσεῖν
603 1302 681 1342 rofi
701 1301 928 1354 χάσματος,
960 1302 1036 1342 οὐκ
1063 1300 1187 1356 ἴσχυε
1218 1304 1278 1356 δέ,
1309 1301 1370 1345 ὅτι
1404 1302 1456 1347 τά
1486 1305 1595 1358 μετά

149 1364 246 1420 τούς
274 1361 415 1418 ὤμους
436 1363 570 1414 εὐθυς
597 1367 670 1407 καί
697 1367 778 1407 τῶν
805 1368 943 1409 ποδῶν
967 1365 1068 1417 τούς
1091 1369 1387 1423 ἐμπροσθίους,
1417 1372 1490 1411 καί
1515 1367 1596 1412 ὅσα

150 1431 207 1487 τῷ
228 1430 386 1488 οὐραίῳ
415 1427 670 1485 συνήπτοντο
699 1434 808 1486 μέρη
840 1432 920 1472 τοῦ
955 1430 1173 1485 σώματος,
1203 1432 1231 1487 ἧ
1277 1436 1352 1475 τοῦ
1390 1433 1596 1486 στόματος

88 1499 311 1549 2οξυνεῖχε
345 1494 560 1543 διάστασις
589 1494 662 1535 καί
698 1500 790 1544 ταῖς
818 1498 982 1548 γένυσιν
1011 1498 1253 1551 ἑνεπείρετο.
1308 1498 1380 1539 καί
1417 1498 1469 1539 τά
1515 1501 1595 1550 μὲν

151 1559 286 1610 οὕτως
313 1556 421 1615 ἦσαν
460 1560 531 1601 ὑπ’
562 1557 752 1614 ἀλλήλων
779 1559 1058 1614 νεκρούμενα,
1089 1561 1163 1602 καί
1187 1561 1300 1616 κοινὴ
1328 1563 1407 1614 μὲν
1434 1559 1595 1618 ἅμφοῖν

150 1626 177 1681 ἦ
207 1624 364 1679 ἅμιλλα
383 1659 395 1679 ,
427 1624 542 1680 κοινὴ
576 1627 623 1667 δὲ
647 1628 720 1667 καί
744 1622 771 1679 ἧ
801 1620 962 1678 ἄμυνα,
987 1625 1191 1680 ἶσοπαλὴς
1219 1628 1265 1667 δὲ
1292 1625 1316 1680 ἧ
1346 1629 1459 1683 νίκη,
1491 1628 1592 1670 σύν-

149 1706 297 1747 τροχος
339 1692 386 1733 δὲ
431 1693 503 1732 καί
544 1690 566 1731 ὅ
604 1689 804 1739 θάνατος.
863 1689 960 1741 ἐμοὶ
989 1691 1027 1732 δ’
1067 1689 1227 1732 ἔπεισιν
1269 1693 1400 1732 εἰπεῖν
1441 1692 1498 1741 ὦς
1540 1692 1588 1733 τὸ

241 1815 277 1849 6.
308 1814 490 1860 τέλματος
513 1812 556 1849 Ο.
649 1825 684 1858 9.
711 1807 767 1859 τό]
797 1812 860 1844 καὶ
886 1807 952 1845 td?
1046 1822 1104 1846 πο.
1128 1809 1330 1849 διάτασιςὶ)

146 1915 244 1960 piam
271 1913 431 1948 certandi
456 1924 564 1958 genus
591 1913 629 1946 in
650 1917 807 1957 utroque
833 1916 1033 1956 spectatum
1054 1922 1150 1952 esse,
1177 1912 1229 1944 ita
1255 1916 1296 1944 ut
1321 1911 1584 1946 ambo.·malum

147 1962 323 1993 inferrent
351 1966 388 1994 et
411 1961 636 2004 acciperent,
664 1964 855 2003 utrumque
882 1958 1124 1991 adversarium
1150 1959 1341 1990 conficeret
1368 1964 1405 1991 et
1427 1960 1584 1997 vicissim

148 2007 401 2047 conficeretur,
426 2011 614 2050 superaret
637 2011 674 2038 et
696 2010 943 2049 superaretur:
971 2004 1075 2037 ambo
1106 2005 1214 2048 igitur
1236 2004 1430 2037 vincebant
1452 2012 1488 2038 et
1503 2007 1583 2039 vin-

147 2053 332 2086 cebantur.
358 2065 438 2085 nam
463 2053 613 2085 alterum
636 2051 804 2096 quidem,
832 2062 896 2095 pro
919 2051 1088 2083 basilisco
1111 2050 1296 2092 habitum,
1334 2062 1354 2082 a
1379 2052 1496 2095 capite
1521 2065 1583 2086 us—

146 2111 217 2145 que
246 2099 292 2132 ad
318 2100 449 2132 calcem
480 2099 613 2143 pedum
646 2097 927 2137 intumescebat,
959 2102 1068 2142 atque
1099 2097 1348 2140 aeruginosum
1387 2103 1465 2130 toto
1501 2109 1582 2131 cor..

143 2157 233 2191 pore
258 2157 365 2179 ranae
390 2146 510 2178 colore
530 2144 680 2178 viridius
707 2150 793 2184 erat,
819 2144 904 2188 quia
926 2144 1022 2175 virus
1047 2149 1143 2176 totos
1168 2143 1329 2176 animalis
1351 2149 1447 2177 artus
1473 2155 1581 2178 occu-

144 2198 289 2238 paverat
317 2198 354 2225 et
384 2192 508 2225 mortis
532 2191 686 2223 colorem
712 2190 928 2231 induxerat3
956 2190 994 2222 in
1019 2200 1111 2233 genu
1146 2189 1271 2234 itaque
1307 2189 1437 2223 flexum
1478 2197 1578 2233 erat,

147 2239 331 2271 oculorum
359 2239 452 2272 acies
479 2239 646 2278 extincta,
672 2237 775 2270 vitali
800 2236 1011 2268 fortitudine
1035 2241 1296 2278 marcescente3
1321 2236 1393 2269 imo
1414 2247 1499 2270 vero
1516 2249 1578 2271 ae-

144 2285 361 2318 stimandum
401 2283 648 2330 spectantibus
691 2283 922 2326 relinquebat
959 2282 1031 2314 iam
1066 2282 1129 2315 diu
1165 2288 1344 2315 mortuum
1391 2283 1576 2328 lapsurum

144 2332 273 2372 fuisse,
300 2332 370 2364 nisi
392 2333 536 2376 plantae
560 2329 692 2375 pedum
715 2329 967 2362 sustinuissent
989 2340 1029 2361 ac
1053 2340 1117 2373 per
1143 2339 1181 2361 se
1206 2335 1332 2373 suapte
1358 2329 1471 2362 forma
1497 2341 1575 2362 ere-

144 2383 239 2410 ctum
263 2383 471 2411 servassent.
494 2377 645 2410 alterum
670 2377 756 2408 item
788 2375 920 2407 animal
949 2375 1102 2408 maxillis
1127 2375 1381 2415 constrictum,
1415 2376 1486 2408 iam
1516 2387 1574 2408 re-

143 2424 281 2456 missius
313 2424 460 2456 caudam
486 2434 653 2463 movens,
689 2422 807 2455 hianti
837 2432 922 2462 ore,
964 2421 1063 2466 quod
1097 2421 1293 2454 molaribus
1326 2427 1571 2465 premeretur,

146 2469 362 2502 contendere
396 2470 586 2503 videbatur
617 2474 657 2502 ut
690 2480 710 2500 a
744 2474 845 2512 septo
882 2467 1044 2500 dentium
1076 2473 1114 2501 et
1151 2479 1171 2500 a
1211 2479 1329 2500 morsu
1355 2478 1430 2499 sese
1455 2467 1573 2511 eripe-

144 2522 208 2548 ret.
233 2526 298 2548 nec
324 2521 465 2560 poterat
486 2522 627 2556 tamen,
667 2515 752 2560 quia
778 2526 857 2547 cum
892 2514 1049 2547 humeris
1078 2519 1114 2546 et
1148 2514 1387 2546 anterioribus
1418 2512 1571 2556 pedibus

144 2562 301 2606 corporis
326 2567 454 2605 partes,
478 2573 568 2606 quae
592 2561 726 2594 caudae
744 2562 887 2593 iunctae
915 2566 1026 2601 erant,
1050 2561 1088 2592 in
1114 2560 1184 2592 oris
1210 2559 1311 2591 hiatu
1336 2559 1572 2591 contineban-

143 2613 203 2641 tur
228 2608 454 2652 maxillisque
479 2608 636 2640 confixae
665 2613 776 2640 erant.
800 2612 908 2651 atque
938 2607 988 2639 ita
1013 2617 1090 2638 sese
1117 2606 1181 2637 illa
1204 2610 1327 2637 mutua
1351 2604 1459 2636 caede
1483 2616 1570 2638 con-

145 2654 333 2694 ficiebant,
356 2665 396 2686 ac
417 2664 601 2686 commune
631 2659 809 2686 certamen
835 2659 912 2686 erat
936 2658 973 2685 et
1006 2652 1167 2696 aequalis
1194 2651 1363 2694 utrinque
1397 2651 1567 2692 victoria,

145 2712 208 2746 par
234 2701 393 2735 exitium.
418 2699 505 2733 mihi
533 2705 652 2733 autem
677 2701 715 2734 in
739 2705 895 2746 mentem
919 2697 1019 2733 subit
1043 2698 1159 2731 dicere
1174 2721 1185 2736 ‚
1208 2701 1348 2730 mutuas
1372 2696 1498 2731 caedes
1531 2703 1569 2731 et
