1878 3230
160 519 195 551 Ρ.
211 518 273 563 ³3²¹

298 177 409 252 876
679 195 881 235 womrn
937 192 1390 236 Anum-Ancum·
1452 195 1457 205 ·

549 296 605 334 da
632 295 748 334 modo
775 297 892 334 lucra
920 295 1034 344 mihi,
1063 294 1119 333 cla
1131 295 1254 346 fixclo
1281 294 1438 347 gaudia
1467 297 1604 348 lucro,

603 358 642 388 ec
651 351 755 400 face
780 358 823 388 uc
849 350 1018 403 emptori
1041 350 1162 388 verba
1187 348 1349 388 dedisse
1374 359 1494 390 mvet.

556 403 661 443 talia
691 404 917 443 Mercurius
939 412 1146 458 poscentes
1176 402 1283 442 ridet
1312 402 1365 442 ab
1388 404 1491 451 aleo,

608 471 650 496 se
681 472 831 497 memor
859 458 1076 508 Ortygias
1086 471 1189 497 surr-1
1246 457 1321 496 isse
1347 457 1480 500 boves.

402 509 449 548 P.
483 508 551 560 54,
581 511 642 551 ¹3.
701 509 746 552 ai
773 512 984 575 μηχαναὶ]
1014 517 1150 551 utrum
1182 472 1422 551 fflmbardas
1455 526 1503 551 eo
1543 518 1726 564 tempore

291 564 522 602 habuerunt
550 566 720 616 Graeci,
752 580 803 606 an
835 565 947 605 aliud
982 565 1256 606 machinarum
1285 579 1410 619 genus
1433 566 1475 605 id
1501 566 1602 605 suit?

401 618 453 657 Ρ.
485 617 554 670 54,
586 635 656 659 21.
713 617 857 672 συώδη
886 615 1035 684 ὁρμήν]
1073 634 1288 673 porcorum
1323 626 1395 659 aut
1419 634 1612 672 aprorum
1650 636 1726 675 po-

296 671 374 711 tius
406 686 532 711 mor.e
586 674 663 721 σῦς
691 677 799 714 enirn
826 682 865 714 et
893 672 1051 725 κάπρον
1079 682 1119 714 et
1146 677 1290 726 χοῖρον
1318 673 1532 728 significat.

398 727 450 769 P.
486 726 566 779 55,
595 743 634 767 2.
685 726 912 779 ζΡωμαίων
951 728 1255 780 παλήνγλωσσοι
1299 727 1555 793 χλεοασμοί]
1595 729 1726 769 ambi-

293 794 414 832 guum
454 788 512 820 est
550 788 691 822 utrum
730 785 838 823 dicat
866 783 1150 823 Anabarzaeos
1168 782 1346 825 subinde
1383 783 1552 824 irrisisse
1572 784 1726 824 Roma·

298 848 400 887 nos,
429 842 479 874 an
507 849 530 875 a
559 838 754 878 Romanis
781 837 957 878 vicissim
985 837 1250 877 subsannatos
1276 850 1378 877 esse.

406 890 455 929 Ρ.
479 891 544 983 ῐῖιὸ,
574 892 615 942 4
670 888 897 945 πετοόβολα
926 885 1097 945 ὄργανα]
1146 892 1322 932 sortasse
1351 891 1516 932 balistas
1550 889 1728 932 maiores

292 944 349 983 sic
376 958 398 982 a
511 951 563 984 at.

401 958 563 1047 IPpeIffi,
582 998 623 1040 6,
676 1014 748 1040 και
789 1000 917 1049 λίζιον
947 995 1101 1055 ἑαυτῷ]
1143 1006 1321 1040 vetustus
1350 1000 1607 1052 Augustanae
1644 998 1729 1039 rei-

293 1051 478 1105 publicae
507 1054 633 1095 codex
659 1055 723 1094 hic
751 1054 875 1094 alium
901 1055 1082 1094 ordinem
1106 1054 1265 1117 habet,
1307 1054 1556 1118 transpositis
1586 1054 1729 1106 utique

293 1106 448 1159 paginis
475 1108 638 1161 aliquot.
669 1123 744 1162 pio
774 1108 913 1158 δείξας
942 1109 1063 1149 habet
1100 1085 1265 1149 ἑαυτοῦ
1290 1106 1476 1161 ποιήσας.
1531 1121 1608 1147 vox
1652 1121 1729 1160 pro

293 1160 423 1209 λίζιον
452 1164 582 1214 posita
611 1164 665 1203 ob
695 1163 886 1203 evanidos
908 1163 1158 1203 characteres
1183 1162 1260 1216 legi
1290 1177 1370 1203 non
1399 1168 1545 1217 potest.
1602 1161 1730 1211 λίζιος

293 1216 392 1268 qnid
424 1217 506 1264 sit,
538 1219 626 1270 ipse
653 1225 795 1257 auctor
823 1217 903 1256 alio
929 1217 1017 1257 loco
1048 1217 1236 1259 declarat.

402 1269 454 1308 P.
482 1245 547 1321 41,
587 1272 646 1311 ι5.
701 1271 855 1324 μικροῦ
882 1270 1129 1323 ποδηνέμοις
1158 1266 1360 1323 ὀχήμασι]
1388 1272 1496 1326 equis
1523 1270 1731 1310 velocissi-

292 1323 366 1362 mis
389 1326 583 1377 provecti.
642 1318 780 1378 ὄχημα
808 1324 905 1364 huic
923 1327 1081 1365 auctmi
1108 1325 1281 1365 subinde
1302 1339 1382 1363 non
1404 1323 1631 1364 vehiculum
1659 1324 1729 1364 sed

292 1392 438 1431 equum
468 1380 690 1431 significat,
723 1387 769 1419 ut
793 1378 895 1420 alter
923 1380 1047 1421 codex
1082 1372 1230 1432 αλογον
1268 1393 1430 1433 quoque
1469 1378 1615 1419 crebro
1651 1393 1729 1433 pro

290 1446 311 1470 e
342 1446 395 1471 uo
435 1434 544 1473 )onit.

314 1447 338 1486 q
400 1447 551 1538 1Ρ,,4ι
582 1499 648 1529 2¹.
683 1485 858 1526 Ameras
889 1487 1114 1527 Turcarum
1156 1501 1266 1540 reges
1301 1494 1371 1526 aut
1408 1487 1606 1540 principes
1645 1487 1726 1526 dici

291 1540 464 1581 affirmat
491 1541 778 1604 Cuspinianus.
834 1543 1036 1595 reperitur
1065 1542 1143 1581 hoc
1181 1541 1422 1582 vocabulum
1452 1542 1560 1594 apud
1590 1542 1725 1581 Zona-

292 1609 376 1634 ram
404 1610 568 1648 quoque
597 1595 776 1661 saepius,
802 1596 871 1635 sed
899 1596 982 1636 eius
1009 1596 1246 1650 significatio
1275 1611 1355 1635 non
1385 1595 1619 1648 explicatur.

401 1651 452 1690 Ρ.
483 1650 554 1701 46,
581 1649 621 1701 4.
689 1647 1000 1704 ἀναιδέστατοι]
1041 1652 1114 1690 nisi
1157 1650 1434 1714 praecessisset
1479 1649 1725 1702 α’νδοισται,

293 1719 367 1757 pro
395 1703 687 1743 α’ναιὸέστατοι
716 1703 853 1744 malim
896 1704 1032 1758 legere
1068 1699 1377 1770 ἆνὸρειότατοιτ
1425 1717 1519 1744 nam
1556 1703 1722 1744 ἀναιδέ-

292 1771 431 1796 στατοι
462 1773 542 1797 non
572 1757 717 1810 placet.
775 1765 955 1798 vetustus
982 1759 1106 1800 codex
1145 1772 1220 1814 pro
1251 1756 1544 1799 ἀναιδὲστατοι
1583 1773 1724 1800 vocem

294 1813 413 1851 habet
403 1827 545 1906 Pquae
575 1813 612 1852 le
640 1814 653 1851 i
684 1827 765 1852 non
795 1820 937 1877 potest.

403 1867 546 1918 Ρ.46,
580 1828 646 1918 Ξὲ.
704 1864 949 1920 ὀχημάτων]
981 1863 1081 1918 ‘3²⁶2
1082 1880 1139 1906 ων
1167 1868 1211 1907 B.
1240 1867 1336 1906 hinc
1355 1865 1558 1913 coniicias,
1584 1864 1724 1917 lector,

294 1935 374 1960 non
404 1922 456 1960 de
487 1921 681 1960 vehiculis
713 1930 782 1960 aut
808 1922 995 1961 curribus
1020 1935 1112 1960 eum
1141 1921 1281 1974 loqui,
1310 1921 1383 1961 sed
1409 1921 1460 1960 de
1466 1920 1608 1984 equis.

402 1976 451 2016 P.
484 1975 599 2029 47,ι
609 1990 650 2029 7.
707 1971 752 2015 αἱ
784 1975 830 2015 δὲ
859 1976 935 2015 τοῦ
962 1969 1062 2039 ἦοος
1082 1975 1358 2043 περιτροπαί]
1378 1971 1480 2015 κατὰ
1502 1971 1576 2014 τὸν
1593 1970 1721 2024 pedion

291 2027 417 2080 μῆνα,
472 2030 573 2069 alius
592 2030 724 2069 codex
754 2029 929 2070 habebat
957 2027 1002 2069 αἱ
1029 2027 1103 2068 τοῦ
1142 2023 1244 2082 ἦρος
1282 2030 1461 2082 τροπαί,
1501 2028 1608 2083 quod
1648 2043 1722 2081 ego

293 2097 459 2122 vernum
487 2085 782 2137 aequinoctium
811 2085 1096 2138 interpretatus
1128 2097 1268 2135 eiam3
1291 2083 1403 2138 quod
1431 2089 1511 2132 est,
1546 2097 1638 2122 cum
1664 2044 1721 2121 sgol

294 2150 430 2177 mense
448 2140 596 2177 Martio
616 2141 796 2191 primum
824 2147 1019 2202 punctum
1037 2137 1184 2177 Arietis
1195 2138 1447 2201 ingreditur.
1505 2144 1592 2177 tum
1613 2138 1720 2176 enim

165 2199 199 2232 P.
217 2199 281 2245 422
297 2192 340 2229 fit
367 2192 419 2230 ab
447 2191 616 2231 hiberno
643 2193 795 2246 frigore
823 2193 876 2233 ad
907 2193 1012 2234 veris
1038 2192 1274 2245 temperiem
1313 2193 1548 2243 conversio,
1589 2205 1720 2245 quan-

296 2259 418 2298 quam
447 2260 522 2285 nos
548 2247 741 2286 Germani
771 2248 890 2287 etiam
917 2248 993 2288 sub
1017 2245 1213 2286 Calendas
1239 2247 1364 2287 Maias
1393 2245 1608 2300 aliquando
1635 2259 1719 2286 nou

294 2299 422 2339 multo
452 2301 581 2339 minus
608 2300 799 2366 frigemus
828 2316 951 2365 quam
978 2301 1048 2341 alii
1074 2315 1211 2341 mense
1237 2301 1480 2341 Februario.

399 2355 450 2393 P.
475 2354 542 2404 51,
570 2367 629 2407 19.
693 2352 1026 2417 ἄφιλοσόφητον]
1072 2361 1173 2419 puto
1208 2355 1274 2394 hic
1314 2354 1395 2394 dici
1436 2354 1568 2407 potius
1608 2353 1719 2407 quod

291 2406 570 2462 philosophiae
589 2409 876 2448 consolationes
904 2409 1063 2459 vincat,
1091 2415 1214 2462 quam
1240 2410 1353 2448 cuius
1379 2410 1482 2448 ratio
1511 2407 1624 2448 reddi
1647 2421 1716 2446 ne-

291 2469 425 2514 queat.
481 2464 703 2503 litterarum
743 2470 783 2502 et
821 2462 1095 2516 philosophiae
1131 2477 1292 2516 expers,
1336 2470 1405 2502 aut
1443 2461 1716 2512 ineruditum,

292 2517 488 2556 sententia
514 2531 593 2557 non
622 2517 787 2570 patitur.
831 2531 956 2571 quare
994 2518 1218 2557 luctuosum
1245 2523 1316 2557 aut
1354 2518 1560 2558 funestum
1592 2515 1717 2556 inter·

293 2571 533 2623 pretandum
565 2572 714 2611 censui.

402 2627 450 2665 P.
477 2625 545 2677 54,
585 2640 644 2665 ιο.
698 2623 907 2679 κάττυμα]
937 2623 1003 2664 hic
1032 2639 1114 2665 non
1144 2631 1242 2680 puto
1270 2640 1344 2680 pro
1372 2624 1489 2666 soleis
1513 2623 1717 2678 usurpari,

293 2679 363 2720 sed
392 2694 466 2733 pro
497 2687 588 2719 cute
613 2679 706 2733 pedi
731 2679 919 2718 detracta.

400 2734 450 2774 P.
478 2734 542 2787 57,
579 2735 639 2774 ιδ.
697 2730 772 2780 τὰς
800 2732 1010 2787 ἠπείρους]
1041 2735 1172 2775 Asiam
1209 2741 1251 2775 et
1280 2735 1490 2788 Europam
1519 2733 1714 2788 intelligo.
