1878 3230
454 171 674 211 Auzxms
713 172 890 214 DUCAs
927 174 1257 216 munzunus.
1481 156 1585 228 767

174 269 305 323 ἧμῶν.
360 268 539 311 κόπασον
570 271 638 311 διὰ
679 273 755 312 τοῦ
787 273 926 320 ἐλέους
960 289 1056 325 σου,
1101 273 1159 329 μη
1204 270 1406 330 ἀπολέσῃς
1442 273 1592 327 θρόνον

173 333 295 388 δόξης
322 349 410 377 σου.
465 336 686 378 παίδευσον
715 337 841 390 ἡμᾶς,
870 338 1011 391 κύριε,
1038 336 1150 388 ὅπως
1178 339 1237 394 μή
1266 339 1423 395 ἀποστῇ
1453 338 1480 392 ἦ
1507 348 1594 391 ψυ-

172 398 228 453 χὴ
258 400 372 454 ἡμῶν
398 399 477 442 α’πὸ
508 403 588 442 σοῦ’
604 434 616 454 ,
643 400 749 454 πλην
777 403 823 443 ἐν
851 405 985 455 κρίσει
1013 405 1086 445 καί
1109 402 1169 458 μη
1200 405 1243 446 ἐν
1270 404 1413 461 θυμῷ,
1441 404 1509 444 ἵνα
1533 401 1632 457 μὴΰ

174 464 413 518 ὀλιγοστούς
440 463 612 522 ποιήσῃς
641 467 761 520 ἡμᾶς.
818 464 958 519 ἔκχεον
977 466 1049 509 τὸν
1066 466 1204 520 θυμόν
1225 485 1301 510 σου
1320 471 1391 510 ἐπὶ
1413 468 1463 510 τοὶ
1492 466 1594 523 ἔθνη

136 528 222 576 διὰ
251 529 308 584 μή
339 527 476 572 εἰδότα
507 545 576 583 σε,
609 533 682 571 καί
707 532 778 572 ἐπὶ
803 530 944 585 γενεάς
973 531 1022 573 αἲ
1046 531 1093 573 τὸ
1122 529 1250 586 ὄνομά
1277 549 1353 575 σου
1380 531 1498 586 κύριε
1517 535 1594 574 οὔκ

172 596 485 636 ἐπεκαλέσαντο.
542 595 679 649 πατὴρ
713 593 832 649 ἡμῶν
853 595 906 638 σύ
938 593 997 649 εἶ,
1023 596 1156 650 κύριε·
1213 598 1331 652 ἡμεῖς
1357 595 1495 653 πηλός,
1525 596 1597 639 καὶ

171 658 223 699 σύ
252 657 438 713 πλάστης
463 657 591 713 ἡμῶν,
618 659 737 714 ἔργον
761 663 842 703 τῶν
868 664 1024 717 χειρῶν
1049 677 1125 704 σου
1145 662 1291 711 πάντες
1318 661 1448 717 ἡμεῖς.
1504 664 1595 704 ε’πί-

168 727 334 778 βλεψον,
366 723 439 765 καί
463 723 527 766 ἴδε
554 723 653 773 τούς
679 722 937 779 ὀνειδισμοὺς
965 726 1092 781 ἡμῶν.
1148 727 1174 781 ἦ
1204 730 1452 782 κληρονομία
1476 727 1594 783 ἡμῶν

166 789 432 845 μετεστράφη
453 791 512 838 εἰς
530 791 783 844 α’λλοτρίους,
808 790 846 833 οἱ
871 788 972 834 οἶκοι
988 792 1105 846 ἡμῶν
1133 794 1190 842 εἰς
1210 796 1365 844 ξένους.
1403 795 1593 848 ἐπίστρε-

109 874 156 899 10
170 866 252 907 ψον
278 854 389 908 ἡμᾶς
417 855 521 908 πρὸς
538 858 605 907 σέ,
636 857 709 897 καί
728 855 1143 912 ἐπιστραφησόμεθα.
1199 859 1463 901 ἄνακαίνισον
1491 859 1590 914 ἡμέ-

168 935 245 974 ρας
277 919 394 975 ἡμῶν
419 919 559 970 καθώς
589 919 838 974 ἔμπροσθεν.
895 925 1099 976 χρηστέον
1135 923 1212 977 γάρ
1252 938 1326 975 μοι
1368 924 1592 979 ἐπικαίρως

166 987 239 1026 καί
264 987 330 1041 ἐφ’
358 984 516 1038 ὁμοίοις
542 991 626 1035 τοῖς
652 984 942 1041 συναντὴμασι
976 992 1062 1037 τοῖς
1087 993 1307 1044 γραφικοῖς
1343 990 1483 1031 τοῖσδε
1517 986 1591 1045 ῥή-

164 1066 305 1103 μασιν.

271 1116 379 1158 Ἀλλ’
391 1111 472 1171 ἤδη
499 1131 572 1168 μοι
589 1115 660 1158 καί
682 1115 728 1158 τὸ
751 1118 882 1170 λέγειν
899 1116 999 1158 αὐτὸ
1021 1117 1289 1171 ἐπιλέλοιπεν,
1315 1115 1394 1161 ὅσα
1420 1118 1493 1161 καὶ
1506 1121 1590 1161 σῶ-

107 1184 226 1232 ι5μα
254 1183 445 1237 συμφυὲς
464 1185 584 1238 ψυχῇ
605 1184 679 1224 καί
696 1180 922 1234 ὁμόστολον
943 1186 994 1238 τῇ
1014 1185 1088 1224 τοῦ
1114 1181 1238 1236 λόγου
1258 1199 1326 1225 σοι
1346 1186 1488 1242 τροφῷ
1512 1185 1630 1225 πό-Ι)

165 1249 227 1286 λει
259 1244 462 1288 συναπιόν
488 1262 532 1288 τε
566 1249 640 1288 καί
665 1246 885 1289 συνθανόν.
939 1253 1095 1303 κωφοῖς
1127 1249 1263 1290 τοίνυν
1303 1247 1482 1304 δάκρυσι
1519 1249 1592 1292 καί

163 1318 408 1366 στεναγμοῖς
436 1312 657 1367 α’λαλήτοις
674 1311 722 1354 τὰ
745 1311 877 1354 πολλὰ
902 1315 984 1354 τῶν
1009 1314 1287 1368 θρηνημάτων
1314 1315 1587 1370 οἷφοσιωτὲον,

163 1379 234 1418 καί
259 1378 336 1418 τοῦ
362 1379 593 1432 περαιτέρω
622 1379 823 1434 α’φεκτέον
863 1380 936 1432 τῆς
974 1376 1158 1432 ἱστορίας
1195 1379 1359 1434 εἱρμοῦ.
1412 1382 1472 1429 τίς
1505 1379 1585 1436 γάρ

162 1439 373 1495 ἀνάσχοιτ’
399 1439 453 1484 ἂν
480 1443 551 1484 ἐπὶ
573 1446 647 1498 γῆς
675 1439 1022 1498 ἀλλοτριωθείσης
1048 1440 1129 1498 ἤδη
1147 1447 1221 1485 τοῦ
1248 1443 1371 1499 λόγου
1389 1447 1460 1487 καί
1480 1449 1588 1500 βαρ-

97 1509 422 1562 αοβαρωθείσης
445 1509 581 1549 τέλεον
611 1507 661 1549 τὰ
690 1510 877 1550 Μουσῶν
907 1508 1215 1550 ἑπιδεύινυσθαι
1244 1507 1483 1564 κρούματας
1511 1510 1586 1551 οὐκ

161 1566 214 1612 ἂν
245 1572 427 1628 ᾀσαιῖιιην
454 1571 506 1614 τοὶ
534 1574 760 1628 βαρβάρων
788 1570 941 1626 αι’τός,
978 1572 1069 1614 οὐδ’
1096 1576 1267 1628 ἐσοίμην
1297 1577 1585 1628 παραπέμπων

158 1642 240 1686 τοῖς
267 1635 405 1679 ἔπειτα
437 1637 604 1691 πράξεις
644 1637 867 1691 πολεμικάς
909 1641 952 1679 ἐν
995 1634 1062 1686 αἷς
1101 1638 1158 1692 μὴ
1200 1640 1366 1680 νικῶσιν
1382 1635 1582 1693 (Έλληνες.

159 1704 200 1744 εἰ
224 1702 302 1757 γὰρ
334 1701 357 1743 ὅ
385 1705 508 1760 Κῷος
527 1702 795 1759 Ἱπποκράτης
826 1706 990 1752 πολλοῖς
1014 1704 1379 1756 μεταπεμπόμενος
1392 1702 1584 1758 χρήμασι.

257 1814 308 1846 ι5.
334 1824 378 1846 an
405 1812 516 1847 mih?
615 1826 663 1859 ¹7·
689 1812 942 1861 α’φοσιωτέον]
968 1813 1196 1848 καταπαύσω
1219 1813 1256 1846 Β.
1360 1822 1416 1849 22.
1441 1813 1482 1850 ἐν
1505 1807 1577 1862 αἷς]

247 1858 340 1894 ἔνθα
364 1859 450 1895 ου’δὲ
476 1861 611 1895 νικῶσι
635 1861 799 1907 ῥωμαῖοι
823 1861 858 1893 B.

156 1977 220 2011 per
242 1966 518 2000 misericordiam
542 1972 650 2002 tuam.
675 1978 720 2000 ne
745 1966 856 2012 perde
881 1966 1009 2000 solium
1031 1966 1175 2010 gloriae.
1198 1965 1367 2010 castigato
1390 1975 1455 1998 nos
1472 1990 1481 2006 ‚
1510 1965 1576 1998 do-

156 2013 273 2052 mine,
300 2023 346 2045 ne
368 2025 388 2045 a
415 2018 450 2046 te
475 2014 618 2047 deficiat
643 2015 760 2046 anima
783 2019 924 2047 nostra:
955 2013 1019 2046 sed
1051 2012 1208 2053 iudicio,
1243 2023 1316 2045 non
1353 2011 1495 2052 furore,
1526 2017 1574 2045 ne

154 2059 200 2091 ad
223 2060 440 2103 paucitatem
463 2071 529 2094 nos
553 2060 700 2104 redigas.
727 2060 868 2094 effunde
892 2060 1046 2093 furorem
1070 2064 1171 2092 tuum
1194 2069 1301 2103 super
1326 2063 1447 2102 gentes
1480 2069 1574 2102 quae

154 2110 192 2138 te
222 2117 295 2138 non
313 2113 529 2150 agnoscunt,
559 2113 596 2141 et
619 2118 724 2152 super
747 2108 914 2141 nationes
941 2117 1033 2151 quae
1064 2116 1196 2138 nomen
1229 2110 1330 2138 tuum
1365 2115 1438 2137 non
1471 2104 1574 2137 invo-

155 2157 246 2185 cant.
271 2157 374 2196 pater
395 2159 518 2186 noster
547 2158 585 2186 tu
618 2164 675 2195 es,
714 2153 879 2186 domine:
914 2163 979 2186 nos
1015 2153 1151 2192 lutum,
1188 2157 1228 2184 tu
1263 2150 1390 2195 figulus
1425 2155 1569 2194 noster3

152 2209 241 2242 opus
267 2210 435 2232 manuum
458 2205 598 2233 tuarum
613 2211 678 2234 nos
701 2211 822 2232 omnes
846 2211 977 2240 sumus,
1000 2199 1146 2232 adverte
1170 2198 1306 2238 oculos,
1330 2203 1367 2230 et
1384 2196 1465 2229 vide
1487 2208 1572 2241 pro-

152 2245 217 2277 bra
242 2250 386 2278 nostra:
413 2246 591 2280 hereditas
611 2252 731 2280 nostra
758 2246 804 2279 ad
825 2246 1043 2289 alienigenas
1071 2251 1125 2279 est
1148 2255 1280 2284 aversa,
1306 2243 1412 2276 aedes
1428 2248 1570 2276 nostrae

153 2290 199 2323 ad
225 2292 452 2335 peregrinos„
475 2293 504 2326 si
531 2297 571 2326 tu
605 2304 669 2326 nos
707 2293 753 2325 ad
784 2298 821 2326 te
853 2293 1086 2334 converteris,
1119 2295 1378 2329 convertemur.
1421 2300 1571 2323 renova-

152 2342 189 2370 to
213 2337 290 2370 dies
315 2343 474 2379 nostros,
507 2344 547 2372 ut
573 2340 659 2372 olim
686 2340 839 2373 fuerunt.

242 2384 422 2417 Utendum
455 2385 551 2418 enim
583 2385 673 2419 mihi
709 2391 763 2419 est
787 2397 851 2430 per
882 2389 1043 2429 tempus,
1085 2389 1123 2417 et
1151 2384 1189 2416 iu
1218 2382 1326 2416 simili
1364 2382 1568 2414 calamitate

152 2428 208 2462 his
233 2431 425 2474 scripturae
458 2442 577 2465 sacrae
604 2432 733 2466 verbis.
765 2432 829 2465 sed
864 2432 934 2464 iam
958 2430 1072 2463 oratio
1097 2441 1154 2462 me
1179 2429 1301 2462 deficit
1326 2439 1398 2461 una
1427 2433 1567 2467 tecum,

153 2486 174 2507 ⁰
200 2474 304 2515 urbs,
328 2478 449 2511 nutrix
475 2479 724 2523 eloquentiae,
751 2479 900 2518 amissa,
937 2475 1233 2522 quemadmodum
1272 2484 1456 2518 compages
1488 2484 1567 2504 cor-

151 2521 247 2564 poris
272 2522 388 2555 animo
409 2524 613 2558 discedente
637 2525 851 2559 dissolvitur.
880 2529 934 2557 est
955 2524 1064 2567 igitur
1086 2521 1294 2567 magnitudo
1321 2521 1437 2552 luctus
1459 2519 1567 2551 mutis

151 2567 305 2599 lacrimis
333 2573 369 2600 et
392 2569 632 2604 ineffabilibus
657 2571 844 2615 gemitibus
869 2569 1113 2604 concludenda
1128 2595 1137 2610 ,
1167 2575 1203 2601 et
1231 2563 1473 2609 abrumpenda
1496 2564 1568 2597 iam

152 2613 323 2645 historiae
347 2615 465 2647 series.
482 2618 562 2660 quis
586 2618 680 2650 enim
704 2619 887 2651 Musarum
905 2627 1001 2649 saera
1025 2616 1063 2648 in
1086 2621 1180 2648 terra
1209 2615 1277 2645 iam
1308 2624 1328 2644 a
1349 2610 1461 2644 Musis
1477 2610 1568 2642 alie-

152 2664 238 2692 nata
261 2664 298 2691 et
330 2658 495 2693 barbarie
520 2673 687 2707 oppressa
712 2675 828 2708 aequo
852 2664 970 2696 animo
994 2661 1180 2694 celebret?
1215 2659 1309 2691 absit
1339 2662 1381 2689 ut
1413 2666 1476 2699 ego
1511 2667 1565 2689 res

152 2710 265 2750 gestas
290 2705 522 2740 barbarorum
544 2707 740 2750 decantem,
767 2715 826 2744 aut
849 2720 891 2742 ea
915 2708 1012 2741 bella
1034 2707 1224 2741 memoriae
1245 2708 1463 2749 posterorum
1483 2712 1566 2747 pro-
