1878 3230
340 210 411 249 DE
449 207 646 250 Ammo
687 208 882 251 lsAAcu
922 200 1122 250 ANGEm
1161 208 1246 248 m.
1272 207 1373 246 ιιΒ.
1399 206 1473 245 111.
1541 184 1651 258 7¹3

210 309 274 347 λει
294 306 368 348 καί
392 301 443 362 ἦν
461 306 563 361 ὁρᾶν
579 306 647 349 ὁτὲ
666 310 744 360 μὲν
762 310 836 362 τῆς
853 307 1010 356 πόλεως
1030 305 1213 359 ἔνδοθεν,
1239 306 1310 348 ὁτὲ
1330 305 1376 347 δὲ
1397 302 1502 347 κατὰ
1520 306 1655 356 μέσην

211 370 287 426 την
312 370 540 426 θάλατταν,
575 372 646 414 διὰ
675 371 816 427 μάχης
835 372 1060 427 ἀμφότερα
1084 371 1135 413 τὰ
1161 373 1258 427 γένη
1277 371 1519 426 χωροῦντα,
1543 385 1655 423 κρα-

207 436 361 480 τοῦντά
379 454 424 480 τε
442 434 522 480 ἀνά
541 441 670 494 μέρος
681 441 754 480 καί
771 437 1049 492 κρατούμενα,
1067 439 1142 479 καί
1155 440 1356 489 παλίωξιν
1372 438 1567 479 ἐντεῦθεν
1585 434 1657 476 καὶ

209 504 542 549 α’ντισκύλευσιν.
614 506 681 558 (9)
719 502 827 557 οἶτάρ
855 501 893 544 οἱ
920 504 1135 544 Βενέτικοι
1178 506 1369 545 παλαιῶν
1399 502 1656 556 μεμνημένοι

170 568 314 623 5πρὸς
338 565 570 621 Ῥωμαίους
596 569 800 620 σπονδῶν,
830 568 903 609 καί
928 570 1263 622 μεταχωροῦσαν
1291 566 1396 623 πρὸς
1413 569 1695 614 ΠισσαίουςΒ

206 632 286 688 τήν
313 635 524 690 σφετέραν
552 634 742 685 δεξιωσιν
771 626 924 674 οὔκουν
965 631 1067 687 ὁρᾶν
1103 631 1377 686 ἀνεχόμενοι,
1406 634 1524 686 δῆλοι
1552 625 1659 686 ἦσαν

201 697 423 752 Ῥωμαίων
461 697 568 740 κατὰ
598 696 740 754 βραχύ
774 695 1058 754 α’φιστάμενοι
1095 697 1169 738 καί
1202 699 1450 749 μελετῶντες
1485 697 1529 738 ἑν
1565 712 1658 738 και·

207 765 315 817 ριόις
338 762 412 818 τήν
439 760 726 819 α’ντιλῦπησιν,
747 764 821 804 καί
842 760 1018 816 μάλισθ’
1036 759 1099 804 ὅτι
1127 761 1467 815 κιμβικευόμενος
1494 762 1516 804 ὃ
1538 758 1657 805 Ἀλέ-

208 833 292 881 ξιος
326 829 401 870 οὐκ
428 829 631 870 α’πεδιῖῖου
662 829 786 884 σφίσι
811 830 992 883 χρυσίου
1021 830 1130 882 μνᾶς
1170 830 1390 876 διακοσίας
1428 826 1657 877 ε’νδεούσας

151 912 197 938 ιο
208 893 270 937 ἔτι
298 894 401 949 πρὸς
426 892 473 935 τό
504 890 618 936 ἅπαν
644 895 858 950 ὀφείλημα
884 896 968 936 τῶν
997 895 1097 935 δέκα
1125 893 1232 948 πρὸς
1254 899 1340 942 τοῖς
1364 894 1486 935 πέντε
1514 907 1660 947 κεντη-

206 961 364 1015 ναρίων
383 993 395 1013 ,
424 958 453 1001 οἳ
485 960 685 1001 συνέθετο
713 961 861 1002 δοῦναι
893 965 982 1008 τοῖς
1010 961 1248 1008 Βενετίκοις
1278 958 1300 1000 ό
1327 958 1528 1011 βασιλεύς
1555 962 1661 1002 ,Μα-

207 1026 359 1082 νουήλ,
391 1026 513 1081 ἡνίκα
551 1024 815 1082 συνειληφώς
851 1024 952 1074 τούς
977 1026 1224 1074 Βενετίκους
1254 1022 1439 1080 δημόσια
1475 1024 1528 1067 τὰ
1567 1027 1662 1066 τού-

207 1109 293 1134 των
321 1090 444 1134 ἕθετο
473 1088 692 1146 χρήματα.
747 1086 800 1146 ἦν
829 1092 876 1133 δὲ
905 1089 1045 1133 δεινὸν
1076 1090 1154 1132 οὕκ
1180 1090 1397 1144 ἐλάχιστον
1434 1093 1507 1133 καί
1537 1090 1559 1133 ὅ
1588 1107 1661 1145 τη-

208 1158 387 1200 νικαῦτα
415 1157 517 1208 dmi}
542 1159 775 1199 Βενετίκων
798 1156 950 1212 Ἐρίκος
973 1155 1240 1209 Δάνδουλος,
1273 1155 1381 1211 ἀνὴρ
1410 1155 1543 1212 πηρὸς
1580 1157 1662 1209 μὲν

148 1221 285 1272 ιότάς
312 1217 434 1275 ὄψεις
461 1223 535 1263 καί
559 1223 616 1278 τῷ
637 1221 779 1278 χρόνῳ
808 1224 1027 1274 πέμπελος,
1058 1218 1377 1274 ἐπιβουλότατον
1408 1223 1455 1264 δὲ
1484 1224 1660 1277 πρᾶγμα

204 1288 430 1339 Ῥωμαίοις
455 1289 529 1329 καί
555 1287 902 1343 φθονερώτατον,
945 1284 1016 1346 ὃς·
1035 1284 1287 1341 παιπάλημα
1331 1283 1390 1328 ὢν
1432 1287 1698 1343 ἅγυρτείαςα

206 1356 282 1396 καί
309 1353 627 1410 φρονιμώτερον
653 1355 738 1395 τῶν
764 1356 984 1409 φρονίμων
1011 1349 1165 1394 ἑαυτὸν
1192 1352 1405 1405 ὖνομάζων
1436 1356 1510 1395 καί
1540 1355 1659 1404 δοξο-

208 1423 357 1473 μανῶν
381 1419 439 1468 ὥς
468 1415 550 1473 οὔχ
579 1420 718 1475 ἕτερος
744 1417 930 1461 θανάτου
955 1420 1127 1472 ἐτιμᾶτο
1155 1417 1199 1460 τό
1237 1418 1297 1473 μὴ
1330 1419 1532 1462 τίσασθαι
1555 1420 1663 1462 Ῥω-

209 1487 364 1538 μαίους
394 1486 512 1534 δίκας
540 1488 613 1539 τῆς
639 1486 683 1535 ἐς
708 1484 753 1527 τὸ
780 1487 895 1539 γένος
925 1480 1062 1526 αὐτοῦ
1089 1487 1330 1540 παροινίας,
1370 1488 1519 1540 φρεσίν
1560 1486 1662 1526 α’να-

145 1567 198 1594 20
209 1550 443 1604 πεμπάζων
470 1551 542 1592 καί
570 1550 820 1604 λογιστεύων
851 1549 1022 1600 ὁπόσοις
1049 1556 1190 1599 κακοῖς
1219 1549 1258 1591 οἱ
1283 1553 1494 1592 Βενέτικοι
1531 1566 1662 1604 προσυ

211 1618 428 1670 ωμίλησαν
490 1617 572 1657 τῶν
614 1615 937 1669 Ἀγγελωνύμων
994 1613 1193 1671 ἀδελφῶν
1240 1615 1510 1658 οἷνασσόντων
1526 1648 1537 1668 ,
1589 1619 1662 1658 καί

211 1680 293 1738 πρὸ
320 1680 482 1724 τούτων
510 1681 804 1736 Ἀνδρονίκου,
846 1682 920 1723 καί
956 1679 1103 1723 α’νόπιν
1142 1680 1203 1723 ἔτι
1243 1683 1321 1723 τοῦ
1359 1680 1567 1737 ,Μανουὴλ
1605 1682 1655 1724 τὰ

308 1820 336 1843 ι.
359 1810 480 1855 μέσην
504 1804 572 1850 τὴν
597 1820 654 1842 om
681 1810 720 1842 A.
833 1822 868 1855 9.
894 1807 1008 1856 μνᾶς]
1037 1809 1165 1853 λίτρας
1191 1808 1228 1841 Β.
1345 1819 1395 1844 12.
1421 1806 1510 1846 τούς
1537 1820 1594 1842 om
1616 1811 1657 1844 Α.

310 1857 362 1900 ι4.
388 1854 522 1902 πηρὸς]
549 1849 590 1888 τὸ
617 1854 716 1893 εἶδος
741 1850 889 1902 πυρρός
904 1857 970 1890 καὶ
994 1853 1152 1900 γηραιὸς
1177 1855 1274 1902 ὑπὲρ
1293 1853 1475 1899 ἅπαντας,
1490 1850 1658 1892 παλαιόν

305 1901 427 1937 κακὸν
452 1905 514 1935 καὶ
542 1901 747 1949 ὃοκόφρων
767 1903 805 1938 Β.
907 1915 958 1949 19.
984 1902 1091 1939 δίκας
1115 1913 1172 1935 om
1199 1903 1237 1935 A.

213 2032 317 2055 sanos
347 2032 427 2054 cum
452 2021 503 2054 eis
536 2021 587 2054 ita
615 2023 889 2063 commiserunt,
923 2027 964 2055 ut
991 2022 1186 2067 aliquando
1221 2023 1316 2055 intra
1357 2015 1469 2066 ipsam
1507 2021 1658 2062 urbem,

212 2067 411 2112 aliquando
438 2068 475 2100 in
499 2069 588 2101 mari
616 2068 939 2113 congrederentur,
973 2070 1123 2102 victoria
1155 2081 1250 2102 nunc
1288 2067 1344 2101 his
1370 2079 1466 2100 nunc
1494 2067 1568 2100 illis
1605 2069 1659 2100 sa-

212 2120 405 2155 venteret
428 2120 555 2147 mutuo
580 2126 658 2148 sese
695 2116 862 2160 fugarent
900 2121 936 2149 et
974 2116 1183 2160 spoliarent.
1232 2116 1285 2160 (9)
1321 2120 1503 2147 caeterum
1529 2114 1660 2148 Veneti

213 2161 365 2205 antiquo
391 2162 548 2194 Romano
574 2161 721 2194 foedere
748 2162 911 2207 prolato,
938 2173 1037 2195 suam
1064 2161 1275 2206 dignitatem
1301 2162 1347 2194 ad
1371 2161 1516 2194 Pisanos
1542 2166 1659 2194 trans-

212 2208 325 2240 latam
351 2218 428 2240 esse
453 2218 557 2251 aegre
583 2209 764 2248 ferentes,
794 2221 814 2241 a
842 2210 1008 2242 Romanis
1042 2209 1217 2253 paulatim
1253 2208 1404 2241 alienati
1440 2218 1478 2240 se
1505 2208 1659 2241 vicissim

211 2254 345 2287 nostris
370 2265 435 2299 per
462 2254 688 2288 occasionem
712 2266 817 2299 aegre
844 2256 1002 2289 facturos
1035 2255 1298 2296 ostendebant,
1336 2255 1545 2300 praesertim
1578 2267 1659 2287 cum

211 2300 359 2333 Alexius
383 2311 448 2345 per
474 2301 660 2334 avaritiam
680 2302 734 2334 CC
756 2302 833 2334 auri
858 2303 984 2343 minas,
1013 2313 1105 2347 quae
1130 2302 1254 2335 debito
1281 2302 1344 2335 XV
1368 2302 1659 2334 centenariorum

213 2347 293 2379 auri
317 2346 435 2379 adhuc
461 2347 631 2389 deerant,
665 2359 739 2381 non
775 2349 952 2389 solveret,
990 2360 1080 2393 quos
1116 2349 1286 2389 manuel,
1326 2359 1405 2380 cum
1436 2347 1658 2381 Venetorum

213 2391 311 2425 bona
336 2392 567 2437 publicasset,
592 2406 630 2427 se
647 2406 841 2439 pensurum
865 2396 1060 2440 pepigerat.
1086 2406 1206 2440 neque
1221 2396 1406 2428 minimum
1430 2394 1564 2427 malum
1582 2400 1659 2427 erut.

216 2437 291 2471 dux
310 2439 531 2473 Venetorum
555 2441 678 2474 Ericus
703 2441 912 2482 Dandulus,
938 2442 1044 2474 homo
1072 2453 1197 2474 caecus
1222 2442 1287 2475 ille
1312 2441 1458 2486 quidem
1487 2446 1522 2473 et
1548 2451 1659 2485 capu-

214 2484 300 2517 laris
315 2510 325 2524 ‚
350 2486 414 2518 sed
438 2488 601 2520 Romanis
627 2488 889 2521 infensissimus
915 2494 951 2521 et
974 2488 1281 2529 insidiosissimus,
1306 2494 1347 2522 ut
1367 2487 1568 2520 calliditate
1584 2487 1660 2519 sin-

215 2531 351 2574 gissari,
383 2532 434 2564 ita
459 2535 661 2578 arrogantia
695 2535 891 2574 immensa,
927 2540 968 2567 ut
1007 2546 1045 2568 se
1084 2535 1302 2579 prudentum
1341 2533 1659 2579 prudentissimum

216 2577 418 2621 appellaret
441 2585 478 2612 et
501 2580 674 2623 gloriolae
695 2581 894 2626 cupiditate
919 2592 1042 2614 omnes
1059 2588 1255 2626 superaret⁴
1279 2582 1309 2614 is
1334 2582 1443 2613 vitam
1467 2579 1538 2611 sibi
1561 2590 1658 2611 mor-

216 2629 254 2656 te
280 2622 498 2657 acerbiorem
524 2626 601 2659 sore
627 2627 798 2672 putabat,
823 2628 894 2660 nisi
917 2629 1014 2671 genti
1039 2639 1124 2661 suae
1149 2629 1259 2661 saetas
1288 2639 1307 2658 a
1337 2625 1502 2659 Romanis
1530 2631 1658 2660 contu-

217 2669 344 2702 melias
371 2670 620 2711 ulcisceretur,
651 2675 771 2706 :mimo
799 2680 966 2719 repetens
1000 2679 1037 2707 et
1071 2685 1260 2707 recensens
1286 2678 1375 2717 quot
1409 2671 1514 2704 malis
1541 2672 1665 2716 popu-¹

218 2716 310 2749 lares
335 2716 391 2749 sui
418 2717 562 2760 Angelis
591 2719 761 2753 fratribus
790 2720 1051 2765 imperantibus
1077 2721 1195 2754 affecti
1222 2725 1360 2759 essent,
1397 2724 1433 2751 et
1473 2724 1556 2751 ante
1591 2718 1657 2751 hos

218 2761 423 2797 Andronico
451 2767 486 2798 et
510 2763 677 2800 Manuele
705 2777 823 2802 rerum
855 2766 1092 2813 potientibus.
1125 2766 1189 2800 sed
1227 2767 1312 2812 quia
1348 2769 1453 2799 norat
1481 2765 1520 2800 in
1554 2777 1658 2800 suum
