1878 3230
478 203 703 244 ALExms
745 198 1014 245 MANUEIJS
1055 201 1295 245 comum
1342 205 1388 245 F.
1542 186 1649 241 v,301

210 304 393 358 σταμὲνη
418 311 482 351 τις
525 301 861 356 ὖποβλέπεσθαι,
900 302 972 344 τὸν
1015 302 1274 358 Ἀνδρόνικον
1301 307 1387 351 τοῖς
1413 301 1658 358 γράμμασιν

209 367 449 423 ἔμυαὶπιζεν
478 364 534 416 ὥς
565 368 692 409 ἵππον
719 368 788 423 ἐφ’
818 365 1053 424 ὕσπληγγος
1081 365 1239 410 ἑστῶτα
1269 369 1342 409 καί
1367 368 1524 423 δρόμον
1547 385 1655 421 καμ-

207 437 361 490 πτῆρος
389 435 578 486 πνέοντα,
607 430 679 475 ἑὸν
708 433 836 474 κακὸν
864 433 1169 489 α’μφαγαπῶσα
1197 431 1274 475 καί
1287 433 1361 475 τὸν
1389 433 1538 475 οἰκεῖον
1566 429 1657 475 ὄλε-

206 505 313 555 θρον
341 501 670 554 ἐπισπέρχουσα.
703 497 777 551 τὴν
809 499 854 540 δὲ
874 497 978 552 πρὸς
1005 497 1077 540 τὸν
1105 497 1452 553 πρωτοσεβαστὸν
1480 499 1559 553 οὐχ
1587 500 1657 540 οἵα

167 568 250 608 ὅτε
278 561 386 606 οὖσα
413 566 698 618 περιστέλλειν
713 565 948 616 α’πέχθειαν
976 565 1036 612 εἰς
1062 564 1306 619 τοιῖμφανὲς
1340 560 1454 620 αὐτῷ
1483 564 1657 620 ἀντεφέ-

195 647 319 684 ’ρετο,
367 630 442 670 καί
481 628 573 668 οὐδ’
623 625 813 669 ὁπωσοῦν
854 628 1124 680 διελελοίπει,
1174 626 1253 671 ὅσα
1294 627 1335 670 οἱ
1363 629 1465 685 πρὸς
1491 626 1654 684 λύμην,

201 691 592 750 βυσσοδομεύουσα.
650 693 797 744 ἀμέλει
825 695 899 734 καί
917 690 1259 749 ὖποποιησαμένη
1279 695 1360 736 τῶν
1383 693 1489 750 πρὸς
1513 697 1656 749 γένους

200 759 335 817 ἐκείνῃ
363 756 498 811 τινας,
541 756 719 806 ὁπόσους
749 757 908 814 δηλαδὴ
947 760 1004 816 τῷ
1026 754 1278 817 Ἀνδρονίκῳ
1310 755 1402 816 ᾔδει
1430 764 1654 814 προστιθε-

148 828 152 835 ’
199 827 350 878 μένους
379 825 714 880 φιλεχθροῧντας
739 823 787 864 δὲ
814 825 872 880 τῷ
910 826 1239 881 πρωτοσεβασττῖί
1267 821 1395 879 (ἦσαν
1423 826 1464 866 δ’
1487 821 1601 867 οὗτοι
1629 823 1699 867 ὅΡ.
1720 834 1779 868 ι5ι

143 905 189 931 10
206 887 423 944 Κομινηνὸς
447 889 646 939 Ἀλέξιος,
674 885 721 937 ὃς
752 889 799 929 ἐκ
825 888 995 938 νοθείας
1023 888 1235 944 ἄπετὲχθη
1263 891 1324 946 τῷ
1349 892 1522 942 βασιλεῖ·
1547 894 1654 933 lisla-

200 948 348 1010 νουιῇλ,μ
373 954 396 996 ὅ
427 955 671 1009 Λαπαρδᾶς
694 952 976 1009 Ἀνδρόνικος,
1009 953 1048 996 οἱ
1077 953 1153 995 δύο
1174 955 1251 996 τοῦ
1274 956 1536 1009 Ἀνδρονίκου
1565 955 1656 998 υἱοὶ

199 1018 224 1062 ‹‘›'
252 1037 297 1063 τε
323 1019 516 1075 Ἰωάννης
542 1017 616 1061 καί
640 1017 661 1061 ὅ
692 1017 902 1074 ῙΙΙανουήλ
920 1054 932 1074 ‚
964 1018 988 1060 ὅ
1018 1021 1092 1074 τῆς
1116 1019 1275 1070 πόλεως
1302 1018 1487 1075 ἔπαρχος
1509 1021 1653 1064 Ἰωάν-

198 1103 271 1142 νης
301 1083 323 1127 ὅ
366 1084 629 1140 Καματηρὸς
658 1084 731 1126 καί
767 1086 917 1138 συχνοί
960 1087 1144 1140 ἕτεροι),
1188 1087 1262 1126 καί
1285 1086 1355 1127 διὰ
1386 1089 1653 1140 συνωμοσίας

198 1151 275 1208 τὴν
299 1154 379 1205 μὲν
410 1153 452 1201 ἐς
480 1149 550 1193 τὸν
578 1147 765 1206 ἀδελφὸν
790 1150 864 1191 καί
887 1152 1065 1203 βασιλέα
1099 1151 1237 1192 πίστιν
1268 1154 1558 1207 κρατυναμένη
1577 1151 1650 1195 τὸν

138 1219 245 1260 ιόδὲ
285 1219 359 1260 τοῦ
399 1217 747 1272 πρωτοσεβαστοῧ
788 1214 1018 1271 κυρώσασα
1059 1214 1273 1270 θάνατον,
1325 1216 1651 1274 ἐκαιροφυλάκει

195 1282 273 1339 τὴν
303 1281 449 1324 τοι-’του
490 1282 754 1337 καθαίρεσιν.
824 1278 1022 1337 εὔκαιρον
1052 1283 1098 1323 δὲ
1127 1280 1233 1337 πρὸς
1257 1281 1330 1338 τὴν
1358 1284 1650 1338 μελετωμὲνην

194 1351 348 1403 πρᾶξιν
377 1348 599 1403 εὑρηκέναι
629 1346 775 1402 καιρὸν
806 1349 998 1402 οἷηθεῖσα
1026 1347 1103 1402 τὴν
1127 1349 1189 1396 εἷς
1215 1346 1286 1390 τὸν
1312 1347 1468 1390 Βαθὺν
1490 1346 1649 1392 Ῥύακα

191 1413 298 1468 μετὰ
335 1416 411 1455 τοῦ
436 1414 645 1467 βασιλέως
671 1415 882 1462 ἐξέλευσιν
910 1414 988 1455 τοῦ
1016 1415 1372 1467 πρωτοσεβαστοιῖ
1397 1415 1472 1455 ε’πί
1495 1415 1552 1471 τῷ
1579 1430 1647 1456 τε·-

194 1481 396 1534 &coequat
427 1477 478 1521 τὰ
509 1474 607 1519 ὅσια
626 1475 833 1536 Θεοδώρῳ
857 1480 915 1535 τῷ
942 1477 1281 1534 χριστομάρτυρι
1309 1477 1414 1522 κατὰ
1434 1478 1509 1535 τὴν
1529 1477 1648 1533 ἑβδό-

128 1561 180 1587 20
192 1562 276 1600 μην
303 1547 375 1599 τῆς
404 1541 568 1600 πρώτης
607 1546 692 1586 τῶν
733 1545 954 1599 νηστειῶν,
997 1542 1074 1600 τήν
1097 1546 1175 1598 μὲν
1203 1546 1442 1600 ἐγχείρησιν
1470 1542 1645 1601 ἡτοιμά-

192 1622 294 1653 σατο
318 1609 390 1651 καί
415 1608 515 1658 τούς
541 1611 731 1665 σφαγέας
761 1611 836 1651 τοῦ
877 1610 1105 1652 α’ντιπάλου
1133 1608 1306 1665 ἐπήγετο
1333 1609 1378 1653 τὸ
1411 1610 1698 1667 φονουργὸνν,
1719 1625 1781 1669 ¹24

192 1676 568 1731 παραγυμνοῦντας
595 1673 809 1729 σιδήριον,
838 1677 885 1718 ἐκ
913 1675 962 1716 δέ
987 1690 1100 1724 τινος
1126 1677 1389 1730 περιπετείας
1417 1678 1492 1718 τοῦ
1519 1677 1680 1720 οἰκει’-Β

194 1757 244 1781 ου
275 1739 515 1794 ἐκκρούεται
542 1741 791 1792 σκέμματος.
850 1739 923 1781 καί
948 1742 1021 1794 τῆς
1043 1743 1197 1795 βουλῆς
1220 1740 1326 1794 ὁμοῦ
1353 1741 1426 1782 καί
1451 1743 1524 1795 τῆς
1551 1742 1643 1783 ἐπι-

489 1806 510 1816 u
546 1802 565 1818 tt

190 1808 347 1863 βουλῆς
371 1822 507 1864 μικρῳ
536 1820 711 1860 υστερον
738 1809 1012 1862 φωραθείσης
1034 1803 1135 1857 τούς
1160 1810 1239 1860 μὲν
1265 1805 1434 1857 λοιπούς
1462 1810 1541 1850 τοῦ
1565 1825 1642 1851 συ-

291 1923 340 1946 ιι.
367 1909 592 1958 λαμπαρδᾶς
613 1911 654 1944 Α.
756 1920 806 1943 12.
831 1910 855 1945 o‘
877 1910 956 1960 τῆς]
983 1912 1047 1946 καὶ
1072 1910 1094 1945 o‘
1117 1913 1181 1953 τῆς
1203 1913 1242 1944 Α.
1344 1913 1394 1956 il..
1416 1912 1489 1958 μὲν
1515 1923 1572 1945 om
1600 1914 1639 1946 A.

288 1961 341 1994 16-
367 1956 609 2005 καθαίρεσιν]
635 1957 845 1995 κατάλυσιν
860 1959 901 1992 A.
1044 1970 1097 2004 ¹7·
1121 1959 1295 2002 οἰηθεῑσα
1322 1959 1479 2006 καιρόν,
1509 1960 1640 1994 omisso

285 2006 505 2052 εὑρηκέναι,
532 2005 571 2038 A.

192 2119 431 2154 adversariam
468 2123 669 2164 suspectam
704 2129 781 2152 esse
814 2129 919 2164 aegre
949 2118 1091 2160 ferens,
1123 2119 1257 2154 litteris
1291 2120 1559 2160 Andronicum,
1600 2124 1643 2153 ut

192 2179 326 2212 equum
349 2167 387 2199 in
412 2165 614 2199 carceribus
639 2171 794 2199 stantem
829 2171 868 2199 et
890 2165 936 2199 ad
958 2171 1091 2199 metam
1118 2167 1356 2212 aspirantem,
1380 2167 1494 2201 veluti
1517 2166 1642 2210 flagel-

192 2214 237 2248 lis
262 2212 462 2255 incitabat3
488 2212 600 2258 idque
625 2224 690 2245 suo
718 2213 833 2254 malo,
860 2213 1061 2246 accelerato
1087 2213 1158 2246 sibi
1182 2214 1345 2247 interitu.
1372 2219 1409 2246 et
1425 2214 1510 2258 quia
1535 2213 1642 2246 seba-

192 2259 399 2294 stocratoris
438 2259 562 2293 odium
607 2259 834 2293 dissimulare
859 2271 934 2293 non
962 2265 1128 2304 poterat,
1158 2266 1282 2305 aperte
1308 2262 1342 2294 ei
1365 2259 1640 2300 adversabatur,

193 2312 232 2340 et
254 2306 350 2340 nihil
379 2317 454 2339 non
484 2308 522 2340 in
561 2306 638 2339 eius
662 2306 860 2352 perniciem
888 2307 1088 2340 conabatur
1105 2332 1115 2348 ‚
1140 2308 1344 2341 conciliatis
1375 2307 1484 2341 etiam
1509 2317 1641 2351 cogna-

192 2354 239 2386 tis
267 2355 367 2394 suis,
391 2363 482 2398 quos
506 2354 624 2386 favere
664 2359 772 2387 norat
794 2353 1022 2393 Andronico,
1047 2359 1084 2388 et
1106 2355 1362 2388 Protosebasto
1387 2354 1555 2387 inimicos
1583 2364 1639 2386 es-

192 2411 242 2433 se.
276 2400 315 2433 hi
359 2405 462 2433 erant
493 2400 698 2433 Comnenus
737 2400 906 2442 Alenus,
940 2399 1075 2434 nothus
1107 2401 1294 2434 Manuelisv
1325 2401 1420 2434 filius
1458 2412 1502 2433 ex
1529 2405 1639 2444 nepte

192 2446 386 2479 Theodora
409 2453 616 2492 susceptus,
641 2446 868 2481 Andronicus
892 2447 1073 2492 Lapardas
1089 2472 1098 2487 ‚
1124 2447 1196 2480 duo
1221 2447 1418 2482 Andronici
1445 2447 1537 2487 filii,
1581 2447 1641 2478 Io-

192 2492 329 2527 hannes
373 2499 410 2527 et
432 2494 603 2534 Manuel,
643 2494 847 2538 praefectus
883 2494 983 2527 urbis
1026 2493 1205 2527 Iohannes
1242 2494 1471 2534 Camaterus,
1515 2497 1552 2525 et
1576 2492 1640 2524 alii

193 2540 404 2584 complures.
428 2540 480 2574 ita
504 2553 568 2574 sua
593 2540 633 2574 in
656 2541 804 2574 fratrem
829 2546 866 2575 et
885 2541 1137 2585 imperatorem
1168 2541 1240 2574 fide
1262 2553 1327 2586 per
1352 2540 1641 2574 coniurationem

193 2585 348 2627 firmata,
388 2592 424 2620 et
459 2594 575 2621 morte
613 2587 857 2632 protosebasti
894 2587 1094 2627 destinata,
1134 2588 1212 2622 eius
1237 2587 1468 2632 aggrediendi
1498 2591 1640 2628 tempus

193 2631 323 2676 cupide
354 2633 579 2668 observabat.
615 2646 722 2679 quam
757 2635 804 2668 ad
843 2645 918 2667 rem
943 2646 1023 2667 eum
1048 2635 1125 2667 eius
1151 2635 1189 2667 in
1217 2633 1437 2679 profundum
1462 2631 1639 2674 Rhyacem

194 2689 373 2721 egressum
398 2690 477 2712 cum
506 2681 722 2726 imperatore
747 2681 792 2714 ad
827 2681 1081 2714 celebrandam
1105 2680 1291 2714 Theodori
1314 2678 1479 2722 martyris
1503 2688 1641 2710 memo-

194 2725 282 2757 riam
318 2725 471 2768 septimo
512 2729 619 2772 primi
655 2729 874 2761 ieiuniorum
914 2734 1157 2773 opportunum
1192 2728 1268 2760 sore
1302 2731 1469 2772 putaret,
1501 2724 1639 2757 facinus

194 2771 374 2812 iustruxit,
391 2778 426 2806 et
450 2783 676 2819 percussores
689 2775 914 2815 subornavit,
939 2775 1003 2820 qui
1021 2775 1153 2808 serrum
1179 2775 1217 2808 in
1242 2775 1319 2807 eius
1334 2771 1507 2817 sanguine
1521 2771 1640 2815 tinge-
