1878 3230
387 176 459 216 DF,
494 172 816 216 ANnRomco
854 171 1116 215 comm-:No
1154 172 1257 213 Lm.
1298 173 1350 212 11.
1505 149 1622 223 439

194 285 338 324 νατον,
366 271 438 314 καί
463 267 515 314 οὗ
543 272 718 314 ἐνώπιον
750 270 867 327 φωνή
898 265 1209 324 αἵματοςἍβελ
1234 270 1326 324 βοᾷ,
1355 267 1428 309 καί
1454 263 1477 308 ὃ
1502 267 1624 320 διαρ·

195 335 326 392 ρήδην
346 339 515 393 κέκραγε
539 336 598 392 μὴ
627 336 857 391 βούλεσθαι
885 334 956 379 τὸν
982 338 1059 378 τοῦ
1085 334 1335 390 ἁμαρτωλοῦ
1361 333 1541 375 θάνατον
1566 329 1626 380 ὥς

194 401 242 444 τὸ
269 404 519 458 ἐπιστρέψαι
547 402 676 444 αὐτόν
703 404 775 443 καί
810 403 945 456 ζῆσαι.
1001 403 1074 443 καί
1115 398 1155 441 οἱ
1204 401 1283 453 μὲν
1322 394 1434 440 οὕτω
1471 394 1624 444 παντὸς

195 466 406 509 α’πιόλειαν
433 465 828 522 καταψηφισάμενοι
869 465 940 508 τὸν
971 464 1172 519 σύλλογον
1209 465 1364 506 ἐκεῖνον
1408 463 1625 505 διέλυσαν·

159 533 453 587 5Ἀνδρόνικος
484 534 530 575 δὲ
557 531 635 581 τὰς
661 531 732 573 ἐπὶ
761 537 854 580 ταῖς
883 529 1056 585 πράξεσι
1084 529 1254 579 ταύταις
1288 534 1380 578 ταῖς
1414 530 1628 581 μυσαραῖς

194 598 459 650 ἐκτιθεμένας
488 595 731 644 δικαστικοῖς
757 595 929 650 ψήφους
959 593 1040 636 dmi
1078 600 1225 649 χεῖρας
1262 592 1483 646 δεχόμενος
1520 590 1628 647 ἐφύ-

195 667 342 704 λαττεν
368 664 414 704 ἐν
443 663 650 718 φωριαμῷ
678 661 903 716 α’σφαλῶς,
942 659 1017 700 οιῗκ
1055 656 1136 701 οἷδ’
1173 656 1200 699 ὅ
1240 675 1282 701 τι
1320 657 1627 710 διανοούμενος,

197 722 314 780 οἶμαι
343 729 390 769 δὲ
416 725 462 769 τό
492 725 691 779 ἐσόμενον
729 725 1088 780 προσκοπούμενος
1115 723 1189 765 καί
1218 723 1370 773 δεδιώς
1410 722 1542 779 φόβον
1581 719 1629 769 ὃς

195 795 375 847 ἐπῆλθεν
402 788 519 849 αὐτῷ
545 794 776 845 μετέπειτα.
832 791 1060 843 συσχεθεὶς
1078 789 1173 845 γάρ,
1194 788 1267 831 καί
1288 791 1435 843 λόγους
1455 782 1514 830 ὧν
1541 789 1627 829 διε·
1641 794 1750 839 ¹²³¹?

138 873 184 899 10
197 857 381 913 πράξατο
419 856 533 912 παρὰ
569 858 653 898 ταῖν
691 855 1030 911 συνεληλυθότων
1071 854 1440 908 εἰσπραττόμενος,
1479 850 1630 895 ἑαυτὸν

195 923 474 978 ἆπηλλοτρίου
501 923 582 964 τῶν
608 922 832 975 γενομένων
859 921 928 976 ἐφ’
954 916 1015 968 οἷς
1041 917 1158 968 τινὰς
1187 919 1479 974 παρελύπησεν
1501 914 1527 972 ἢ
1556 934 1630 959 κα-

195 985 348 1029 κώσεσι
380 993 636 1040 σωματικαῖς
665 987 943 1040 καθυπέβαλε,
973 986 1044 1027 καί
1069 983 1168 1033 τούς
1194 987 1272 1037 μὲν
1299 984 1499 1032 δικαστάς
1525 981 1631 1038 ἔφα-

195 1067 266 1094 σκε
282 1050 355 1094 καί
366 1051 438 1106 την
451 1053 671 1107 γερουσίαν
689 1053 998 1106 ἀποφαίνεσθαι
1016 1049 1089 1098 τὰς
1106 1049 1309 1103 τιμωρίας
1323 1047 1374 1097 ἃς
1391 1048 1631 1101 ὑπέστησαν

195 1116 268 1159 καί
279 1116 423 1166 ὁποίας
438 1115 694 1158 πεπόνθασιν
714 1115 751 1158 οἱ
771 1112 1145 1170 προσκεκρουκότες
1171 1109 1287 1171 αὖτῷ
1305 1112 1385 1167 πρὸ
1405 1115 1479 1167 τῆς
1495 1114 1631 1167 α’ρχῆς

139 1184 185 1224 15
197 1185 270 1226 καί
291 1181 398 1224 κατὰ
426 1181 499 1236 τὴν
525 1183 743 1234 βασιλείαν
770 1180 932 1234 αὐτήν,
971 1178 1100 1221 αὐτόν
1127 1180 1172 1220 δὲ
1198 1184 1293 1228 ταῖς
1319 1179 1485 1220 ἐκείνων
1521 1175 1631 1231 γνώ-

196 1263 298 1301 μαις
313 1247 532 1302 ὑπηρετεῖν
557 1247 686 1304 (μηδὲ
698 1245 778 1301 γὰρ
802 1247 888 1302 εἶκῇ
917 1250 1062 1301 φορεῖν
1082 1243 1159 1299 τήν
1173 1243 1414 1300 μάχαιραν)
1432 1241 1506 1284 καί
1517 1244 1630 1297 χρᾶν

196 1312 270 1367 την
296 1319 418 1367 χεῖρα
448 1313 507 1361 εἷς
532 1314 663 1367 πέρας
689 1306 747 1353 ὧν
772 1307 1061 1367 ἀπεφαίνοντο.
1106 1309 1198 1352 τότε
1228 1310 1268 1350 δ’
1294 1304 1369 1350 οὖν
1395 1308 1469 1363 τὴν
1498 1307 1632 1358 ἐξενε-

193 1383 375 1433 χθεῖσαν
401 1381 546 1433 ψῆφον
576 1377 762 1432 πληροῦν
790 1375 1041 1429 ἐπεβάλετο,
1069 1374 1175 1431 πρὸς
1201 1373 1251 1429 ἢν
1281 1373 1305 1415 ό
1332 1372 1425 1423 υἱός
1453 1374 1588 1414 αὐτοῦ
1606 1372 1630 1413 ὅ

195 1440 538 1498 σεβαστοκράτωρ
567 1440 807 1498 ἀπεπήδησε
828 1440 1038 1495 Μανουηλ
1055 1474 1067 1493 ,
1099 1438 1227 1483 εἰπών
1252 1441 1459 1495 μηδαμῶς
1484 1439 1629 1480 συντί-

135 1512 354 1553 mamam
382 1507 527 1563 πράξει
559 1503 647 1562 ἥτις
674 1505 732 1562 μη
763 1509 861 1548 καθ’
888 1504 1064 1562 ὁρισμόν
1094 1510 1273 1548 τελεῖται
1304 1504 1540 1558 βασιλικόν,
1572 1502 1666 1552 ὥςΒ

199 1573 238 1614 οὶ
265 1575 531 1624 θεσπίζοντες
560 1571 968 1627 προαναβάλλονται,
997 1573 1071 1613 καί
1096 1567 1233 1620 ἄλλως
1268 1572 1314 1612 δὲ
1355 1568 1412 1625 μη“
1451 1565 1630 1621 ἀνασχέ-

197 1642 301 1681 σθαι
328 1635 514 1680 ὁπωσοῦν
540 1638 639 1679 ποτὲ
661 1635 877 1692 α’πόφασιν
905 1634 1202 1679 οἰκειώσασθαι
1230 1633 1312 1676 ὑπὸ
1342 1637 1473 1689 κρᾲια
1496 1633 1631 1675 θανά-

199 1718 272 1746 του
301 1707 487 1746 τιθεῖσαν
512 1701 666 1756 σχεδόν
695 1700 741 1745 τὸ
767 1700 1055 1758 Πανρώμαιον
1070 1734 1084 1755 ,
1117 1703 1190 1744 καί
1214 1699 1271 1756 μῆ
1311 1700 1438 1754 μόνον
1474 1698 1629 1755 ἀφανί-

292 1826 325 1860 7.
353 1815 394 1849 ἐν
411 1826 507 1860 φωρ.
549 1814 591 1847 ἐν
614 1818 664 1847 u&
691 1814 892 1848 σεντουκίω
917 1813 1036 1846 αὐτοῦ
1062 1812 1100 1844 Β.
1173 1814 1204 1847 8.
1234 1810 1566 1855 προσκεπτόμενος
1589 1810 1628 1842 A.

299 1872 349 1895 12.
375 1861 513 1906 ἔφασκε
556 1861 656 1905 ἔλεγε
678 1860 716 1892 A.
812 1871 862 1904 ¹9·
885 1857 1079 1905 μηδαμῶς]
1104 1857 1288 1903 μηδέποτε
1320 1857 1630 1901 συγκαταθέσθαι

295 1910 437 1951 πρᾶξιν
459 1905 542 1941 τινὰ
568 1903 671 1951 παρὰ
694 1907 763 1939 τοῦ
793 1905 915 1951 δήμου
936 1906 1227 1950 ἐνεργουμένην,
1255 1902 1334 1946 ἥτις
1355 1901 1406 1949 μὴ
1430 1899 1526 1948 μετὰ
1550 1901 1631 1948 όρι-

295 1956 395 2001 σμοῠ
420 1954 624 1988 ἐκτελεῖται
649 1953 850 1997 βασιλικοῦ
872 1952 908 1984 Β.
1022 1951 1077 1986 23.
1102 1948 1254 1997 σχεδὸν]
1277 1951 1420 1996 μικροῦ
1444 1949 1484 1982 A.

203 2073 340 2112 tiner03
363 2071 427 2116 qui
453 2069 624 2103 caedibus
648 2068 745 2102 haud
770 2068 987 2109 delectatur,
1014 2078 1081 2101 nec
1097 2071 1247 2100 mortem
1263 2067 1360 2107 fecit,
1376 2066 1439 2099 sed
1453 2066 1634 2100 hominem

204 2118 251 2151 ad
273 2118 381 2151 vitam
400 2116 578 2158 condidit3
601 2117 640 2149 in
663 2117 764 2148 cuius
782 2120 974 2160 conspectu
993 2126 1061 2147 vox
1079 2114 1260 2158 sanguinis
1277 2113 1382 2146 Abeli
1401 2114 1546 2155 clamat3
1571 2113 1635 2157 qui

204 2170 327 2209 aperte
343 2163 532 2196 denuntiat
547 2174 584 2196 se
601 2162 709 2195 malle
725 2167 765 2195 ut
779 2167 945 2207 peccator
959 2171 1148 2194 conversus
1165 2160 1262 2194 vivat
1276 2171 1381 2205 quam
1398 2165 1438 2193 ut
1454 2161 1636 2193 moriatur.

205 2211 384 2244 enimvero
403 2210 457 2242 illi
473 2209 648 2242 damnatis
662 2208 828 2241 omnibus
846 2219 865 2241 e
880 2208 1034 2240 concilio
1051 2207 1301 2240 discesserunt.
1316 2206 1540 2239 Andronicus
1551 2217 1635 2238 vero

204 2257 365 2290 iudicum
383 2256 538 2289 nefarias
557 2256 765 2295 sententias,
783 2254 881 2287 haud
899 2254 972 2287 scio
990 2265 1063 2299 quo
1085 2253 1248 2294 consilio,
1266 2254 1306 2286 in
1323 2253 1454 2286 scrinio
1472 2264 1536 2286 suo
1551 2252 1638 2284 ‹lili-

205 2309 329 2349 genter
350 2303 553 2342 asservavit,
574 2302 714 2347 proviso
735 2302 894 2335 fortassis
909 2300 1110 2333 imminenti
1125 2300 1248 2333 exitio.
1262 2299 1344 2335 fiam
1369 2311 1450 2332 cum
1475 2309 1638 2342 compre-

206 2350 338 2383 hensus
358 2355 461 2388 esset,
482 2350 521 2382 et'
537 2361 556 2381 a
578 2360 749 2381 concursu
765 2348 892 2392 populi
910 2347 1107 2380 facinorum
1131 2357 1276 2379 suorum
1291 2346 1467 2380 rationem
1486 2345 1636 2378 reddere

207 2395 410 2436 iuberetur,
435 2396 576 2440 culpam
603 2396 641 2427 in
669 2394 805 2427 iudices
832 2400 868 2427 et
900 2399 1063 2427 senatum
1087 2391 1347 2433 transferebat,
1370 2393 1435 2438 qui
1459 2391 1636 2436 supplicia

208 2442 440 2475 decernerent
462 2443 500 2475 in
522 2452 582 2474 eos
607 2452 626 2473 a
655 2441 786 2486 quibus
810 2446 893 2473 ante
921 2440 1109 2484 imperium
1138 2445 1175 2472 et
1196 2439 1235 2471 in
1262 2439 1341 2484 ipso
1359 2439 1510 2483 imperio
1524 2440 1638 2470 offen-

208 2499 267 2521 sus
289 2493 390 2521 esset.
425 2499 463 2521 se
496 2499 580 2521 vero
617 2487 762 2520 illorum
795 2487 984 2520 sententiis
1013 2485 1202 2519 inservisse
1225 2485 1358 2530 (neque
1382 2485 1477 2518 enim
1505 2484 1636 2517 frustra

209 2538 363 2577 gestasse
377 2533 547 2579 gladium)
564 2538 601 2566 et
613 2545 754 2566 manum
773 2545 894 2566 eorum
920 2533 1094 2576 suffragiis
1111 2531 1408 2565 accommodasse*
1424 2537 1498 2564 tum
1516 2534 1635 2561 autem

210 2591 288 2612 cum
313 2579 403 2612 latas
427 2580 620 2613 sententias
642 2586 853 2612 executurus
871 2585 977 2619 esset,
1001 2579 1096 2611 filius
1118 2579 1194 2611 eius
1210 2578 1357 2611 Manuei
1376 2577 1637 2612 sebastocrator

211 2626 405 2669 refragatus
427 2626 633 2670 pernegavit
655 2637 692 2658 se
719 2637 972 2659 consensurum
998 2625 1035 2658 in
1063 2630 1153 2664 acta,
1178 2635 1270 2668 quae
1300 2635 1373 2657 nou
1398 2624 1486 2656 fiant
1509 2625 1635 2652 aucto-

213 2673 316 2704 ritate
341 2671 584 2715 imperatoris,
608 2677 650 2705 ut
672 2673 740 2716 ipsi
778 2672 915 2704 iudices
938 2672 977 2704 in
1003 2670 1150 2703 exordio
1176 2671 1366 2703 fateantur.
1391 2674 1574 2714 praeterea
1597 2675 1636 2697 se

212 2717 313 2751 nullo
339 2715 444 2751 modo
471 2727 511 2750 ea
534 2718 697 2761 suffragia
715 2718 970 2763 probaturum,
995 2727 1088 2763 quae
1113 2727 1206 2761 pene
1230 2718 1404 2750 Romanos
1430 2723 1552 2748 omnes
1575 2721 1637 2750 ca-

947 2818 978 2858 ξ
