1878 3230
526 183 601 224 m:
641 182 859 226 tsAAmo
899 181 1116 224 ANGELo
1160 182 1256 223 Lm.
1299 183 1332 222 1.
1511 159 1625 235 475

185 283 491 340 προορωμένων
518 285 600 324 τῶν
628 284 971 338 α’ντιμαχομένων
998 284 1122 339 νηῶν.
1153 284 1226 324 καί
1251 279 1355 323 κατὰ
1382 280 1504 322 τοῦτο
1531 279 1629 336 περὶ

183 347 260 403 τήν
290 350 374 391 τῶν
401 347 571 390 Κιόνων
594 345 717 403 ἤϊόνα
747 348 792 390 αἱ
820 349 1004 404 τριήρεις
1030 347 1287 391 σαλεύουσαι
1314 346 1367 389 ού
1397 347 1628 402 περαιτέρω

183 414 394 471 προῄεσαν
411 429 424 441 ·
482 412 505 454 ὅ
536 415 583 455 δὲ
609 415 691 456 τῶν
719 414 917 456 ἐναντίων
947 411 1095 463 στόλος
1122 412 1222 470 περὶ
1247 411 1322 462 τὰς
1351 410 1626 454 ἓπτακαιῖῖεκα

182 479 342 534 ἡμέρας
382 476 459 533 τήν
499 475 640 533 κώπην
679 478 847 533 σχάσας
884 481 930 521 ἐν
960 484 1049 527 ταῖς
1078 479 1242 533 νήσοις,
1284 476 1342 527 ὥς
1361 478 1513 520 ούδένα
1539 494 1626 526 πως

147 542 299 600 ξ’)ἒιόρα
329 546 412 586 τῶν
437 543 666 600 ὁμοφύλων
692 542 795 586 κατὰ
819 546 973 599 χέρσον
991 543 1231 600 προσιόντα,
1260 543 1336 585 οὐκ
1363 541 1528 598 ἀγαθήν
1562 544 1625 585 εἰ.

181 608 314 659 κάσας
343 608 419 664 τήν
452 607 660 663 α’ναβολήν
686 609 1009 664 μεθαρμόζεται
1038 607 1144 664 πρός
1171 608 1418 651 ἀπόπλοιαν.
1471 608 1544 651 καί
1569 607 1623 662 δὴ

180 674 259 730 τήν
286 677 410 730 νῆσον
437 673 788 729 τήνΚαλώνυμον
815 673 1102 729 πυρπολήσας,
1133 677 1208 717 καί
1236 673 1315 716 ὅσα
1342 674 1512 729 πάραλα
1541 680 1624 715 κεῖ-

179 757 251 783 ται
278 740 382 783 κατὰ
420 739 490 782 τὸν
528 737 681 782 κόλπον
707 739 792 782 τόν
822 737 1163 795 Ἑλλησπόντιον,
1209 739 1343 794 εἴχετο
1377 742 1455 782 τοῦ
1483 737 1668 781 οἴκαδεί)

178 807 303 848 πλοῦ.
358 806 468 862 φασὶ
509 806 556 847 δὲ
593 804 649 854 ὥς
677 807 751 846 καί
777 803 938 848 τούτων
965 807 1118 848 πολλαὶ
1156 802 1380 859 ἅντανὸροι
1416 807 1473 862 τῷ
1498 807 1623 862 βυθῷ

122 885 167 912 ιο
178 872 421 924 κατέδυσαν,
447 870 702 920 ἀντιπνοίαις
728 874 1032 926 περιπεσοῦσαι
1059 874 1132 914 καί
1158 869 1501 925 καταιγιδώδεσιν
1528 869 1624 924 ὅμι-

177 933 362 991 λήσασαι
403 935 627 990 πνεύμασι.
705 938 778 979 καί
804 935 925 990 λιμός
953 938 1001 979 δὲ
1028 935 1102 979 καὶ
1131 935 1251 987 νόσος
1278 934 1390 979 ἔστιν
1417 934 1469 986 ὃς
1489 937 1622 986 ἐξεκέ-

176 1018 299 1045 νωσε.

288 1069 383 1110 Καὶ
425 1064 537 1109 οὕτω
564 1070 643 1120 μὲν
688 1069 739 1109 ού
767 1073 886 1121 μεῖον
918 1065 946 1123 ἦ
977 1069 1077 1110 δέκα
1103 1069 1293 1123 χιλιάδες
1324 1070 1524 1122 μαχᾴιων
1551 1069 1623 1110 ἀν-

177 1135 290 1189 δρῶν
317 1135 362 1176 έν
388 1135 527 1176 τοῖσδε
553 1139 636 1183 τοῖς
663 1136 857 1187 πολέμοις
884 1134 1124 1175 ἀπώλοντο·
1181 1133 1304 1175 αὐτοὶ
1330 1135 1375 1175 δὲ
1395 1132 1434 1175 οἱ
1464 1138 1622 1189 ζωγρη-

119 1199 320 1247 ιόθέντες
362 1202 455 1241 κατ’
492 1200 758 1254 ἀμφοτέρους
799 1198 900 1248 τούς
934 1201 1142 1252 πολέμους
1181 1199 1287 1253 ὑπὲρ
1315 1198 1391 1248 τὰς
1416 1201 1623 1254 τέσσαρας

173 1263 373 1318 χιλιάδας
399 1263 705 1320 ἀριθμούμενοι
726 1270 817 1313 ταῖς
847 1266 1067 1319 δημοσίαις
1094 1269 1303 1321 φυλακαῖς
1323 1264 1619 1321 ὲνείρχθησαν.

173 1328 232 1385 μή
261 1330 308 1372 ἐκ
345 1332 571 1383 βασιλικῶν
615 1332 662 1372 δὲ
690 1329 979 1384 ψωμιζόμενοι
1014 1331 1214 1384 ταμιείων
1244 1326 1272 1385 ἦ
1295 1346 1404 1380 τινος
1431 1331 1513 1372 τῶν
1539 1327 1621 1372 ὅσα

173 1394 220 1437 τὸ
252 1397 325 1451 ζῆν
351 1394 569 1451 συνίστησι
607 1395 987 1451 μεταλαγχάνοντες
1019 1391 1199 1438 ἄλλοθέν
1239 1399 1399 1450 ποθεν,
1429 1391 1544 1454 ἄρτῳ
1572 1397 1621 1438 δὲ

173 1460 286 1519 μόνῳ
318 1462 541 1512 διαζῶντες
565 1466 865 1520 χορηγουμένῳ
893 1460 998 1517 πρὸς
1024 1464 1106 1504 τῶν
1132 1462 1344 1519 θεοφιλῶς
1369 1463 1618 1505 ἐπισκεπτο-

111 1543 162 1570 20
173 1528 313 1580 μένων
337 1526 435 1576 τοὺς
463 1527 508 1569 ἐν
535 1532 628 1577 ταῖς
655 1528 860 1583 εἱρκταῖς,
890 1529 1028 1578 κακῶς
1054 1530 1302 1584 ἐφθείροντο
1311 1560 1324 1580 ,
1351 1524 1461 1569 ὥσθ’
1491 1526 1514 1568 ὅ
1544 1527 1619 1582 τήν

174 1591 309 1647 ἀρχὴν
348 1594 424 1647 τῆς
465 1595 657 1643 Σικελίας
693 1594 891 1649 χειρίζων
925 1593 999 1635 καί
1024 1592 1101 1648 τήν
1139 1592 1231 1636 τότε
1268 1592 1375 1635 κατὰ
1401 1591 1620 1646 Ῥωμαίων

173 1661 332 1712 κίνησιν
357 1661 555 1712 θέμενος,
598 1661 723 1701 τοῦτο
751 1659 1023 1712 πυθόμενος,
1052 1658 1123 1700 διὰ
1155 1658 1411 1713 γραμμάτων
1437 1658 1509 1701 τόν
1538 1662 1619 1711 βα·
1631 1669 1665 1703 Ρ.
1679 1669 1746 1714 254

172 1725 294 1766 σιλέα
322 1722 547 1778 ἐχλεύαζεν
576 1723 633 1773 ὥς
661 1723 1000 1780 α’φιλανθρώπως
1029 1726 1161 1766 ἐῶντα
1189 1726 1298 1782 λιμῷ
1324 1725 1398 1778 καί
1419 1723 1620 1779 γυμνότη-

269 1835 296 1857 ι.
328 1822 549 1870 α’ντιμιίχων
582 1826 620 1857 Α.
797 1826 837 1869 4.“
862 1826 1071 1869 σχάσανῐες
1108 1827 1147 1859 Α.
1314 1827 1348 1859 8.
1373 1824 1496 1873 κατὰ]
1528 1828 1618 1871 περὶ

263 1868 332 1906 τόν
355 1870 475 1906 τόπον
501 1873 566 1913 τῆς
588 1872 790 1916 λαμψάκου
809 1873 846 1904 B.
1039 1884 1087 1906 ιο.
1114 1871 1360 1919 ὅμιλὴσασαι]
1391 1872 1420 1906 w‘
1453 1873 1620 1915 ιληκυῖαι

264 1919 293 1950 Α
429 1919 475 1962 ¹4·
505 1917 718 1966 α’πώλοντο]
746 1918 942 1964 ἐχοίθησαν
970 1919 1004 1951 Β.
1127 1922 1176 1954 18.
1201 1917 1378 1966 ἄλλοθεν]
1405 1919 1619 1964 αλλαχόθεν

265 1942 344 1997 ἀλλ’
369 1962 468 2009 ἄρτω
489 1964 597 2011 μόνω
620 1966 659 1998 A.
783 1967 836 2001 23.
860 1964 1068 2012 ἐχλεύαζεν]
1098 1965 1359 2006 κατωνείόιζεν
1382 1965 1617 2012 α’φίλοικτον

265 2012 331 2044 καὶ
353 2012 452 2057 λιμῶ
477 2013 596 2047 ἐῶντα
622 2013 661 2045 Α.

173 2111 310 2133 cessum
335 2111 409 2133 non
433 2106 510 2142 est,
535 2102 598 2146 qui
622 2112 695 2134 non
722 2107 863 2135 tantum
896 2102 1118 2135 alacritatem
1142 2103 1272 2136 civium
1297 2103 1526 2148 spectabant,
1550 2105 1615 2138 sed

172 2148 280 2180 etiam
305 2146 492 2180 hostilium
515 2148 660 2181 navium
684 2148 955 2182 multitudinem
982 2150 1277 2192 considerabant3
1314 2161 1430 2195 eaque
1459 2150 1505 2184 de
1529 2163 1614 2184 cau-

172 2205 210 2226 sa
234 2199 376 2226 nostrae
403 2206 511 2228 naves
543 2194 590 2228 ad
615 2195 802 2228 Cionicum
836 2196 939 2229 littus
963 2196 1001 2229 in
1036 2197 1175 2230 ancoris
1199 2202 1334 2230 stantes
1360 2197 1513 2231 ulterius
1538 2210 1613 2232 uon

171 2240 506 2284 progrediebantur.
533 2242 656 2275 classis
679 2253 762 2275 vero
777 2242 919 2275 hostilis
945 2254 1024 2275 cum
1049 2242 1096 2276 ad
1119 2243 1196 2277 dies
1225 2243 1469 2289 septendecim
1495 2244 1532 2277 in
1556 2245 1611 2278 iu-

171 2287 259 2319 sulis
289 2287 510 2321 consedisset
542 2299 609 2321 nec
640 2289 870 2333 popularium
894 2300 1099 2334 quenquam
1123 2295 1219 2323 terra
1246 2290 1417 2323 accedere
1439 2291 1612 2332 vidisset,

171 2344 305 2366 moram
346 2334 446 2366 illam
481 2334 574 2367 nihil
598 2335 686 2368 boni
722 2335 938 2380 portendere
979 2337 1147 2370 arbitrati
1171 2337 1216 2370 de
1246 2334 1365 2370 reditu
1390 2339 1612 2382 cogitarunt,

171 2379 389 2425 incensaque
416 2381 611 2425 Calonymo
651 2382 770 2415 insula
813 2388 849 2415 et
875 2382 1038 2417 finitimis
1070 2384 1109 2416 in
1136 2385 1217 2417 sinu
1242 2384 1494 2430 Hellespontio
1523 2385 1612 2417 locis

173 2424 317 2458 domum
342 2438 463 2460 versus
486 2434 731 2472 perrexerunt.

266 2473 400 2507 Ferunt
432 2480 554 2507 autem
587 2475 719 2508 multas
757 2487 863 2509 naves
896 2488 974 2509 curn
1003 2476 1208 2509 vectoribus
1243 2476 1403 2510 adversis
1434 2478 1551 2510 ventis
1576 2482 1612 2510 et

171 2517 379 2552 turbinibus
398 2520 578 2554 demersas
605 2532 694 2562 esse,
720 2522 808 2555 alias
834 2522 959 2555 morbo
987 2528 1023 2555 et
1047 2523 1141 2556 fame
1167 2523 1369 2556 exhaustas.
1395 2524 1445 2556 ita
1472 2524 1502 2556 X
1525 2523 1610 2555 mil-

170 2564 268 2596 libus
292 2563 390 2598 haud
421 2568 608 2611 pauciores
645 2567 701 2601 his
732 2568 839 2601 bellis
873 2570 1070 2613 perierunt.
1110 2570 1204 2602 ultra
1227 2570 1276 2603 IV
1311 2570 1426 2602 millia
1456 2575 1610 2612 utroque

170 2609 270 2642 bello
296 2611 334 2643 in
357 2623 513 2646 carceres
539 2614 700 2655 inclusa,
726 2626 806 2648 cum
829 2615 922 2648 nihil
948 2617 992 2648 ab
1021 2617 1236 2661 imperatore
1263 2622 1326 2649 aut
1350 2615 1497 2649 aliunde
1525 2626 1609 2658 sup-

170 2655 393 2701 peditaretur
437 2666 578 2703 praeter
618 2672 767 2706 panem,
810 2663 871 2706 qui
907 2663 1053 2707 pietatis
1094 2674 1175 2706 ergo
1200 2673 1220 2694 a
1245 2662 1428 2694 nonnullis
1474 2661 1609 2693 subini-

171 2703 416 2744 nisu-abatur,
448 2706 540 2738 male
576 2708 771 2751 perierunt.
807 2719 878 2752 quo
921 2721 982 2741 rex
1018 2709 1184 2749 Siciliae,
1224 2709 1322 2741 illius
1345 2708 1435 2741 belli
1465 2713 1607 2747 auctor,

169 2749 295 2790 audito
324 2750 530 2801 imperatori
557 2763 620 2798 per
644 2754 782 2789 litteras
811 2755 1071 2790 immanitatem
1095 2755 1345 2801 exprobravit,
1366 2754 1428 2800 qui
1454 2754 1546 2787 same
1572 2760 1608 2787 et
