1878 3230
521 169 746 216 Atssxms
783 172 1051 217 MANUELJS
1092 174 1335 218 comum
1376 175 1421 217 r.
1568 158 1678 232 327

254 271 344 312 κατ’
382 269 585 326 ου’ρανόν,
628 272 924 328 ὖπᾳσημαίνων
952 272 1004 316 τὰ
1035 273 1210 327 ἐσόμενα
1237 276 1430 330 χείριστα
1457 272 1530 316 καὶ
1554 272 1683 316 αὐτὸν

252 335 441 388 ἀτεχνῶς
480 329 775 394 διαχαράύτὼν
810 337 1103 395 Ἀνδρόνικον·
1170 332 1306 396 ὄφεως
1330 337 1412 394 γάρ
1439 341 1583 394 σχῆμα
1611 337 1686 381 καὶ

250 402 400 454 ἕλιγμα
434 401 460 456 ἧ
485 404 561 444 τοῦ
593 404 794 458 φανέντος
824 404 1070 458 α’νάμματος
1101 399 1200 458 ὄψις
1219 405 1480 447 διατυποῦσα
1507 405 1580 445 νῦν
1604 406 1683 458 μὲν

250 466 482 520 διετέτατο,
501 466 604 520 μετὰ
628 465 768 522 βραχύ
792 469 830 510 δ’
851 470 1264 526 α’μφιπεριειλίσσετο
1282 470 1341 519 εἷς
1358 468 1517 521 ὁλκούς,
1535 463 1684 511 ἄλλοτε

213 533 311 582 5εἰς
334 531 482 586 χάσμα
520 532 764 588 ἀνοιγομένη
810 533 1012 587 στόματος
1043 535 1175 591 φόβον
1214 536 1387 577 ἐνεποίει
1413 541 1498 585 τοῖς
1526 536 1685 587 δεωμέ-

248 611 336 645 νοις
362 594 489 639 οἷονεί
513 596 833 650 καταχάσκουσα
862 600 907 649 ἐξ
938 596 1080 651 ὕψους
1107 601 1188 641 τῶν
1215 597 1407 642 κάτωθεν
1432 603 1505 642 καί
1534 600 1684 656 ἀνδρο-

247 660 352 714 μέου
375 662 598 716 γλιχομένη
626 662 815 714 αἵματος.
871 660 1031 718 ἡμέρας
1058 657 1131 706 οὖν
1151 665 1306 720 ἐκείνης
1337 663 1383 706 τὸ
1410 663 1534 720 μήπω
1562 665 1720 718 Exue-B

246 726 399 780 τρηθὲν
425 726 499 767 καί
541 724 618 780 τήν
651 727 851 768 ἐπιοῦσαν
885 727 1015 770 νύκτα
1041 729 1267 784 διαρκέσας
1290 727 1546 785 η’φάντωται.
1576 727 1680 771 ἄλλά

244 791 319 845 καὶ
343 789 462 844 ἱέραξ
483 793 561 832 τοῦ
586 789 786 846 θηρεύειν
812 791 939 846 έθάς,
967 792 1114 843 λευκὸς
1138 792 1212 849 τὴν
1238 795 1463 847 πτίλωσιν,
1492 793 1591 843 τούς
1609 793 1683 835 πό-

188 871 235 898 ιο
249 855 326 904 δας
354 854 740 910 λωροπεδούμενος,
767 856 872 898 κᾶπί
888 859 1034 907 καλιᾶς
1053 855 1366 914 πτερορρυήσας
1387 858 1583 906 πολλάκις
1611 861 1685 900 καί

245 914 304 962 αὖ
330 918 455 963 πάλιν
481 919 718 976 ἆνηβηκοὸς,
746 917 938 977 ὥρμησεν
966 924 1011 964 ἐκ
1036 924 1109 978 τῆς
1137 925 1192 966 ἕω
1224 923 1327 979 πρὸς
1365 922 1409 965 td
1454 925 1530 965 τοῦ
1560 923 1680 978 λόγου

243 987 435 1040 μέγιστον
475 987 667 1039 τέμενος,
707 986 780 1028 καί
816 987 890 1030 τὸν
920 989 1142 1044 Θωμαΐτην
1182 987 1323 1031 εἰσιών
1351 987 1477 1042 δόμον
1504 988 1682 1038 πολλούς

242 1049 345 1093 κατὰ
373 1052 516 1107 φήμην
541 1049 696 1101 θεατὰς
720 1053 1006 1108 ἐφειλκύσατο.
1037 1050 1140 1109 ἦσαν
1168 1055 1208 1095 δ’
1247 1055 1290 1096 οἳ
1313 1053 1385 1096 καὶ
1409 1056 1681 1107 διετεχνῶντο

242 1119 465 1169 συλλαβεῖν
491 1116 632 1170 αὐτόν.
689 1116 710 1159 ὅ
742 1119 779 1158 δ’
806 1118 965 1160 ἐκεῖθεν
990 1119 1137 1173 α’ρθεὶς
1162 1121 1340 1174 κατέπτη
1369 1118 1473 1174 πρὸς
1499 1117 1544 1161 τὸ
1572 1122 1679 1173 μέγα

184 1181 231 1222 15
243 1183 479 1235 βασίλειον,
518 1183 590 1224 καί
627 1177 713 1224 ἅνω
757 1184 833 1225 τοῦ
870 1182 1093 1238 οἰκήματος
1129 1184 1401 1234 καταπαύσας
1439 1187 1483 1227 ἐν
1524 1179 1557 1242 ᾧ
1584 1183 1680 1234 τούς

242 1246 450 1301 ὑπογυίως
476 1248 552 1289 τοῦ
578 1242 727 1303 ἄρχειν
748 1247 1075 1303 ἐπειλημμένους
1101 1247 1286 1291 εἴθισται
1311 1248 1416 1305 πρὸς
1441 1252 1516 1292 τοῦ
1544 1249 1678 1304 δήμου

239 1311 393 1361 παντὸς
424 1312 760 1368 ἀνευφημεῖσθαι
787 1313 1145 1370 στεφανηφόρους,
1172 1307 1263 1368 μετ’
1293 1317 1346 1356 ου’
1376 1314 1480 1356 πολύ
1511 1314 1678 1357 ἐπάνει-

238 1393 283 1419 σι
309 1374 435 1419 πάλιν
460 1376 565 1432 πρὸς
586 1376 656 1420 τὸν
683 1377 798 1422 νεών.
863 1378 935 1421 καί
965 1377 1040 1435 την
1066 1379 1260 1435 τοιαύτην
1290 1381 1530 1436 περιοδείαν
1556 1391 1672 1435 τρισ-
1688 1389 1715 1423 C

238 1445 324 1492 σῶς
351 1442 601 1493 σταδιεύσας
644 1440 822 1500 ὕστερον
860 1443 975 1499 παρά
1003 1461 1075 1487 του
1107 1445 1341 1501 Ιθηρεύεται
1365 1448 1438 1488 καί
1464 1443 1673 1500 εἰσάγεται

176 1521 226 1548 20
239 1509 296 1565 τῷ
324 1511 503 1561 βασιλεῖ’.
577 1515 664 1559 τοῖς
687 1512 766 1563 μὲν
793 1506 866 1552 οὖν
892 1512 1099 1560 πλείστοις
1123 1513 1289 1564 μέλλειν
1318 1512 1468 1554 αὐτίκα
1491 1511 1674 1567 Ἀνδρο-

237 1576 349 1617 νικον
375 1577 666 1631 συλληφθῆναι
691 1574 900 1627 οἰωνίζετο
921 1576 1088 1618 ἐνθένδε
1116 1578 1189 1618 καί
1206 1575 1324 1627 δίκας
1350 1579 1539 1631 γενναίας
1569 1576 1674 1632 ὖφέ-
1686 1584 1728 1619 V.
1744 1586 1808 1632 ¹34

237 1643 344 1693 ξειν,
372 1639 466 1682 ἐπεὶ
489 1642 560 1682 καί
587 1642 630 1689 ἐς
672 1639 800 1683 αὐτὸν
829 1641 1011 1698 ἔφασκον
1043 1642 1228 1695 α’τεχναῖς
1254 1641 1301 1684 τὸ
1337 1641 1538 1694 οἰώνισμα
1567 1643 1672 1697 ἄφο-

234 1708 336 1760 ρᾶν,
363 1704 601 1755 πλειστάκις
624 1707 895 1763 ἐνειρχθέντα
923 1707 1191 1764 δεσμωτηρίῳ
1219 1706 1293 1749 καί
1316 1705 1359 1749 τὸ
1388 1709 1462 1762 τῆς
1490 1709 1671 1762 κεφαλῆς

325 1830 370 1883 4.⁸
395 1823 488 1875 μετὰ
523 1823 659 1874 βραχῦ]
682 1829 754 1863 νῦν
779 1830 819 1862 A.
939 1842 972 1877 9.
997 1828 1112 1877 ἱέραξ]
1154 1828 1304 1874 ἱεράκιν
1331 1822 1578 1872 κυνηγετικόν
1603 1839 1670 1875 με-

325 1888 371 1910 τα
397 1874 614 1930 ποδόλουηρα
637 1875 787 1931 ἄσπρον
811 1876 847 1908 Β.
918 1919 928 1933 ⁸
966 1879 1017 1911 16.
1044 1880 1112 1911 τοῦ
1129 1876 1234 1957 “exi
1254 1877 1317 1917 τῆς
1345 1875 1462 1922 α’ρΖῆς
1478 1877 1518 1911 A.
1618 1887 1669 1921 ¹7·

326 1931 662 1989 στεφηφορουντας
691 1931 787 1968 μετα
810 1924 931 1970 βραχυ
956 1922 998 1956 Α.
1115 1933 1171 1956 21.
1195 1935 1215 1958 ο
1235 1923 1382 1963 mttere
1408 1933 1465 1956 om
1488 1923 1527 1955 A.

600 1985 627 2010 ,ἢ

233 2035 309 2058 mas
330 2023 474 2065 clades,
500 2035 593 2069 quae
621 2029 834 2059 consecutae
858 2029 963 2067 sunt,
987 2025 1184 2070 portendit,
1210 2031 1320 2071 atque
1343 2026 1460 2070 ipsum
1490 2024 1581 2057 adeo
1594 2023 1670 2058 An-

235 2071 424 2104 dronicum
467 2072 650 2116 expressit.
686 2084 769 2105 nam
806 2078 1010 2117 serpentem
1044 2074 1227 2106 sinuosum
1274 2077 1544 2117 repraesentans
1572 2082 1670 2104 nunc

232 2117 492 2162 porrigebatur,
516 2130 612 2151 nunc
634 2119 672 2151 in
697 2119 808 2164 spirn‘s
833 2130 871 2152 se
892 2119 1106 2163 colligebat,
1129 2131 1225 2152 nunc
1246 2131 1326 2152 cum
1351 2118 1497 2151 horrore
1522 2118 1669 2150 intuen-

232 2165 344 2205 tium,
376 2165 480 2210 quasi
511 2165 698 2198 inferiores
734 2177 778 2198 ex
810 2166 884 2198 alto
917 2165 1150 2199 devoraturus
1190 2171 1284 2199 esset
1310 2164 1459 2197 humani
1484 2163 1668 2207 sanguinis

232 2210 380 2251 avidus,
405 2215 545 2244 vastum
574 2212 703 2244 rictum
722 2212 917 2255 aperiebat.
946 2211 1010 2244 sed
1033 2223 1112 2244 cum
1136 2223 1210 2245 non
1237 2213 1331 2245 ultra
1357 2211 1431 2244 diei
1454 2210 1552 2242 illius
1581 2209 1667 2242 reli-

233 2268 345 2302 quum
370 2262 407 2291 et
430 2262 588 2290 secutam
626 2262 769 2291 noctem
797 2257 980 2299 durasset,
1013 2259 1167 2292 evanuit.
1189 2259 1361 2303 accipiter
1386 2267 1531 2302 quoque
1556 2267 1667 2288 aucu-

232 2304 294 2348 pio
321 2304 558 2344 exercitatus,
583 2304 710 2344 albus,
732 2304 876 2337 vincula
899 2303 1053 2348 pedibus
1081 2310 1245 2348 gestans,
1273 2305 1337 2349 qui
1361 2304 1492 2348 plumis
1514 2303 1552 2334 in
1575 2302 1664 2335 nido

231 2360 341 2394 saepe
367 2351 504 2383 amissis
539 2351 778 2394 repubroerat,
813 2350 858 2383 ab
882 2351 1030 2384 Oriente
1068 2351 1106 2383 in
1136 2351 1249 2383 Verbi
1275 2351 1468 2383 maximum
1490 2349 1666 2392 templum

232 2395 408 2437 tetendit,
444 2408 485 2429 ac
519 2396 780 2430 Thomaiticam
806 2397 931 2430 aedem
965 2398 1143 2441 ingressus
1169 2397 1301 2431 multos
1326 2396 1372 2429 ad
1397 2396 1452 2429 sui
1480 2400 1666 2439 spectacu-

233 2441 308 2474 lum
333 2443 489 2476 attraxit.
514 2448 616 2476 erant
644 2444 751 2476 etiam
776 2445 838 2488 qui
864 2455 945 2476 eum
973 2443 1274 2487 comprehendere
1310 2442 1515 2476 studerent:
1541 2451 1666 2474 verum

233 2488 311 2531 ipse
335 2488 421 2521 inde
443 2490 482 2522 in
503 2500 669 2533 magnum
693 2490 868 2534 palatium
890 2490 1101 2534 pervolavit,
1130 2495 1166 2523 et
1189 2501 1296 2535 super
1323 2501 1366 2522 eo
1396 2487 1557 2522 conclavi
1579 2497 1666 2518 con,-

233 2533 330 2566 sedit
352 2534 392 2567 in
416 2546 487 2579 quo
514 2547 636 2569 recens
665 2537 816 2581 imperio
840 2538 998 2581 potitos,
1029 2535 1233 2569 diademate
1261 2536 1470 2575 redimitos,
1496 2533 1541 2566 ab
1566 2532 1665 2566 omni

232 2579 368 2624 populo
394 2581 568 2614 celebrari
591 2584 700 2615 moris
719 2588 781 2616 est.
805 2583 914 2628 paulo
932 2588 1016 2627 post
1042 2583 1087 2615 ad
1101 2584 1275 2627 templum
1303 2582 1514 2620 revertitur3
1540 2585 1576 2612 et
1595 2578 1665 2610 hoc

233 2625 386 2658 circuitu
412 2631 467 2659 ter
534 2634 633 2669 *racto
656 2629 800 2662 tandem
827 2641 847 2662 a
871 2629 1027 2674 quodam
1064 2635 1188 2673 captus
1215 2629 1261 2661 ad
1286 2630 1534 2673 imperatorem
1562 2627 1665 2656 affer-

234 2676 304 2704 tur.
328 2670 366 2703 id
399 2682 501 2716 auspi
522 2674 599 2707 ‘um
634 2675 780 2720 quidam
807 2676 914 2720 plane
953 2675 1000 2709 ad
1022 2675 1263 2710 Andronicum
1303 2676 1516 2711 referentes,
1542 2671 1603 2715 ‘lui
1627 2676 1664 2702 et

235 2728 442 2764 saepis-*sune
464 2719 502 2753 in
526 2731 700 2756 carcerem
724 2722 904 2756 coniectus
945 2727 980 2756 et
1001 2733 1107 2755 canus
1137 2727 1252 2759 esset,
1278 2733 1358 2754 eum
1386 2719 1507 2754 statim
1528 2727 1661 2764 poenas
