1878 3230
257 189 364 248 382
695 204 920 248 mom-Ae
957 202 1267 248 cnommss

254 309 324 364 ἐφ’
351 301 408 348 ὧν
437 305 480 346 αἱ
509 302 593 351 τοῖς
619 301 806 357 ἡμιόνοις
822 299 1119 356 ἆνατιθέμεναι
1137 300 1491 357 στρωματοθῆκαι
1517 306 1683 347 σκέπον-

255 389 341 424 wc,
369 369 439 412 τὸν
465 370 543 421 μὲν
572 369 616 417 ἒς
642 365 717 423 τήν
743 371 920 423 περαίαν
944 366 973 423 ἢ
998 375 1082 418 τοῖς
1110 368 1324 417 Ἰουδαίοις
1342 369 1401 417 εἷς
1417 366 1555 424 ταφὴν
1581 367 1684 412 a'no-

255 440 447 489 τέτμηται
470 428 645 487 ἄγουσι,
673 432 745 476 τόν
774 434 820 475 δὲ
844 434 1150 489 Μακροδούκαν
1176 432 1279 475 κατά
1311 431 1387 487 τήν
1404 435 1686 487 α’ντίπορθμον

254 503 303 557 τῇ
340 501 446 556 μονῇ
480 501 562 540 τῶν
601 494 846 552 ,Μαγγάνων
884 499 1184 551 ἄποκομίζουσι
1223 497 1394 554 λοφώδη
1435 494 1561 553 ἀκτήν
1570 530 1583 551 ,
1617 497 1691 540 καὶ

257 561 650 615 ἇνασκολοπιζονται
677 561 928 619 ἀμφότεροι.
987 565 1061 606 καί
1084 562 1178 606 τότε
1205 561 1376 618 πρώτως
1403 561 1442 605 οἱ
1463 565 1538 618 τῆς
1564 566 1725 611 Κωνώό

127 634 162 669 Ρ.
183 646 242 680 ¹9⁰
256 630 473 672 σταντίνου
500 632 664 670 πολῖται
691 630 910 670 τεθὲανται
936 627 987 670 τά
1018 629 1090 671 καί
1115 627 1261 677 α’κοαΐς
1290 629 1440 677 αὕταῖς
1469 623 1690 683 δυσπαρά-

256 696 400 746 δεκτα,
429 695 500 736 καί
527 687 586 735 ὧν
611 694 912 749 α’φηγουμένων
937 693 1132 749 πρότερον
1159 691 1282 747 ἐβυον
1299 692 1395 742 τούς
1417 688 1689 742 άκουστικούς

254 759 423 814 πόρους,
450 758 640 814 τηνικάδε
667 764 753 807 τοῖς
782 755 1022 814 ὄφθαλμοῖς
1041 759 1321 812 προκειμένων
1348 755 1689 814 ἀπωλοφύροντο,

253 824 327 867 καί
348 822 393 866 τὸ
425 824 619 880 πραχθὲν
645 822 978 878 ἀναλογιζόμενοι
1007 825 1220 880 α’μηχανιζι
1246 826 1497 878 συνείχοντο,
1527 822 1599 864 καί
1624 824 1690 864 δι-

253 890 361 944 πλῆν
395 888 466 931 ἐπὶ
490 894 577 937 τοῖς
605 888 833 943 γινομένοις
861 890 979 943 δίκην
1005 886 1256 944 ὑφίσταντο·
1310 891 1383 931 καί
1403 890 1484 931 ταῖν
1520 889 1688 944 ξυμφυο
1705 906 1752 932 ιο

253 956 381 997 λετῶν
409 952 492 1009 γάρ
521 954 734 1007 ἐδάμαζον
755 951 914 1002 αὕτούς
949 952 1004 995 τὰ
1031 953 1287 1008 παθήματα,
1331 955 1404 996 καί
1438 954 1498 1002 εἷς
1534 951 1690 1003 αὕτούς

254 1018 352 1063 ὅσον
371 1014 490 1060 οὔπω
518 1018 820 1075 προσπελάζειν
838 1015 906 1061 τὸν
925 1018 1112 1062 κίνδυνον
1139 1016 1446 1075 φανταζόμενοι
1469 1020 1689 1073 χρονιωτέ-

255 1100 335 1140 ραν
362 1080 474 1138 εἶχον
509 1082 583 1139 τὴν
611 1083 793 1137 βάσανον
818 1085 900 1125 τῶν
928 1084 973 1125 ἐν
1001 1086 1146 1137 μέσοις
1175 1079 1255 1139 ἤδη
1295 1085 1572 1137 ἐνσχεθέντων
1601 1089 1688 1132 τοῖς

254 1151 490 1203 α’χθεινοΐς,
529 1151 626 1190 καθ’
660 1145 758 1190 ὅσον
791 1148 830 1190 οἱ
859 1151 937 1202 μὲν
965 1151 1037 1203 τῆς
1068 1151 1247 1204 πονηρᾶς
1283 1149 1450 1197 ἐλπίδος
1484 1146 1690 1203 ὗπέληγον

254 1211 336 1270 ἤδη
366 1217 440 1257 τοῦ
469 1215 599 1255 κακοῦ
626 1211 865 1262 ἐπιστάντος
893 1212 918 1254 ὃ
947 1212 1078 1256 πάλαι
1094 1212 1198 1255 κατὰ
1233 1215 1329 1255 νοῦν
1357 1211 1573 1270 ἔστρεφον,
1602 1219 1754 1263 τοΐςέό

259 1281 305 1322 δὲ
331 1278 377 1322 τὸ
407 1280 589 1334 προορᾶν
615 1279 682 1320 αἐἰ
707 1277 753 1319 τό
785 1276 921 1320 δεινόν
947 1280 1021 1321 καί
1056 1277 1103 1320 τὸ
1150 1277 1314 1320 οἴεσθαι
1349 1278 1393 1321 τὸ
1440 1281 1591 1332 μέλλον
1631 1279 1690 1329 ὥς

255 1343 441 1402 ἐφεστώς
469 1345 540 1385 καί
563 1341 708 1391 νυκτὸς
734 1339 889 1399 ἆφῂρει
919 1340 992 1385 τόν
1021 1340 1149 1385 ’ὕπνον
1180 1343 1252 1386 καί
1270 1343 1428 1398 ἡμέρας
1454 1345 1578 1386 πλέον
1606 1343 1691 1398 μά·-

219 1423 395 1465 Βστιγος
426 1409 561 1464 πάσης
590 1407 800 1461 ἐμυώπιζε
828 1408 900 1464 τήν
938 1409 1186 1464 συνείδησιν.
1245 1411 1316 1451 καί
1350 1407 1395 1451 τὸ
1427 1409 1689 1462 καινότατον,

259 1476 310 1518 οὔ
354 1473 480 1528 μόνον
509 1475 622 1516 ταῦτ’
665 1473 848 1527 ἔπασχον
893 1472 1040 1516 ὁπόσοι
1078 1472 1124 1515 τό
1166 1471 1283 1515 ἔνδον
1325 1475 1534 1530 κριτήριον
1576 1471 1690 1529 εἶχον

260 1542 520 1596 ὖποθρᾶττον
549 1536 604 1588 ὦς
633 1541 707 1580 οὐκ
735 1538 876 1591 ἀγαθά
902 1540 960 1596 τῷ
986 1539 1242 1595 Ἀνδρονίκῳ
1271 1532 1461 1592 εὔχονται
1490 1540 1563 1581 καί
1588 1543 1689 1594 βου·
1701 1555 1754 1584 20

256 1606 470 1658 λεύονται,
502 1600 609 1646 ἀλλὰ
642 1605 714 1645 καί
740 1599 802 1653 οἷς
829 1604 978 1652 ἐκεῖνος
1004 1605 1242 1658 προσέκειτο
1270 1605 1344 1646 καί
1373 1603 1448 1646 ciet
1468 1619 1580 1653 τινος
1615 1620 1689 1658 με-

256 1672 422 1714 τεδίδου
450 1671 663 1724 χρηστοῦ·
721 1668 766 1711 τὸ
794 1666 875 1723 γάρ
897 1670 940 1717 ἐς
970 1665 1082 1710 ἅπαν
1110 1665 1279 1711 ἄπιστον
1305 1663 1409 1723 ἦθος
1434 1670 1507 1712 κἀἰ
1531 1668 1579 1712 τό
1617 1671 1689 1726 τῆς

256 1737 426 1791 γνώμης
457 1737 714 1788 παλίμβολον
761 1731 1054 1790 ὑφορώμενοι,
1091 1732 1153 1776 ἔτι
1192 1735 1239 1776 δὲ
1282 1732 1327 1776 τό
1373 1731 1479 1790 πρὸς
1519 1732 1689 1779 κόλασιν

348 1853 380 1876 2·
405 1839 623 1893 ἀφώρισται
645 1839 684 1872 A.
791 1839 828 1874 8.
851 1837 1046 1881 τηνικαῦτα
1070 1839 1110 1871 Α.
1237 1836 1476 1887 ὠλοφύροντο
1499 1841 1540 1873 Α.
1638 1844 1689 1878 18.

348 1889 412 1920 καὶ
435 1885 491 1932 το]
517 1882 558 1920 τὸ
583 1885 622 1920 δὲ
650 1886 689 1918 A.
797 1894 852 1917 22.
876 1879 951 1931 γάρ
979 1884 1150 1932 ἐμβριθὲς
1173 1879 1263 1928 ἦθος
1297 1886 1338 1921 Α.
1432 1889 1486 1922 23.
1510 1888 1689 1934 παλίμβο-

348 1931 427 1980 λον]
453 1932 706 1979 δυσμείλικτον
728 1931 768 1964 A.

258 2010 464 2046 miserabile
501 2014 538 2043 et
578 2008 791 2042 incredibile
832 2008 1087 2055 spectaculum)
1114 2008 1254 2054 lapides
1284 2010 1322 2042 in
1346 2009 1520 2042 tumulum
1541 2020 1687 2055 exurge-

260 2063 349 2091 rent.
377 2058 403 2089 ii
422 2068 506 2091 vero
534 2056 666 2101 quibus
692 2055 730 2088 id
755 2065 884 2088 munus
912 2055 1035 2088 datum
1062 2060 1148 2096 erat,
1173 2066 1234 2089 eos
1261 2055 1378 2088 adhuc
1401 2056 1576 2100 spirantes
1602 2057 1689 2090 sub-

261 2105 376 2144 latos,
402 2110 439 2135 et
471 2102 655 2147 tapetibus
688 2099 819 2147 quibus
853 2102 1014 2134 sarcinae
1047 2102 1224 2134 mulorum
1248 2103 1321 2146 tegi
1346 2102 1464 2135 solent
1487 2103 1688 2145 involutos,

259 2151 395 2184 Ducam
418 2150 456 2182 in
493 2148 707 2181 Iudaeorum
743 2149 1021 2189 coemeterium,
1058 2147 1307 2181 Macroducam
1335 2149 1374 2181 in
1399 2149 1501 2182 littus
1526 2148 1658 2183 editius
1675 2175 1688 2191 ,

260 2196 358 2241 quod
384 2200 438 2227 est
465 2204 483 2226 e
508 2195 652 2238 regione
676 2194 859 2237 Manganii
881 2194 1107 2234 monasterii,
1132 2195 1387 2236 transvehunt,
1414 2200 1522 2240 atque
1549 2201 1688 2228 utrum-

259 2253 330 2287 que
353 2241 445 2286 palis
471 2240 624 2284 affigunt.
651 2251 691 2272 ac
715 2245 790 2273 tum
817 2241 971 2284 primum
1003 2240 1185 2284 Cpolitani
1211 2251 1251 2273 ea
1277 2252 1356 2273 cum
1385 2241 1482 2273 luctu
1507 2241 1687 2282 viderunt,

259 2300 281 2320 a
309 2298 461 2333 quorum
490 2286 826 2319 commemoratione
851 2287 949 2331 prius
978 2297 1081 2319 aures
1105 2286 1371 2327 abhorrebant;
1400 2291 1508 2330 atque
1532 2286 1571 2319 id
1598 2287 1688 2321 faci-

259 2346 327 2368 nus
360 2337 587 2378 reputanteS,
622 2333 786 2365 attonitis
823 2332 976 2372 similes,
1004 2342 1075 2376 quo
1108 2343 1145 2365 se
1167 2337 1346 2365 verterent
1368 2332 1596 2374 nesciebant,
1620 2333 1688 2367 (lu-

259 2381 370 2425 plices
395 2389 528 2424 poenas
563 2378 714 2411 luentes.
749 2389 831 2411 nam
870 2384 906 2411 et
929 2375 1155 2422 popularium
1190 2378 1391 2411 calamitate
1426 2378 1687 2423 movebantur5

261 2432 298 2459 et
321 2426 407 2471 quia
441 2424 537 2457 idem
570 2425 769 2468 periculum
806 2424 948 2457 iamiam
976 2423 1046 2456 sibi
1087 2434 1231 2468 quoque
1270 2424 1455 2456 imminere
1487 2426 1688 2470 putabant,

260 2473 420 2516 longiore
448 2470 607 2503 cruciatu
646 2469 890 2503 afficiebantur
914 2479 1019 2514 quam
1057 2469 1083 2500 ii
1107 2469 1171 2514 qui
1195 2470 1265 2502 iam
1289 2471 1328 2502 in
1349 2469 1478 2504 mediis
1499 2473 1688 2506 tormentis

261 2524 372 2552 erant.
397 2528 478 2551 nam
510 2516 550 2548 hi
585 2515 730 2561 quidem
756 2517 850 2548 mala
873 2516 999 2548 timere
1042 2514 1239 2555 desierant,
1263 2517 1422 2560 oppressi
1445 2518 1561 2558 malo,
1589 2518 1688 2564 quod

260 2566 397 2598 animus
435 2562 573 2608 pridem
609 2561 867 2606 augurabatur:
902 2561 957 2593 illi
995 2571 1104 2602 vern,
1128 2562 1213 2607 quia
1246 2563 1378 2595 malum
1419 2564 1573 2597 subinde
1603 2575 1688 2610 pro-

258 2611 447 2651 videbant,
483 2614 520 2642 et
559 2608 680 2641 futura
721 2613 891 2653 tanquam
938 2607 1141 2651 praesentia
1192 2607 1405 2650 cernebant,
1450 2620 1568 2655 neque
1619 2621 1687 2643 no—

259 2663 319 2690 ctu
362 2666 522 2690 somnum
562 2665 688 2700 capere
727 2665 794 2687 nec
830 2653 990 2687 interdiu
1034 2653 1165 2698 quietis
1201 2654 1328 2687 animis
1375 2666 1452 2689 esse
1493 2661 1688 2701 poterant,

260 2702 501 2736 conscientiae
545 2701 647 2746 quasi
693 2699 843 2744 flagellis
889 2698 1092 2733 excruciati.
1134 2711 1253 2745 neque
1299 2712 1382 2733 vero
1427 2701 1455 2734 ii
1489 2702 1601 2735 solum
1634 2703 1687 2734 sic

261 2749 377 2783 affecti
405 2753 527 2789 erant,
553 2747 615 2793 qui
649 2747 758 2781 animi
797 2756 920 2792 parum
969 2745 1073 2780 amici
1112 2756 1191 2791 erga
1221 2746 1463 2783 Andronicum
1487 2748 1557 2782 sibi
1585 2754 1685 2782 erant
