1838 3210
448 201 520 241 m:
562 200 815 242 MANUELE
854 199 1256 243 coMNENo.L113.
1305 201 1377 240 111.
1519 180 1618 253 ¹37

187 301 268 340 ταῖν
299 299 495 342 ἐναντίων
512 297 760 357 ὑπερφέρων
778 298 882 354 πολὺ
911 301 984 341 καί
1006 295 1104 341 ὅσον
1130 297 1174 341 αἱ
1201 294 1342 353 ἄλογοι
1367 296 1518 353 φύσεις
1541 298 1624 339 τῶν

186 366 359 418 λογικῶν
387 362 597 420 ἥττηνται,
627 363 735 407 ὥστε
761 364 835 405 καὶ
858 365 1027 417 συμβὰν
1055 361 1164 406 οῧτω
1190 362 1385 413 πολλάκις
1411 365 1625 419 προσπλα-

185 430 271 478 κείς
307 431 512 485 ἐτρέψατο
545 429 715 478 τούτους
732 461 745 481 ,
788 427 842 470 τά
873 431 1030 484 φίλτρα
1054 431 1130 484 τῆς
1160 430 1368 479 Εὕδοκιάς
1392 431 1519 483 γέρας
1547 429 1626 481 ‹2¹9-

185 494 370 548 νύμενος.
426 490 477 549 ἦν
506 497 541 536 δ’
563 492 628 537 ὅτε·
655 496 727 536 καί
754 492 884 543 αὐτὸς
909 497 987 547 μὲν
1008 493 1078 536 ἐπὶ
1102 498 1255 550 σκηνῆς
1272 497 1325 551 τῇ
1354 497 1522 549 γυναικί
1551 510 1625 534 κα-

150 558 239 602 5τά
274 562 540 614 Πελαγονιάν
585 560 876 612 συνεπλέκετο,
917 558 955 601 οἱ
987 562 1034 601 δὲ
1073 563 1171 602 καθ’
1217 557 1324 613 αἷμα
1363 563 1412 616 τῇ
1439 560 1664 615 Εὕδοκίᾳο

184 625 471 680 προσήκοντες,
501 626 767 680 περιστάντες
793 623 869 680 τήν
896 623 1047 680 σκηνήν
1073 625 1129 674 ὥς
1159 627 1280 667 τοῦτο
1309 624 1527 683 ἔγνωσαν,
1546 640 1624 677 με-

184 687 236 730 τὰ
264 692 431 744 συχνῶν
472 680 718 745 ὁπλοφόρων
761 690 939 745 ἐτήρουν
975 688 1054 744 τήν
1077 688 1220 741 ἔξοδον
1246 690 1304 739 ὥς
1333 687 1482 732 αὖτίκα
1509 691 1627 744 μάλα

182 755 327 796 τοῦτον
360 753 727 808 διαχειρισάμενοι.
786 755 876 796 ἀλλ’
905 754 980 796 ου’κ
1000 753 1129 797 ἔλαθε
1153 756 1292 797 ταῦτα
1315 754 1394 809 τήν
1416 756 1628 798 Εὕδοκίαν

181 820 328 874 καίπερ
368 821 437 875 ἐφ’
462 816 620 874 ἑτέροις
653 818 723 861 τὸν
749 822 849 862 νοῦν
873 819 1081 873 ἔχουσαν,
1110 819 1193 862 εἴτε
1220 821 1518 874 διαγγελθέντα
1547 837 1627 862 πα-

124 898 171 925 10
183 885 237 940 ρά
263 901 336 928 του
385 888 469 928 τῶν
495 887 542 927 ἐκ
564 888 642 927 τοῦ
669 888 813 940 γένους
849 885 980 943 ἐκείνῃ
990 918 1003 939 ,
1033 884 1113 928 εἴθ’
1141 883 1291 940 ἑτέρως
1318 885 1392 928 τὸν
1420 884 1522 927 κατά
1552 889 1627 927 τοῦ

182 953 376 1007 φθορέως
408 948 540 1006 αὖτῆς
566 949 692 1005 λόχον
718 955 992 1007 γνωρίσασα·
1050 947 1104 1006 ἦν
1130 950 1208 1007 γὰρ
1240 951 1409 1008 κάκείνῃ
1442 950 1628 1005 δραστή-

181 1030 273 1070 ριον
300 1014 345 1058 τὸ
374 1022 564 1073 φρονεῖν,
594 1017 794 1068 οὐμενοῦν
834 1015 939 1059 κατὰ
966 1021 1168 1072 γυναῖκας
1195 1014 1427 1074 πλουτούσῃ
1452 1015 1525 1071 τὴν
1551 1016 1628 1057 σύ-

180 1096 307 1123 νεσιν.
384 1083 594 1137 διασαφεῖ
621 1084 761 1124 τοίνυν
805 1085 864 1138 τῷ
886 1082 1136 1139 Ἀνδρονίκῳ
1164 1083 1524 1139 συγκατακειμένῳ
1553 1080 1630 1135 τήν

181 1145 421 1201 ἐπιβουλήν.
467 1144 490 1189 ὃ
523 1148 570 1188 δὲ
599 1147 872 1202 διαθροηθείς
902 1149 975 1189 ε’πί
994 1149 1102 1204 τῷδε
1128 1148 1184 1204 τῷ
1211 1145 1370 1202 ῥήματι
1409 1148 1630 1201 ἑξανέθορέ

123 1205 227 1252 15η
253 1208 406 1254 αὐτίκα
435 1215 509 1268 τῆς
538 1213 698 1268 κλίνης,
724 1212 798 1254 καὶ
821 1212 897 1268 τὴν
926 1212 1106 1268 ἐπιμήκη
1125 1214 1439 1266 διαζωσάμενος
1467 1213 1630 1265 μα’χαι-

181 1293 260 1332 ραν
287 1279 541 1320 διεσκοπεῖτο
568 1276 613 1320 τὸ
642 1275 888 1333 ποιητέον.ἧ
920 1281 999 1330 μὲν
1030 1273 1104 1320 οὖν
1132 1278 1328 1320 ὑπετίθει
1355 1281 1415 1336 τῷ
1434 1279 1627 1335 ἐρωμένῳ

178 1345 416 1396 γυναικείαν
440 1341 647 1386 ὑποδῦναι
672 1344 841 1399 στολήν,
883 1344 960 1385 κιίν
978 1346 1036 1402 τῷ
1055 1340 1241 1395 ἐπιτάξαι
1266 1341 1396 1398 αὐτήν
1427 1359 1509 1385 τινι
1545 1346 1668 1386 τῶνι)

179 1410 405 1462 προκοίτων
433 1411 506 1451 καί
529 1411 865 1464 κατευναστριαῖν
893 1411 1101 1463 γυναικῶν
1129 1411 1355 1464 λαμπτῆρα
1384 1411 1626 1463 εἰσενεγκεῖν

179 1475 231 1530 τῇ
276 1476 431 1531 σκηνῇ,
473 1473 580 1529 πρὸς
634 1469 767 1527 ὄνομα
811 1476 1071 1528 καλέσασαν,
1113 1476 1185 1517 καὶ
1210 1469 1342 1524 οὕτως
1370 1476 1430 1523 εἷς
1456 1473 1625 1525 ἐξάκου-

117 1553 168 1578 20
180 1554 278 1580 στον
302 1539 359 1587 ὥς
385 1545 473 1588 τοῖς
498 1541 703 1593 ἐλλοχῶσι
736 1538 813 1595 τήν
838 1541 990 1595 ταύτης
1018 1541 1278 1595 ε’νηχηθῆναι
1307 1538 1471 1596 φωνήν,
1502 1541 1623 1582 εὐθέν

180 1619 237 1653 ως
263 1605 446 1655 ἐξελθεῖν
484 1604 556 1646 καί
583 1609 743 1647 λαθεῖν.
798 1608 855 1662 τῷ
897 1607 944 1648 δὲ
973 1605 1051 1647 οῦκ
1078 1602 1252 1662 ἤρεσκεν
1279 1603 1306 1660 ἦ
1335 1607 1622 1661 παραίφασις,

180 1671 460 1728 ἐκτρεπομένῳ
501 1673 580 1723 μὲν
624 1673 698 1712 καί
727 1669 775 1712 τὸ
817 1671 976 1713 ἁλῶναι
1002 1670 1108 1712 κοῖπί
1133 1670 1204 1713 τὸν
1234 1672 1411 1724 βασιλέα
1438 1670 1623 1713 ἐπισπώ-

179 1749 302 1786 μενον
334 1735 406 1788 τῆς
434 1732 563 1790 κόμης
609 1732 788 1790 ἄγεσθαι
820 1738 1023 1790 α’γενναῖς,
1050 1735 1124 1778 καί
1146 1734 1329 1777 θάνατον
1358 1738 1404 1794 ‹532-
1436 1733 1516 1790 οὐχ
1548 1732 1622 1791 ἦτ-

272 1841 304 1881 4.
328 1840 476 1887 σκηνῆς]
502 1841 629 1878 τέντας
656 1843 693 1873 Β.
788 1843 818 1876 5.
846 1839 1107 1888 συνεπλέκετο]
1137 1842 1451 1886 συγκατεκλίνετο
1464 1844 1504 1875 A.
1571 1854 1620 1877 ιο.

274 1888 348 1919 εἴτε
383 1890 472 1932 περὶ
508 1891 577 1921 τοῦ
612 1889 789 1933 φθορέως
825 1888 940 1929 αὐτῆς
977 1888 1242 1933 ἔγρηγοροῡσα
1266 1889 1303 1921 Β.
1403 1899 1453 1922 ιι.
1489 1889 1620 1922 rectius

270 1936 527 1978 γνωρίσασαν.
604 1935 655 1975 14.
685 1933 947 1981 διαθροηθεὶς]
974 1933 1242 1979 διαταραχθεὶς
1266 1935 1306 1968 A.
1391 1938 1439 1970 15.
1464 1937 1527 1968 καὶ
1554 1933 1621 1977 τὴν

270 1981 328 2013 ἐπ.
371 1982 434 2012 καὶ
462 1977 530 2020 τὴν
557 1980 676 2014 αὑτοῦ
697 1981 849 2022 σπάθην
863 1981 1170 2027 περιζωσάμενος
1191 1982 1229 2014 B.
1298 1992 1354 2015 21.
1378 1981 1400 2023 ἤ
1424 1983 1620 2027 παραίφα-

271 2034 330 2062 σις
374 2025 394 2067 ἦ
416 2021 526 2070 βουλὴ
543 2027 582 2058 A.
693 2030 750 2062 23.
776 2027 959 2074 θάνατον]
983 2028 1102 2062 πλέον
1126 2027 1202 2073 εἶχε
1237 2026 1407 2063 θανάτου
1439 2030 1551 2062 τοῦτο
1573 2027 1614 2062 τὸ

268 2065 362 2118 μετὰ
378 2074 600 2118 γυναικείας
622 2073 850 2118 εἰσαχθῆναι
877 2075 1012 2115 στολῆς
1033 2074 1070 2106 Β.

177 2165 257 2202 tus,
285 2165 361 2194 tum
385 2161 530 2205 ingenio
557 2162 663 2208 longe
691 2163 856 2208 superior
879 2163 1113 2204 adversariis,
1138 2167 1180 2196 ut
1202 2173 1287 2207 prae
1311 2162 1376 2195 ino
1401 2163 1530 2196 brutae
1556 2174 1621 2209 pe..

177 2207 287 2240 eudes
315 2207 442 2241 haberi
482 2215 639 2253 possent.
667 2221 802 2255 eosque
826 2221 934 2255 saepe
966 2210 1035 2243 vim
1058 2210 1254 2242 inferentes
1278 2209 1533 2255 propulsabat,
1557 2222 1622 2256 pe-

178 2254 293 2286 ricula
325 2255 390 2287 illa
424 2255 605 2288 Eudociae
638 2267 758 2289 amore
793 2256 937 2290 abunde
961 2261 1112 2301 pensata
1145 2262 1253 2289 ratus.
1279 2256 1412 2289 accidit
1436 2262 1556 2290 autem
1582 2263 1625 2291 ut

176 2312 259 2333 cum
285 2300 331 2333 ad
364 2301 589 2345 Pelagoniam
623 2302 661 2336 in
686 2303 921 2336 tabernaculo
956 2303 1117 2335 mulieris
1142 2302 1368 2347 amplexibus
1396 2302 1623 2348 indulgeret,

179 2347 361 2380 Eudociae
385 2349 526 2392 cognati
550 2360 630 2382 cum
652 2350 776 2382 multis
790 2350 935 2383 armatis
960 2350 1038 2382 eius
1064 2350 1198 2382 exitum
1214 2349 1446 2386 observarent
1469 2350 1516 2383 ad
1540 2361 1622 2383 cae-

180 2392 261 2426 dem
285 2395 415 2439 parati.
439 2394 502 2428 sed
529 2405 571 2427 ea
585 2406 640 2429 res
665 2396 861 2429 Eudociam
886 2408 960 2429 non
984 2396 1119 2429 fefellit
1146 2407 1352 2441 quanquam
1380 2396 1461 2429 aliis
1485 2397 1621 2441 cogita-

178 2439 340 2473 tionibus
363 2441 541 2474 intentam
556 2467 566 2482 ,
590 2442 664 2475 sive
692 2455 712 2475 a
739 2448 971 2488 cognatorum
996 2443 1119 2488 aliquo
1143 2443 1281 2475 monita
1312 2443 1385 2476 sive
1409 2443 1481 2475 alia
1509 2444 1622 2476 ratio-

179 2495 227 2517 ne
250 2486 399 2520 insidias
427 2487 576 2520 odorata
602 2488 724 2529 fuerit,
749 2491 885 2535 quippe
912 2495 950 2522 et
973 2490 1050 2534 ipsa
1075 2489 1146 2522 acri
1170 2489 1315 2532 ingenio
1343 2494 1379 2522 et
1403 2489 1485 2534 plus
1511 2501 1618 2534 quam

180 2532 350 2565 muliebri
385 2533 577 2578 prudentia
597 2535 783 2569 instructa.
814 2535 964 2569 insidias
988 2536 1098 2580 igitur
1122 2535 1311 2568 accubanti
1335 2535 1540 2569 Andronico
1564 2537 1620 2568 in-

182 2576 290 2610 dicat.
318 2587 390 2623 quo
414 2580 524 2613 verbo
550 2581 614 2614 ille
639 2582 814 2616 excitatus
842 2593 861 2615 e
887 2583 981 2615 lecto
1009 2583 1131 2623 exilit,
1157 2587 1194 2615 et,
1216 2582 1412 2626 praelongo
1440 2583 1621 2615 accinctus

181 2622 302 2666 gladio
332 2625 421 2678 quid
457 2627 632 2672 agendum
673 2634 767 2661 esset
802 2628 991 2662 deliberat.
1023 2629 1154 2661 mulier
1191 2639 1276 2661 vero
1302 2629 1406 2661 illum
1429 2633 1554 2661 monet
1582 2633 1622 2661 ut

181 2669 352 2702 muliebn
375 2677 475 2706 veste
500 2673 667 2715 indutus,
693 2675 798 2707 simul
819 2687 859 2708 ac
875 2675 953 2720 ipsa
978 2675 1238 2708 cubiculariam
1257 2675 1352 2707 clara
1376 2685 1462 2708 voce
1476 2699 1485 2714 ,
1510 2679 1550 2707 ut
1572 2674 1618 2707 ab

182 2715 455 2751 insidiatoribus
479 2721 588 2754 etiam
621 2721 810 2763 audiatur,
837 2722 1018 2754 lucernam
1046 2722 1178 2754 inferre
1203 2721 1360 2760 iusserit,
1383 2721 1504 2754 statim
1529 2720 1620 2753 clam

182 2761 395 2805 egrediatur.
430 2763 493 2797 sed
531 2765 569 2799 id
594 2767 784 2801 consilium
808 2769 884 2802 viro
907 2768 993 2802 forti
1019 2778 1091 2801 non
1115 2767 1304 2813 placebat,
1329 2777 1374 2800 ne
1405 2772 1530 2812 captus
1557 2766 1621 2800 ‹le-
