1838 3210
593 181 864 224 ionANNEs
906 180 1212 224 commus.
1534 161 1602 217 61

164 286 316 338 γεσθαι
345 278 591 336 ἅνθρωποι,
621 279 694 323 τὸν
725 278 939 334 Μανουῆλ
967 281 1011 328 ἐς
1040 281 1218 332 βασιλέα
1245 276 1347 320 κατά
1381 276 1477 321 τόδε
1507 287 1652 335 προ-1)

167 351 353 403 κέκρικα.
425 350 604 399 δέξασθε
639 348 780 390 τοίνυν
817 343 890 387 τὸν
933 345 1116 401 μείρακα
1152 345 1227 387 καί
1271 344 1328 394 ὥς
1361 344 1612 400 θεόχριστον

169 410 331 456 ἄνακτα
373 416 446 456 καί
484 412 542 462 ὥς
572 413 626 454 δι’
661 411 953 466 ἓπιψηφισεως
989 412 1095 465 ἐμῆς
1120 408 1413 464 βασιλεύοντα.
1468 407 1535 452 ὅτι
1566 411 1614 452 δὲ

171 479 245 522 καί
269 478 370 530 θεὸς
397 477 527 521 αὐτὸν
546 478 608 527 εἷς
632 477 810 530 βασιλέα
838 475 1079 530 προκέκρικε
1106 477 1180 516 καί
1203 474 1441 531 προώρισε,
1467 475 1617 529 τεκμή-

135 552 263 601 5ριον
293 545 337 587 αἱ
362 545 514 586 πολλαί
539 540 792 597 προρρήσεις
818 538 890 581 καί
906 538 956 581 τὰ
981 542 1063 582 τῶν
1089 542 1305 595 θεοφιλῶν
1325 540 1493 596 ἀνδρῶν
1510 555 1618 596 προ-

171 613 463 664 θεσπίσματα,
495 606 525 650 ἃ
555 607 692 649 πάντα
720 607 896 660 βασιλέα
918 604 1142 657 Ῥωμαίων
1167 604 1239 646 τὸν
1269 603 1484 660 ΙΙΙανουὴλ
1513 620 1619 661 προ-

172 674 456 731 κατήγγελλον.
482 672 529 716 τὸ
563 674 609 715 δὲ
641 673 715 713 καί
738 669 839 720 τούς
867 673 965 724 παρ’
998 672 1106 723 ἐμοῦ
1131 673 1437 726 προκριθέντας
1470 669 1620 724 πρότε-

173 758 247 798 ρον
285 744 346 791 εἰς
371 740 416 784 τὸ
447 735 597 795 ἄρχειν
622 738 741 788 υἱέας
765 752 841 791 μοι
883 738 1150 792 τεθνηκέναι,
1180 736 1350 778 α’πεῖναι
1377 738 1423 779 δὲ
1451 735 1524 779 καί
1547 735 1621 779 τὸν

172 805 278 849 κατὰ
318 809 481 861 γένεσιν
523 807 616 858 μετ’
660 804 842 852 ἐκείνους
887 803 948 851 εἶς
983 800 1059 857 τὴν
1104 804 1323 855 βασιλείαν
1361 802 1620 855 καλούμενον

113 869 401 923 ιοἿσαάκιον,
431 872 517 913 ποῦ’
542 869 667 925 θήσει
692 885 779 923 teg-3
818 863 847 923 ἢ
873 867 1039 916 πάντως
1068 865 1143 908 καὶ
1168 869 1303 909 ταῦτα
1331 865 1527 920 σύμβολα
1559 865 1620 909 εἶ’-

173 954 323 992 ποιμεν
349 933 403 979 ἂν
430 937 715 992 ἐναργέστατα
755 935 831 975 τοῦ
856 931 931 975 τὸν
955 930 1059 974 θεὸν
1086 927 1170 986 οὔχ
1196 933 1336 986 ἕτερον
1362 931 1615 986 βούλεσθαι,

173 1003 246 1047 τὸν
275 1005 323 1046 δὲ
350 1000 565 1057 Μανουὴλ
603 999 656 1043 τὰ
698 1001 889 1055 σκῆπτρα
925 997 1142 1051 Ῥωμαίων
1167 998 1450 1053 χειρίζεσθαι.
1505 999 1547 1041 εἰ
1571 1000 1618 1041 δέ
1630 1004 1719 1040 Ρ.3ι

173 1085 239 1119 τις
286 1070 426 1112 ἐθέλει
464 1071 656 1119 σκοπεῖν,
705 1066 795 1107 οόδ’
833 1066 909 1117 ἐμὲ
959 1061 1035 1105 τὸν
1061 1065 1225 1118 πατέρα
1254 1059 1456 1116 ἐπόψεται
1485 1065 1622 1121 δῶρον

174 1134 417 1178 παντάπασι
442 1135 501 1190 τῷ
523 1133 647 1174 παιδί
670 1130 745 1186 τήν
770 1127 988 1183 βασιλείαν
1013 1126 1276 1183 βραβεύοντα
1297 1130 1370 1171 καί
1399 1131 1452 1186 τῇ
1479 1130 1624 1171 διαδο-

115 1211 163 1253 15
176 1203 234 1259 χῇ
263 1203 344 1244 τοῦ
364 1201 509 1255 γένους
535 1196 582 1240 τὸ
618 1193 715 1238 ὅλον
735 1196 1036 1251 προσρέποντα,
1067 1192 1176 1235 ἀλλὰ
1203 1196 1278 1236 καί
1304 1189 1440 1236 ἆθλον
1471 1195 1625 1251 α’ρετῆς

174 1267 250 1324 τὴν
276 1267 536 1322 προχείρισιν
565 1263 677 1320 αὐτῷ
707 1258 1009 1318 παρεχόμενον.
1066 1258 1157 1303 ἴστε
1186 1258 1268 1315 γάρ
1285 1291 1299 1314 ,
1324 1257 1415 1303 ἴστε
1444 1257 1522 1303 ὅσα
1550 1262 1625 1304 καὶ

174 1335 276 1388 παρ’
292 1331 457 1388 ἡλικίαν
476 1331 521 1372 ἐν
540 1329 851 1384 Νεοκαισαρείᾳ
867 1327 1101 1382 ἠρίστευσε,
1122 1323 1196 1367 καὶ
1213 1323 1287 1380 τήν
1312 1324 1417 1368 κατὰ
1435 1328 1622 1383 Περσῶν

175 1400 334 1453 ἐκείνην
361 1397 553 1452 γενναίαν
574 1390 771 1448 ἐμβολήν,
795 1393 849 1434 δι’
871 1390 921 1446 ἣν
941 1390 965 1432 ὅ
985 1391 1064 1444 μὲν
1092 1388 1232 1447 πατὴρ
1261 1389 1387 1445 ἔγωγε
1414 1391 1621 1445 ἠγωνίων,

173 1464 275 1520 περὶ
297 1465 356 1520 τῷ
383 1460 568 1519 φιλτάτῳ
612 1459 738 1501 παιδὶ
760 1456 813 1500 τὰ
841 1459 1018 1512 μέγιστα
1046 1453 1222 1510 δεδιώς,
1249 1454 1301 1498 τὰ
1333 1457 1381 1498 δὲ
1400 1456 1624 1510 Ῥωμαίων

113 1549 165 1577 20
177 1525 426 1585 ἆνερριόσθη
461 1522 730 1581 πράγματα.”
811 1524 950 1566 ταῦτα
993 1519 1016 1563 ὅ
1060 1523 1141 1575 μὲν
1189 1521 1393 1574 βασιλευς
1430 1521 1624 1576 Ἰωάννης

177 1596 409 1651 ἐφθέγξατο
428 1609 438 1620 ·
497 1592 523 1647 ἦ
569 1592 606 1633 δ’
634 1587 830 1644 ἐκκλησία
856 1584 1151 1630 έπικωκύσασα
1179 1591 1266 1636 τοῖς
1292 1588 1527 1642 εἰρημένοις
1552 1586 1624 1628 τὸν

177 1659 391 1715 Μανουὴλ
430 1655 536 1700 uiuet*
560 1654 776 1711 κληρωτὸν
816 1652 897 1697 εἴτε
923 1654 998 1696 καί
1022 1652 1315 1708 χειροτονητόν
1345 1653 1534 1706 ἀσμένως
1565 1654 1626 1701 εἰς

177 1724 397 1780 βασιλείαν
420 1725 603 1775 ἐδέξατο.
622 1721 768 1764 ἔπειτα
791 1720 868 1762 τὸν
895 1718 1017 1774 λόγον
1043 1718 1149 1774 πρὸς
1174 1718 1247 1761 τὸν
1274 1721 1406 1760 παῖδα
1433 1733 1627 1773 μετενεγ-

180 1790 264 1833 κών
302 1790 324 1832 ὅ
363 1787 502 1844 πατήρ
521 1821 534 1842 ,
580 1786 655 1830 καὶ
682 1783 817 1843 τούτῳ
857 1785 1120 1841 παραινέσας
1145 1782 1197 1826 τᾶ
1227 1782 1455 1840 σύμφορα,
1488 1785 1665 1842 ταινίᾳΒ

117 1855 170 1898 25
183 1858 327 1900 διαὸεἴ
347 1857 401 1914 τῇ
426 1856 624 1911 βασιλικῇ
660 1851 734 1895 καὶ
757 1850 833 1907 τήν
873 1847 1074 1906 χλαμύδα
1104 1848 1298 1892 ἐπενδύει
1326 1849 1400 1906 την
1428 1849 1628 1908 περιπόρ-

276 1980 331 2006 22.
356 1969 410 2007 εἷς
430 1967 584 2013 βασιλέα
610 1965 781 2007 ἐδέξαντο
810 1966 849 1998 Α.

184 2068 222 2096 et
245 2061 391 2106 ingenio
419 2061 458 2094 in
491 2058 676 2093 subtiliter
711 2055 944 2102 exquirendis
970 2054 1196 2088 subditorum
1221 2053 1364 2087 delictis
1396 2054 1539 2089 intento
1563 2066 1629 2101 pa·

184 2120 262 2143 rere
290 2108 467 2141 malumus
490 2106 673 2146 homines,
697 2104 905 2138 Manuelem
929 2102 1183 2147 imperatorem
1207 2101 1401 2134 creandum
1427 2112 1504 2135 esse
1530 2102 1629 2137 duxi.

183 2167 296 2201 quare
332 2154 599 2188 adolescentem
638 2151 811 2196 suscipite
845 2155 888 2183 ut
912 2150 1167 2193 imperatorem
1204 2146 1377 2181 divinitus
1402 2147 1630 2193 designatum

185 2209 223 2236 et
244 2212 326 2236 meo
367 2201 533 2244 suffragio
561 2198 753 2243 imperium
785 2201 1043 2241 capessentem.
1076 2206 1118 2227 ac
1155 2204 1237 2227 eum
1275 2205 1295 2227 a
1321 2194 1390 2227 deo
1426 2197 1629 2240 praelatum

185 2254 223 2283 et
245 2248 555 2294 praedestinatum
590 2255 667 2278 esse
693 2244 740 2277 ad
780 2243 992 2288 imperium,
1027 2246 1237 2286 argumento
1265 2241 1368 2274 vobis
1393 2241 1466 2275 sint
1493 2244 1630 2277 multae

182 2295 451 2341 praedictiones
477 2298 514 2326 et
541 2292 746 2326 divinorum
771 2290 959 2323 hominum
983 2288 1188 2334 praesagia,
1214 2298 1308 2332 quae
1332 2289 1452 2321 omnia
1476 2290 1630 2324 Manue-

184 2343 256 2376 lem
289 2343 529 2375 Romanorum
559 2339 814 2384 imperatorem
853 2337 930 2369 sore
969 2335 1282 2381 praenuntiarunt.
1318 2335 1388 2367 iam
1430 2336 1531 2381 quod
1561 2338 1630 2370 filii

184 2389 257 2422 mei
281 2393 365 2421 ante
397 2386 549 2432 imperio
586 2384 759 2419 destinati
793 2382 984 2422 obierunt,
1019 2387 1056 2415 et
1093 2382 1124 2414 is
1154 2381 1259 2414 abest
1291 2381 1350 2414 cui
1378 2381 1416 2414 id
1438 2388 1522 2427 post
1545 2384 1630 2418 illos

184 2441 337 2469 naturae
357 2435 438 2478 lege
461 2433 616 2466 debetur
632 2457 642 2472 ,
670 2431 752 2476 quis
777 2430 884 2463 aliter
907 2429 1062 2473 accipiat
1083 2428 1155 2460 nisi
1180 2438 1222 2460 ea
1248 2439 1395 2473 quoque
1420 2436 1630 2472 argumenta

186 2493 263 2515 esse
279 2480 560 2519 evidentissima,
585 2478 692 2512 deum
710 2487 784 2510 non
798 2477 892 2510 velle
909 2476 1018 2508 alium
1029 2475 1101 2508 nisi
1111 2475 1317 2507 Manuelem
1336 2476 1485 2520 sceptris
1502 2477 1631 2510 Roma-

186 2539 315 2561 norum
347 2527 486 2572 potiri?
515 2524 616 2571 quod
640 2525 671 2558 si
705 2524 786 2569 quis
812 2522 1038 2562 consideret,
1062 2532 1120 2554 me
1144 2531 1219 2554 non
1244 2522 1391 2554 omnino
1419 2524 1528 2567 gratis
1554 2524 1630 2556 filio

188 2575 381 2607 conciliare
404 2573 595 2618 imperium
612 2577 723 2617 atque
747 2571 786 2603 in
812 2570 889 2602 eius
916 2569 1177 2602 successionem
1192 2568 1439 2613 propendere,
1468 2569 1532 2602 sed
1558 2571 1632 2603 vir-

187 2625 302 2654 tutem
336 2622 412 2653 eius
450 2631 491 2652 ac
525 2618 775 2663 designatione
813 2615 1035 2649 remunerari
1073 2614 1332 2659 deprehendet.
1371 2615 1471 2649 scitis
1515 2616 1631 2657 enim,

189 2667 288 2700 scitis
312 2678 404 2711 quae
431 2666 478 2699 ad
501 2664 774 2699 Neocaesariam
800 2668 945 2708 praeter
968 2667 1124 2695 aetatem
1149 2661 1309 2695 facinora
1335 2661 1503 2702 ediderit,
1528 2667 1566 2695 et
1592 2663 1633 2698 in

190 2713 324 2746 illustri
351 2713 415 2746 illa
438 2717 562 2746 contra
584 2713 705 2745 Persas
731 2709 978 2754 impressione,
1001 2708 1048 2741 ob
1076 2719 1183 2752 quam
1213 2714 1254 2741 ut
1278 2719 1342 2752 ego
1366 2714 1470 2752 pater
1494 2709 1632 2742 sollici-

189 2765 248 2794 tus
276 2764 312 2794 et
334 2759 371 2794 iu
396 2759 551 2793 maximo
577 2757 623 2792 de
648 2757 830 2791 carissimo
859 2756 936 2790 filio
961 2760 1060 2789 metu
1088 2755 1140 2788 fui
1158 2780 1166 2795 ‚
1193 2755 1244 2788 ita
1273 2754 1398 2788 eadem
1423 2766 1478 2789 res
1502 2757 1631 2790 Roma-
