1878 3230
535 165 589 203 lN
627 162 863 204 NicE'rAm
899 160 1233 205 cnomA’rAM.
1489 147 1603 217 879

177 260 468 313 Φρεδερεῖχον.
524 261 788 303 Fredericum
814 261 915 302 alter
939 261 1061 302 codex
1090 260 1305 313 conradi,
1341 260 1442 302 alter
1469 261 1604 302 fratris

172 316 262 355 eius
289 315 416 354 filium
442 316 555 357 facit.

283 371 334 411 P.
360 370 431 420 85,
461 370 501 422 4.
554 371 653 424 quid
678 371 812 422 χαοῦν
839 372 914 420 sit,
947 372 1023 411 nisi
1056 369 1116 417 εἷς
1142 370 1246 423 χάος
1274 367 1493 423 ἀναλύειν,
1521 371 1604 412 hoc

176 432 238 465 est
267 423 508 477 ἆφαιίζειν,
542 439 623 465 non
656 426 790 465 video.

286 480 336 519 P.
376 479 454 533 87,
489 495 528 534 7.
596 479 636 519 εἰ
661 479 734 518 καί
758 476 808 518 τὰ
841 481 1043 532 στοιχεῖα]
1071 479 1171 520 alter
1198 482 1313 522 addit
1344 480 1419 521 καί
1453 476 1475 519 ὅ
1513 495 1605 520 και·
1618 489 1659 523 V.
1675 490 1743 534 346

175 531 251 587 ρὸς
279 531 336 579 ὥς
364 533 496 572 ὁόῦλα
523 537 607 580 τοῖς
630 532 858 583 “Ρωμαιόις
880 532 1200 575 ὗποτάσσονται.

281 589 330 627 Ρ.
354 587 419 641 87,
453 589 511 629 15.
567 586 745 640 περαίαν
774 588 840 627 hic
861 589 1047 642 intelligit
1071 590 1324 643 Europaeam
1354 597 1523 643 partem,
1551 590 1606 629 cis

175 643 598 697 Constantinopolim:
631 642 815 682 nondum
846 645 953 682 enim
982 645 1208 684 traiecerat.
1239 651 1376 686 utrum
1406 658 1504 684 vero
1532 658 1607 682 πε-

175 698 276 749 ραία
307 711 453 736 nomen
483 698 769 753 appellativum
796 711 847 736 an
877 698 1088 751 proprium
1115 701 1179 749 sit,
1209 700 1320 752 quod
1347 699 1443 739 olim
1463 698 1604 750 κέρας,

172 765 281 791 nunc
308 751 453 791 Peram
482 752 809 802 sive-Galatliam
839 760 1011 800 vocent,
1043 752 1245 793 affirmare
1272 769 1351 793 non
1382 768 1555 807 possum.

280 806 331 845 P.
350 806 426 860 89,
459 809 496 847 5.
551 802 833 860 βουλεύματα]
861 808 962 847 alter
988 808 1099 847 addit
1142 807 1214 847 καί
1239 804 1498 860 συνάγματα.

279 860 328 900 P.
359 876 428 914 90,
457 876 516 916 ¹7·
574 860 761 915 ἅρματα]
788 876 839 902 an
870 862 934 901 hic
962 877 1039 915 pro
1064 863 1251 902 curribus
1272 872 1399 917 ponat
1425 878 1476 903 an
1505 877 1601 903 vero

170 929 246 969 pro
278 918 403 955 armis
431 931 544 959 more
570 918 814 966 barbarico,
845 919 1041 957 incertum
1072 918 1171 957 mihi
1201 925 1273 957 est.

280 970 328 1010 P.
354 985 424 1024 90,
459 972 519 1011 18.
574 969 631 1020 ὥς
665 970 724 1018 εἰς
751 970 902 1025 νέωτα]
935 972 1094 1012 videtur
1126 973 1190 1012 hie
1226 974 1404 1025 posuisse
1439 986 1512 1027 pro
1542 970 1602 1020 εἷς

168 1022 243 1076 την
274 1024 490 1065 ἐπιοῦσαν.
518 1026 621 1066 alter
645 1026 768 1066 codex
798 1026 917 1065 habet
944 1034 1101 1066 tantum
1129 1026 1251 1077 πρωῖζ

278 1079 331 1118 Ρ.
362 1080 432 1133 96,
461 1080 499 1120 6.
558 1078 598 1121 οἶ
626 1081 708 1120 τῶν
735 1082 895 1121 Ιταλῶν
922 1081 1081 1132 παῖδες]
1116 1078 1154 1120 οἱ
1178 1079 1428 1130 Ἀλαμανοί.
1457 1096 1601 1135 magna
1617 1090 1650 1124 P.
1671 1091 1737 1135 425

169 1139 231 1171 cst
257 1134 504 1174 Graecorum
530 1135 771 1190 negligentia
814 1136 853 1174 in
886 1136 1174 1190 distinguendis
1211 1138 1387 1190 gentium
1427 1137 1602 1176 nomini-

168 1187 272 1236 bus,
304 1204 402 1242 quas
421 1190 622 1243 appellant
643 1190 906 1241 πολυσπερὲα
933 1190 1029 1243 γένη
1057 1185 1230 1242 ἑσπέρια
1258 1185 1287 1241 ἢ
1314 1188 1475 1229 δυτικά.
1500 1205 1602 1230 con-

168 1242 346 1282 fundunt
386 1244 509 1284 Italos
539 1244 694 1284 Siculos
729 1245 894 1283 Latinos
933 1245 1181 1284 Alemannos
1221 1246 1401 1284 Francos
1440 1246 1599 1293 Gallos,

168 1300 290 1346 tantis
320 1297 504 1338 locorum
528 1307 569 1339 et
594 1301 848 1352 ingeniorum
879 1299 1102 1339 intervallis
1140 1299 1369 1346 distinctos,
1402 1298 1494 1339 ἐπεί
1518 1297 1603 1350 μά-

168 1353 223 1389 λα
252 1349 380 1391 πολλὰ
411 1352 566 1402 μεταξὺ
597 1350 727 1406 οὔρεά
759 1366 802 1392 τε
830 1349 1040 1404 σκιόεντα,
1079 1348 1275 1393 θάλασσά
1314 1367 1357 1393 τε
1398 1351 1602 1405 ἠχήεσσα.

169 1405 213 1444 id
240 1406 332 1453 inde
364 1409 551 1448 accidisse
586 1423 711 1460 reor,
757 1407 820 1448 vel
864 1409 974 1461 quod
1009 1410 1201 1448 Germani
1238 1423 1423 1461 magnam
1460 1409 1601 1448 Italiae

169 1468 320 1512 partem
349 1468 390 1501 et
418 1464 574 1503 Siciliae
601 1463 699 1504 olim
734 1470 980 1513 tenuerunt,
1009 1463 1075 1503 vel
1101 1462 1211 1517 quod
1238 1463 1468 1503 Romanum
1495 1478 1601 1516 pon-

169 1515 316 1555 tificem
332 1530 532 1556 summum
554 1532 762 1558 sacrorum
782 1518 998 1557 antistitem
1021 1525 1289 1571 agnoverunt.
1307 1531 1372 1556 eas
1391 1531 1487 1557 vero
1506 1532 1603 1570 gen-

168 1576 226 1608 tes
256 1585 358 1623 qnae
383 1572 600 1624 Byzantino
630 1573 859 1625 imperatori
885 1579 1135 1624 paruerunt,
1165 1573 1443 1611 Romanorum
1459 1572 1603 1624 appel-

171 1624 319 1664 latione
346 1625 562 1670 celebrant.
591 1629 701 1681 quod
727 1626 847 1666 semel
867 1628 907 1665 in
939 1626 1119 1665 hocloco
1149 1627 1402 1665 admonuisse
1422 1626 1602 1667 sufficiat.

279 1679 332 1718 P.
361 1695 431 1734 97,
461 1697 502 1735 9.
562 1689 732 1735 apparet
764 1681 829 1722 vel
856 1683 1111 1735 magistratus
1139 1680 1203 1720 vel
1233 1681 1407 1720 familiae
1436 1681 1603 1721 alicuius

168 1742 479 1787 cognomentum
504 1737 624 1777 fuisse
653 1741 843 1791 Gymnos.

280 1788 335 1828 P.
355 1804 445 1842 100,
475 1793 540 1831 25.
595 1788 963 1844 συναλειφόμενον]
994 1788 1384 1843 συναλειφομὲνους.

281 1843 333 1883 Ρ.
370 1859 459 1894 101,
495 1860 531 1884 1.
585 1844 858 1899 προφύλακα]
890 1844 995 1896 πρὸς
1023 1842 1205 1898 φύλακα.

282 1898 332 1936 Ρ.
370 1899 456 1950 104,
495 1900 558 1939 16.
614 1902 713 1954 quid
741 1898 1044 1952 τζαγκράτορες
1079 1901 1188 1948 sint,
1233 1898 1417 1938 nondum
1458 1900 1602 1952 reperi.

169 1953 275 1990 verti
302 1961 436 1993 autem
456 1954 694 2005 funditores,
714 1970 794 1995 non
822 1955 931 2008 quod
960 1968 1099 1994 veram
1120 1955 1491 2006 interpretationem
1516 1968 1605 1994 eam

171 2006 387 2046 redderem
412 2037 424 2055 ‚
452 2009 520 2048 sed
548 2011 660 2063 quod
689 2024 769 2049 non
798 2023 963 2062 prorsus
989 2008 1162 2047 absurda
1191 2009 1406 2048 videretur.

279 2062 331 2101 P.
363 2062 451 2113 104,
486 2076 555 2103 2¹.
623 2064 667 2113 ἐξ
707 2063 958 2116 ἀφετηρίων]
995 2062 1312 2116 subintelligitur
1351 2057 1536 2115 ὄργᾶνων
1577 2058 1607 2116 γ’)

169 2113 494 2167 μηχανημάτων.
527 2131 631 2172 quae
659 2118 795 2172 qualia
825 2119 974 2157 fuerint
1010 2132 1093 2157 non
1130 2118 1319 2158 declarat.
1358 2118 1604 2157 vocabulum

170 2183 252 2208 non
279 2170 383 2210 male
414 2173 628 2224 respondet
657 2173 878 2212 vernaculo
903 2180 1039 2211 nostro
1075 2174 1270 2224 gesclu‘itz.
1305 2172 1378 2212 sed
1413 2172 1606 2212 bombar-

170 2224 246 2263 dae
270 2239 320 2263 an
351 2239 398 2264 eo
425 2234 610 2280 tempore
639 2228 790 2267 fuerint
818 2228 970 2266 dubito.
995 2227 1243 2267 desideratur
1268 2234 1308 2267 et
1334 2227 1400 2266 hic
1435 2227 1605 2280 diligen-

171 2280 228 2318 tia
260 2279 560 2332 historicorum,
586 2284 654 2335 qni
684 2296 863 2336 eaquae
888 2295 982 2322 suae
1009 2283 1131 2322 aetati
1154 2289 1248 2321 nota
1273 2282 1455 2331 fuerunt,
1483 2284 1606 2321 etiam

171 2335 421 2386 posteritati,
453 2337 626 2377 subinde
654 2338 816 2377 inventa
842 2345 1028 2377 veterum
1058 2337 1177 2377 novis
1205 2338 1361 2377 artibus
1392 2335 1571 2375 abolenti
1590 2364 1604 2386 ,

172 2395 272 2426 nota
298 2388 388 2428 fore
416 2392 687 2431 crediderunt.
716 2392 883 2445 proinde
909 2406 1041 2445 neque
1070 2392 1232 2431 balistas
1269 2405 1399 2444 neque
1425 2389 1605 2442 catapul-

171 2448 232 2480 tas
259 2449 416 2484 vertere
455 2460 573 2486 ausus
606 2448 686 2486 sui:
726 2454 929 2486 tormenta
966 2460 1258 2500 nonnunquam
1292 2447 1398 2484 verti
1427 2443 1604 2497 generali

171 2496 398 2547 vocabulo,
425 2501 536 2551 quod
574 2516 655 2541 non
692 2509 850 2541 tantum
882 2504 1102 2540 cruciatum
1146 2501 1366 2554 significat,
1410 2505 1456 2536 ut
1496 2497 1605 2550 apud

178 2550 391 2590 Horatium
420 2555 581 2594 invidia
603 2557 731 2597 Siculi
753 2571 834 2596 non
861 2558 1046 2595 invenere
1073 2557 1239 2604 ert-anni
1262 2555 1391 2592 maius
1430 2561 1604 2591 tormen-

172 2614 278 2653 tum,
310 2606 380 2644 sed
417 2607 539 2647 etiam
576 2612 805 2651 machinam
846 2610 1029 2650 bellicam
1051 2641 1063 2661 ‚
1106 2618 1152 2649 ut
1188 2608 1293 2660 apud
1326 2606 1518 2646 Ovidium
1563 2606 1603 2644 in

173 2660 443 2712 Metamorph.
475 2661 526 2702 de
551 2664 676 2706 Licha
706 2675 746 2707 et
764 2666 955 2706 Hercule:
983 2666 1091 2704 misit
1119 2667 1162 2703 in
1190 2662 1391 2702 Euboicas
1418 2670 1605 2700 tormento

153 2714 312 2763 fortius
331 2716 470 2755 undas.
