1878 3230
333 177 441 251 754
749 191 976 234 NlclzTAE
1015 190 1322 232 cnon'rAE

327 298 412 340 τοῖς
439 293 497 339 εἷς
527 291 598 331 τὸν
626 291 781 343 πύργον
808 289 1027 342 ἇλαμένοις
1053 291 1127 329 καί
1148 304 1208 336 τις
1235 290 1278 329 ἑκ
1298 290 1368 342 τῆς
1389 287 1565 339 ἱππάδος
1583 294 1744 346 Πέτρος

326 353 508 405 τοῦνομα
539 355 609 396 διὰ
648 357 719 408 τῆς
747 355 880 408 πύλης
907 354 1053 395 εἴσεισι
1089 356 1162 408 τῆς
1187 355 1340 405 ἐκεῖσε,
1389 351 1488 402 ὅλας
1531 356 1745 410 φάλαγγας

326 422 521 474 κλονῆσαι
550 419 785 474 κρινόμενος
813 416 1081 471 ἱκανώτατος,
1110 420 1180 459 καί
1203 417 1275 472 τὴν
1302 417 1540 473 α’ναδρομὴν
1564 421 1638 461 τοῦ
1663 419 1746 462 σώ-

326 500 456 537 ματος
484 485 539 533 ὥς
566 487 682 539 γίγας
702 489 853 538 μικροῦ
882 483 1214 538 προφαινόμενος
1252 482 1529 538 έννεόργυιος,
1565 485 1635 526 καί
1670 487 1774 527 αὕ-’

326 549 397 591 τὸν
425 552 469 592 δὲ
494 549 566 592 τὸν
596 548 716 592 κάσιν
743 553 815 604 τῆς
843 551 1023 604 κεφαλῆς
1051 550 1388 601 διεσκευασμένον
1417 547 1524 602 ἔχων
1551 548 1652 591 κατὰ
1671 548 1782 590 πό-5

329 620 393 656 λιν
419 616 687 669 πυργόεσσαν.
747 616 845 656 ου’δὲ
884 614 1062 669 κόρυθος
1093 613 1229 655 τοίνυν
1255 616 1442 666 μέτωπον
1474 610 1560 662 ἑνὸς
1599 614 1750 668 ἀνδρὸς

324 680 568 734 -ἱππαστοῦ,
601 682 932 735 καταπληκτικοῦ
960 678 1005 721 τὸ
1033 676 1168 731 εἶδος,
1209 676 1454 729 ἀξιοθεάτου
1491 677 1538 720 τὸ
1577 682 1751 734 μέγεθος

296 745 371 787 Coi
401 746 499 801 περὶ
524 746 596 788 τὸν
626 750 801 799 βασιλέα
822 747 877 802 τῷ
903 747 1010 798 γένει
1038 744 1230 800 ἐπίσημοι
1258 746 1329 785 καί
1358 742 1403 785 τὸ
1450 744 1592 786 λοιπὸν
1625 743 1751 799 στρά-

331 829 465 865 τευμα
508 814 688 854 κατιδεῖν
719 810 943 865 ἐνεγκόντες
983 809 1143 864 α’γαθὸν
1170 811 1246 851 τοῦ
1285 808 1495 859 σώζεσθαι
1531 807 1752 865 φάρμακον

329 877 404 930 τήν
435 875 570 919 ἐθάδα
603 875 738 932 φυγήν
765 874 1057 930 ὑπειλήφασιν,
1087 871 1226 928 ὥσπερ
1256 875 1313 922 εἷς
1339 877 1439 927 μίαν
1465 877 1752 930 ἐνηθισθέντες
1769 890 1814 917 ιο

329 942 401 983 καί
427 944 697 989 συντακέντες
725 941 874 995 ἀγεννῆ
893 939 1057 995 ψυχήν,
1086 935 1182 982 ὅθεν
1206 941 1264 987 εἰς
1293 941 1449 981 δειλίαν
1479 942 1561 982 τῶν
1588 937 1753 996 ὀχυρω-

329 998 482 1060 μάτων
498 1007 638 1054 αὐτοῖς
660 1007 908 1058 τεθειμένων
937 1006 1026 1060 (ἐπὶ
1058 1004 1138 1061 γὰρ
1168 1006 1358 1061 γηλόφων
1385 1005 1540 1060 ὀρθίων
1567 1004 1752 1060 ἵσταντο)

331 1071 432 1113 κατὰ
460 1074 623 1124 χιλίους
651 1071 723 1126 ὑφ’
753 1067 843 1118 ἐνὸς
869 1070 1108 1123 ἐδιώκοντο,
1141 1072 1212 1112 καί
1236 1075 1325 1119 ταῖς
1352 1071 1555 1125 χρυσέαις
1582 1070 1753 1125 χερσαιὶ-

331 1153 398 1185 αις
425 1137 575 1185 πύλαις
603 1135 842 1184 ἐπιστάντες
869 1137 940 1191 τῆς
967 1135 1122 1185 πόλεως
1148 1133 1191 1177 τὸ
1220 1135 1443 1190 νεόδμητον
1469 1137 1600 1177 ἐκεῖσε
1627 1151 1752 1176 κατα-

330 1203 467 1243 σπῶσι
496 1204 578 1243 τῶν
605 1205 766 1243 πολλῶν
793 1201 1052 1254 ἐπιτείχισμα
1071 1235 1083 1253 ,
1114 1200 1187 1241 καί
1209 1202 1409 1254 τρέχουσί
1428 1216 1471 1242 τε
1495 1202 1567 1242 καί
1595 1201 1755 1242 διασκι-
1771 1201 1816 1242 15

332 1269 525 1317 δνανται,
558 1266 614 1316 ὥς
642 1262 791 1323 ὄφελόν
818 1282 863 1321 γε
891 1265 964 1320 τὴν
997 1268 1039 1315 ἐς
1067 1266 1282 1319 βάραθρον
1308 1267 1382 1306 καί
1407 1265 1640 1307 πανώλειαν
1677 1268 1756 1318 βα-

332 1332 551 1385 διούμενοι.
609 1331 648 1373 οἱ
677 1333 724 1373 δὲ
743 1333 932 1384 πολέμιοι
957 1330 1133 1386 μηδενὸς
1154 1333 1213 1379 εἰς
1232 1337 1377 1385 χεῖρας
1393 1329 1518 1380 ἰόντος
1538 1332 1756 1372 διαθέουσι

332 1399 547 1454 πολλαχῇ,
576 1399 650 1438 καί
674 1396 724 1437 τὰ
752 1397 1010 1452 ξίφῃσπῶσι
1031 1398 1124 1437 καθ’
1152 1397 1312 1450 ἡλικίας
1339 1398 1473 1450 πάσης
1509 1396 1581 1438 καί
1614 1397 1756 1450 γένους

288 1460 508 1515 Βπαντός,
539 1464 618 1515 οὐχ
651 1458 710 1510 εἷς
752 1460 815 1503 ἔνι’
843 1464 1096 1515 συνημμένοι
1121 1463 1196 1502 καί
1220 1461 1324 1503 κατὰ
1363 1461 1556 1511 σύνταξιν
1591 1463 1756 1510 πλείους

333 1528 736 1581 ἄλληλουχούμενοι,
766 1526 868 1568 α’λλὰ
901 1528 1189 1580 διακεχυμένοι
1222 1525 1426 1581 σποράδες
1454 1527 1508 1575 ὥς
1535 1522 1614 1581 ἤδη
1642 1525 1755 1580 παρὰ
1769 1541 1820 1568 20

333 1596 461 1633 πᾶσιν
490 1592 806 1647 ἑπιφοβοότατοι.
866 1589 1042 1645 ἑσπέρας
1079 1594 1124 1633 δὲ
1158 1592 1413 1646 παραδόντες
1441 1593 1544 1645 πυρὶ
1567 1589 1618 1633 τὰ
1655 1590 1759 1646 πρὸς

335 1660 391 1698 ἓω
411 1658 483 1699 καί
501 1656 562 1699 ἔτι
582 1658 724 1711 πρόσω
740 1655 886 1711 μικρὸν
907 1659 978 1712 τῆς
997 1659 1073 1699 τοῦ
1089 1658 1325 1712 Εὐεργέτου
1345 1659 1486 1712 μονῆς,
1507 1655 1531 1696 ὃ
1547 1657 1620 1699 καί
1637 1669 1758 1697 κατε,-

338 1721 543 1778 νεμήσατο
572 1723 622 1765 τὰ
652 1724 757 1778 πρὸς
784 1723 1003 1765 θάλασσαν
1031 1725 1191 1764 ἐκεῖθεν
1220 1724 1404 1777 ἑπικλινῆ
1430 1722 1501 1764 καί
1523 1723 1650 1776 μέχρι
1675 1723 1759 1763 τῶν

203 1798 245 1832 V.
259 1798 324 1833 302
338 1790 627 1844 Δρουγγαρίου
668 1786 944 1845 καταλήγοντα
990 1789 1096 1843 μέρη
1132 1789 1202 1842 τῆς
1242 1787 1418 1841 πόλεως,
1456 1784 1759 1829 ἑπαναλύουσιν

438 1902 488 1934 15.
506 1898 667 1946 πολλῶν]
694 1900 825 1934 πυλῶν
846 1911 963 1944 margo
982 1900 1061 1934 PW.
1202 1897 1403 1944 διασκίδν.]
1419 1898 1694 1942 σκορπίζονται,
1711 1895 1759 1929 ἄν

429 1955 520 1979 ποτε
537 1947 601 1980 ἵνα
615 1948 680 1979 καὶ
703 1947 940 1986 ἐποντίζοντο
968 1949 1032 1980 καὶ
1057 1945 1280 1992 ἠφανίζοντο
1301 1946 1336 1978 Β.
1387 1947 1443 1990 24.
1461 1943 1696 1990 δρογγαρίου
1719 1943 1759 1978 Β.

343 2042 456 2078 esset,
491 2038 679 2082 populares
716 2049 798 2071 suos
831 2038 1047 2072 confirmant.
1083 2038 1207 2071 eodem
1239 2048 1382 2083 quoque
1419 2041 1578 2080 tempore
1615 2034 1760 2079 quidam

344 2094 453 2127 eques
478 2085 620 2117 nomine
645 2085 766 2118 Petrus
791 2096 854 2129 per
877 2091 1015 2129 portam
1043 2084 1175 2117 ibidem
1207 2084 1420 2128 ingreditur,
1446 2083 1509 2127 qui
1545 2086 1637 2114 totas
1670 2081 1760 2126 pha-

344 2130 467 2173 langes
495 2130 615 2174 fugare
641 2142 743 2174 posse
768 2137 988 2172 censeretur,
1014 2132 1195 2176 giganteae
1219 2129 1474 2176 propemodum
1497 2133 1662 2167 staturae,
1684 2138 1760 2160 cas-

347 2175 458 2207 sidem
483 2178 628 2209 turritae
654 2177 751 2211 urbis
776 2178 888 2210 instar
905 2179 1020 2223 capite
1046 2183 1206 2222 gestans3
1234 2178 1333 2210 cuius
1363 2175 1467 2208 unius
1493 2174 1622 2218 equitis
1658 2179 1759 2206 torvo

346 2222 447 2254 vultu
473 2227 508 2254 et
531 2222 718 2266 spectabili
745 2225 975 2267 proceritate,
1011 2226 1198 2268 stipatores
1227 2221 1462 2267 imperatorii,
1500 2220 1659 2253 homines
1694 2230 1761 2252 no-

347 2266 461 2306 biles,
489 2273 524 2299 et
549 2269 706 2312 reliquus
730 2271 903 2303 exercitus
929 2281 1001 2303 non
1024 2271 1190 2310 tolerato,
1215 2274 1417 2302 consuetam
1440 2267 1557 2310 sugam
1585 2266 1761 2309 egregium

348 2313 472 2346 salutis
501 2314 715 2357 praesidium
749 2316 974 2357 iudicarunt,
1009 2317 1111 2361 quasi
1145 2317 1183 2348 in
1219 2327 1328 2348 unum
1364 2314 1573 2357 degenerem
1607 2313 1760 2344 animum

350 2359 491 2391 conflati
516 2366 633 2392 essent
657 2372 795 2403 omnes3
821 2374 861 2394 ac
885 2362 1031 2395 desertis
1055 2362 1312 2402 munitionibus
1335 2361 1430 2405 (nam
1453 2360 1490 2391 in
1514 2358 1619 2391 editis
1643 2363 1761 2391 tumu—

350 2406 394 2438 lis
421 2405 576 2451 stabant)
601 2407 737 2439 milleni
767 2408 810 2440 ab
846 2419 917 2440 uno
952 2408 1186 2451 fugabantur,
1221 2412 1258 2440 et
1291 2417 1355 2451 per
1382 2416 1523 2438 auream
1558 2409 1760 2437 terrestrem

351 2451 449 2484 urbis
473 2457 608 2495 portam
635 2453 784 2496 egressi,
819 2465 858 2485 ac
897 2465 1010 2498 nuper
1044 2459 1177 2487 structo
1212 2452 1477 2497 propugnaculo
1515 2450 1658 2491 diruto,
1689 2461 1760 2495 quo

354 2508 529 2542 quemque
554 2503 667 2530 metus
696 2499 781 2531 tulit
813 2500 962 2543 (utinam
992 2511 1075 2532 vero
1101 2501 1138 2532 in
1176 2499 1380 2531 barathrum
1417 2503 1454 2531 et
1486 2497 1763 2529 internecionem

353 2543 572 2586 incidissent)
587 2544 785 2588 diffugiunt.
808 2550 881 2578 tum
902 2546 1019 2579 hostes
1044 2546 1228 2578 resistente
1251 2546 1391 2577 nemine
1407 2543 1535 2589 passim
1549 2542 1762 2582 discurrunt,

355 2595 392 2622 et
416 2589 551 2633 gladios
582 2590 621 2623 in
647 2601 786 2623 omnem
816 2597 968 2624 aetatem
1004 2597 1040 2624 et
1074 2603 1193 2624 sexum
1226 2592 1422 2635 stringunt,
1453 2600 1524 2621 non
1559 2593 1763 2621 conservata

356 2637 452 2676 acie,
477 2647 550 2668 non
571 2637 706 2680 integra
734 2637 878 2670 cohorte
894 2664 902 2678 ‚
929 2638 989 2670 sed
1014 2639 1158 2682 sparsim
1188 2637 1304 2670 diffusi
1330 2643 1368 2671 ut
1398 2637 1467 2668 iam
1491 2634 1655 2668 omnibus
1690 2634 1763 2667 for—-

354 2681 554 2715 midabiles.
575 2684 710 2727 vesperi
740 2684 784 2718 iis
808 2695 899 2728 quae
930 2684 975 2716 ad
997 2684 1179 2717 Orientem
1207 2683 1357 2716 tendunt
1396 2682 1547 2715 incensis
1572 2679 1684 2726 (quod
1708 2680 1763 2713 in-

357 2728 519 2761 cendium
542 2727 586 2762 ab
611 2729 798 2774 Evergetae
822 2731 1034 2764 monasterio
1063 2742 1103 2765 ea
1129 2741 1221 2775 quae
1245 2730 1289 2763 ad
1315 2740 1409 2763 mare
1442 2727 1617 2761 inclinant
1650 2737 1761 2772 usque
