1878 3230
263 179 371 234 682
672 195 903 236 NlcETAE
956 195 1270 236 cuoNJA'rAE

261 298 319 351 τῷ
346 294 442 335 καθ’
475 291 623 334 ἑαυτὸν
661 291 932 346 ὑποδείγματι
974 292 1031 341 ὥς
1070 289 1176 334 εἶναι
1214 293 1259 335 τὸ
1301 292 1528 348 μυστήριον
1565 290 1693 344 αὖθις

261 358 511 413 μυστήριον,
554 356 577 397 ό
623 358 670 398 δὲ
714 362 894 411 λογικαῖς
930 358 1129 410 μεθόδοις
1168 360 1318 413 ἐχρῆτο
1354 360 1424 399 καί
1460 354 1693 410 ἀποδείξεσι

261 426 530 477 βιαζομέναις
561 423 620 470 εἰς
659 422 962 475 συγκατάθεσιν
998 422 1069 464 τὸν
1095 423 1494 478 προσδιαλεγόμενον
1537 425 1581 464 ἑν
1610 428 1694 473 τοῖς

262 486 499 543 ὑπερφυέσι
527 488 599 528 καί
626 489 756 542 μηδὲν
790 486 947 538 ἔξωθεν
977 490 1184 540 δεομένοις
1221 486 1534 543 ἐπιτεχνήσεως.
1588 486 1693 530 ἀλλὰ

262 552 335 593 καὶ
363 555 694 607 κατηχητηριόυς
721 555 929 602 συντιθείς
953 551 1100 607 λόγους
1132 554 1206 608 τὴν
1241 556 1322 596 τῶν
1348 554 1554 607 νηστίμων
1592 553 1731 608 ἦμε-5

264 619 348 671 ρῶν
377 619 640 672 προθεσμίαν
669 617 894 674 ἐφεστάναι
922 620 1350 674 προκαταγγέλλοντας
1384 619 1457 660 καί
1487 616 1586 667 τούς
1622 620 1697 672 τῆς

263 685 541 737 πνευματικῆς
569 681 702 737 πάλης
729 682 830 739 πρὸς
868 683 941 725 τὸν
981 685 1120 737 α’γῶνα
1148 684 1476 739 ὖπαλείφοντας,
1505 683 1549 725 ἑν
1575 687 1697 737 μέρει

264 746 531 803 μνημονεύων
557 750 630 790 τοῦ
660 749 865 803 δόγματος
890 746 1002 799 ὅπως
1029 750 1107 801 μὲν
1133 749 1393 804 συνεζητήθη
1428 750 1501 790 καί
1526 750 1616 790 τίνα
1643 746 1693 790 τά

129 816 359 867 V.27471a9'
380 813 512 855 αὐτοῦ
533 811 787 866 δοξαζόμενα
813 814 886 856 καί
915 811 942 856 ἅ
964 831 1094 870 φασιν
1124 813 1159 856 οἱ
1182 814 1426 871 οἲντίφρονες
1454 815 1592 869 σιωπῇ
1616 830 1697 855 πα-

266 880 454 932 ρεδίδου,
489 875 606 932 οἶμαι
632 879 705 933 τήν
743 881 965 935 α’ντίφασιν
994 881 1312 935 ἐκτρεπόμενος,
1351 882 1409 937 τῷ
1441 880 1488 920 δὲ
1519 877 1694 932 δόγματι
1714 893 1759 920 10

266 943 501 996 ἐπιβάλλων
541 946 677 986 ἐκεῖνα
720 947 844 987 κινῶν
883 945 1155 1000 κατηγόρευεν
1196 944 1225 986 ἃ
1271 946 1359 986 οὐδ’
1398 941 1504 993 ὅλως
1542 940 1697 1001 ᾔδεσαν

140 1017 175 1050 Ρ.
188 1016 253 1051 333
268 1011 359 1050 οὐδ’
389 1008 608 1062 ἐβάλλοντο
635 1025 735 1052 ποτε
768 1009 873 1052 κατὰ
901 1013 1012 1054 νοῦν.
1073 1009 1278 1066 ζητήσεως
1309 1009 1389 1065 γάρ
1420 1005 1546 1064 οὔσης
1572 1009 1613 1050 εἰ
1647 1009 1694 1051 τὸ

265 1075 688 1128 μεταλαμβανόμενον
736 1074 852 1130 ἅγιον
898 1078 1021 1129 σῶμα
1065 1078 1259 1131 Χριστοῦ
1313 1071 1530 1131 ἄφθαρτὸν
1583 1075 1698 1117 ἐστιν

268 1138 408 1182 ὁποῖον
435 1142 542 1193 μετὰ
571 1141 618 1183 τὸ
652 1142 787 1191 πάθος
812 1144 884 1184 καί
909 1141 986 1196 τὴν
1012 1137 1264 1195 ἀνάστασιν,
1297 1139 1376 1183 εἴτε
1395 1138 1478 1195 μὴν
1505 1137 1698 1196 φθαρτὸν

266 1205 323 1254 ὥς
348 1204 428 1261 πρὸ
458 1207 536 1247 τοῦ
563 1209 747 1261 πάθους,
774 1206 815 1249 οἱ
840 1209 917 1260 μὲν
945 1205 1082 1261 ἔλεγον
1109 1203 1341 1262 ἄφθαρτον·
1383 1204 1600 1259 ὁμολογίαν
1615 1204 1694 1259 γάρ
1714 1207 1759 1248 15

265 1287 358 1312 τινα
391 1273 464 1311 καί
490 1269 718 1326 ἀνάμνησιν
745 1268 853 1313 εἶναι
882 1274 956 1313 τοῦ
987 1271 1186 1314 τεθνάναι
1211 1287 1255 1314 τε
1279 1274 1351 1313 καί
1381 1272 1614 1325 α’ναβιαῖναι
1642 1271 1699 1310 δι’

267 1336 379 1390 ἡμᾶς
409 1335 478 1378 τὸν
506 1335 650 1390 κύριον
679 1336 754 1392 τήν
779 1340 863 1379 τῶν
890 1339 1019 1379 θείων
1048 1339 1287 1392 μυστηρίων
1322 1335 1551 1391 μετάληψιν
1589 1333 1694 1376 κατά

267 1400 340 1443 τὸν
365 1403 498 1455 μέγαν
518 1403 561 1443 ἐν
593 1404 786 1460 θεολογίᾳ
817 1400 1052 1457 Κύριλλον,
1079 1401 1150 1446 καί
1175 1403 1232 1451 ὥς
1259 1399 1283 1442 ὃ
1310 1398 1360 1443 ἂν
1386 1402 1512 1455 μέρος
1541 1415 1602 1449 τις
1631 1401 1698 1441 δέ-

267 1469 382 1521 ξηται
397 1498 410 1519 ,
440 1468 591 1508 ἐκεῖνον
619 1469 853 1522 εἰσδέχεται
881 1465 976 1510 ὅλον
1001 1466 1074 1510 τὸν
1097 1466 1212 1522 παρὰ
1242 1468 1318 1509 τοῦ
1339 1467 1473 1519 Θωμιῖ
1497 1470 1696 1521 ψηλαφη-

267 1534 396 1573 θέντα
413 1564 425 1584 ,
453 1533 525 1573 καί
553 1533 609 1581 (ὃς
638 1532 828 1575 ἐσθίεται
854 1533 957 1586 μετὰ
986 1532 1062 1588 τήν
1089 1529 1338 1585 ἆνάστασιν,
1369 1530 1511 1581 καθώς
1537 1530 1559 1573 ὅ
1591 1547 1695 1586 χρυ·
1709 1547 1760 1573 20

266 1600 368 1647 σοῦς
394 1595 469 1651 τήν
495 1598 679 1651 γλῶτταν
702 1596 892 1653 Ἰωάννης
920 1599 1026 1654 φησί
1050 1596 1151 1653 πρὸς
1176 1603 1262 1647 τοῖς
1289 1594 1502 1650 ἑπομένοις
1529 1592 1595 1649 ,,ὠ“
1621 1597 1697 1637 τοῦ

266 1663 505 1716 θαύματος,
534 1660 556 1703 ὖ
589 1664 633 1705 ἐν
669 1663 784 1721 δεξιᾷ
811 1666 887 1706 τοῦ
911 1661 1068 1719 πατρὸς
1093 1662 1327 1718 καθήμενος
1366 1664 1411 1705 ἐν
1438 1667 1529 1710 ταῖς
1551 1662 1699 1717 χερσῖν

359 1776 392 1819 4.
415 1773 546 1821 μηδὲν]
577 1775 640 1817 τῆς
663 1786 705 1820 pr
730 1776 768 1808 A.
928 1777 976 1809 13.
1002 1773 1118 1820 ἅγιον
1141 1786 1198 1808 om
1216 1775 1255 1808 A.
1398 1775 1448 1818 ¹4·
1471 1772 1549 1828 μὴν
1575 1784 1632 1806 om
1657 1773 1695 1806 A.

366 1823 417 1855 15.
442 1823 591 1858 πάθους
617 1825 681 1855 καὶ
707 1823 781 1858 τιὸν
804 1820 876 1868 μὲν
900 1822 1088 1869 λεγόντων
1113 1820 1208 1869 &cp-9.
1230 1821 1269 1855 Α.
1332 1830 1385 1857 21.
1412 1831 1513 1867 προς
1529 1839 1558 1846 -
1584 1829 1696 1866 μετα-

360 1870 513 1911 τίθησιν
542 1878 600 1901 om
625 1869 663 1902 A.

270 1959 351 1992 aliis
375 1959 488 2003 ipsius
516 1960 678 2005 exemplo
704 1960 888 1994 silentium
912 1960 1179 2006 imperandum,
1203 1965 1244 1993 ut
1267 1959 1473 2003 mysterium
1498 1969 1617 1991 rursus
1642 1968 1699 1991 es-

270 2011 325 2039 set
349 2006 573 2048 mysterium,
603 2006 803 2040 disserendi
827 2012 902 2040 arte
937 2013 974 2041 et
1007 2007 1373 2040 demonstrationibus
1407 2015 1501 2050 quae
1534 2004 1700 2038 adversa-

270 2053 362 2084 rium
386 2052 661 2094 convincerent,
689 2054 728 2086 in
753 2053 859 2087 rebus
883 2053 1019 2099 ingenii
1042 2054 1189 2087 humani
1212 2058 1355 2098 captum
1380 2051 1636 2084 excedentibus
1663 2057 1699 2085 et

270 2099 461 2131 artificium
485 2099 737 2143 respuentibus
764 2112 848 2133 usus
873 2106 936 2133 est.
971 2101 1173 2145 composuit
1202 2101 1310 2133 etiam
1335 2099 1514 2131 orationes
1541 2097 1698 2131 catechi-

270 2145 398 2184 sticas,
425 2156 517 2189 quae
544 2145 620 2178 dies
649 2146 867 2179 ieiuniorum
893 2147 1029 2180 instare
1062 2147 1271 2180 nuntiarent
1300 2150 1337 2179 et
1365 2144 1565 2178 sacerdotes
1589 2143 1636 2175 ad
1660 2142 1700 2176 id

270 2196 450 2223 certamen
477 2190 771 2233 exhortarentur,
794 2193 977 2226 mentione
1005 2194 1158 2235 inserta,
1185 2203 1290 2237 quem
1315 2192 1439 2235 dogma
1466 2190 1558 2223 illud
1581 2195 1699 2222 ortum

269 2236 457 2277 habuerit,
484 2242 521 2270 et
553 2237 642 2281 quid
673 2239 805 2271 sentiat
839 2239 916 2283 ipse
955 2242 1139 2284 exposuit:
1174 2239 1453 2272 adversariorum
1485 2247 1567 2269 vero
1603 2235 1700 2270 dicta

269 2284 376 2328 plane
402 2284 547 2316 silentio
569 2282 823 2325 dissimulavit,
848 2286 1125 2327 refutationem,
1150 2291 1190 2319 ut
1214 2284 1388 2324 arbitror,
1412 2283 1568 2324 veritus;
1595 2288 1632 2315 et
1656 2294 1700 2318 ea

269 2329 401 2363 tribuit
424 2329 659 2371 adversariis,
697 2341 789 2375 quae
828 2342 947 2376 neque
979 2338 1110 2365 norant
1142 2342 1261 2376 neque
1294 2341 1452 2374 uuquam
1489 2329 1698 2373 cogitarant,

270 2387 352 2409 nam
378 2387 456 2408 cum
481 2376 519 2408 in
545 2377 756 2419 quaestione
785 2382 901 2418 esset,
928 2383 1047 2411 utrum
1075 2378 1207 2411 Christi
1231 2388 1356 2421 corpus
1380 2380 1463 2420 post
1494 2376 1700 2420 perceptio-

271 2433 354 2456 nem
379 2422 652 2466 incorruptibile
678 2424 745 2464 sit,
770 2424 877 2468 quale
902 2430 984 2468 post
1006 2425 1211 2469 passionem
1237 2429 1274 2456 et
1297 2422 1592 2455 resurrectionem
1617 2422 1699 2463 suit,

273 2480 319 2502 an
347 2468 580 2514 corruptibile
609 2475 650 2502 ut
673 2475 756 2503 ante
774 2470 998 2514 passionem,
1024 2471 1088 2503 alii
1114 2469 1285 2503 dicebant
1307 2469 1582 2513 incorruptibile
1609 2479 1698 2509 esse,

273 2516 372 2561 quod
404 2515 606 2549 divinorum
636 2516 885 2559 mysteriorum
919 2517 1103 2561 perceptio
1136 2516 1313 2549 confessio
1347 2516 1394 2548 sit
1430 2521 1466 2548 et
1498 2514 1698 2548 recordatio

272 2561 451 2607 quaedam
475 2561 612 2595 domini
641 2568 789 2607 propter
812 2574 877 2595 nos
901 2565 1034 2596 mortui
1058 2568 1094 2596 et
1120 2563 1283 2603 redivivi,
1307 2567 1509 2606 utmagnus
1532 2561 1571 2594 in
1594 2561 1699 2594 theo-

272 2609 368 2652 logia
393 2608 546 2651 Cyrillus
583 2608 713 2650 tradit3
758 2614 794 2642 et
829 2620 936 2654 quam
970 2614 1108 2654 partem
1146 2610 1300 2654 quisque
1337 2608 1536 2653 acceperit,
1575 2607 1620 2640 ab
1655 2618 1698 2640 eo

274 2655 454 2688 Christum
479 2655 655 2699 integrum
680 2655 838 2700 percipi,
864 2667 971 2700 quem
995 2655 1152 2689 Thomas
1178 2656 1356 2700 palparit,
1379 2665 1532 2700 eumque
1558 2653 1698 2686 comedi

273 2707 356 2746 post
378 2703 691 2742 resurrectionem,
715 2707 755 2734 ut
775 2701 951 2736 Iohannes
970 2702 1242 2745 chrysostomus
1259 2703 1407 2735 affirmat
1435 2701 1490 2734 his
1514 2699 1632 2733 verbis
1651 2710 1697 2740 „o

274 2758 348 2781 rem
372 2748 514 2782 miram!
543 2748 605 2793 qui
630 2747 674 2781 ad
703 2747 884 2783 dexteram
909 2749 1020 2794 patris
1047 2749 1166 2788 sedet,
1202 2749 1239 2783 in
1279 2754 1439 2782 nostrum
1471 2752 1698 2792 peccatorum
