1878 3230
317 179 432 246 404
742 191 969 235 NlcETAE
1005 188 1314 232 cnomA'rAss

317 292 424 338 εἶναι
448 292 507 348 μὴ
532 287 656 334 ἄλλον
682 289 926 345 εὖτυχὴσειν
950 287 1226 345 δαιταλευτὴν
1254 285 1282 343 ἢ
1306 287 1434 341 μόνον
1449 292 1621 344 βασιλέα
1635 289 1730 338 Ἀν-

317 358 534 414 δρόνικον,
565 356 638 397 καί
660 355 884 410 τραπέζαις
913 352 1132 410 Ἐριννύων
1173 353 1243 396 καὶ
1274 353 1480 408 Τελχίνων
1515 359 1731 413 φθονερῶν

318 420 525 465 ἑστιάσεσι
561 420 619 474 μή
658 416 832 476 α’πᾴδειν
867 417 915 461 τὸ
953 417 1207 475 παράθεμα,
1249 420 1321 462 καί
1356 414 1444 462 οἷον
1473 421 1633 462 οὐδέπω
1670 437 1732 471 τις

318 484 519 540 ὀψοποιὸς
546 486 833 539 μαγγανεύσας
859 484 1051 528 εἶστίακε.
1107 484 1151 527 τὸ
1179 485 1226 526 δὲ
1244 480 1296 540 ἦν
1313 483 1418 539 πυρὶ
1442 487 1732 541 παραδοθῆναι

313 552 384 594 τὸν
413 548 636 606 ἄνθρωπον
656 549 757 592 κατὰ
787 549 833 591 τὸ
859 550 1054 592 Ἱππικὸν.
1109 549 1253 602 ἀμέλει
1279 564 1345 591 τοι
1373 551 1446 592 καί
1464 549 1508 592 τὸ
1536 552 1613 602 μὲν
1630 551 1768 606 ἄνῆ-5

314 631 414 670 πτο,
438 617 510 657 καί
540 616 712 668 διεχεῖτο
743 615 767 670 ἦ
795 614 900 671 φλὸξ
927 616 998 657 ἐπὶ
1032 616 1108 657 τοῦ
1137 610 1257 670 οἷέρος
1284 612 1388 656 noh}
1419 614 1522 657 κατὰ
1549 614 1623 670 τὴν
1658 618 1734 659 τοῦ

314 683 489 723 σταδίου
515 677 777 736 Σφενδόνην,
808 681 869 721 ἐπ’
907 678 999 735 ἴσης
1037 681 1087 736 τῇ
1119 681 1341 737 Χαλδαϊκῇ
1379 681 1509 738 ἐκείνῃ
1551 682 1732 739 καμίνῳ,

314 745 365 800 ἣν
390 746 590 787 α’νὲκαυσε
620 743 766 800 νάφθα
792 743 865 786 καί
887 747 1083 799 κληματίς
1111 744 1310 802 ὖπεξῇρεν
1338 745 1396 794 εἷς
1432 742 1734 788 &mammaema-

314 810 337 851 ὃ
369 812 414 852 δὲ
442 812 625 865 παρῆκτο
654 806 917 863 σχοινόδετος
943 811 1016 851 καί
1041 808 1214 863 γυμνός,
1242 808 1379 858 ὅποῖος
1407 810 1578 865 πρώτως
1606 826 1735 866 προσ-

277 880 404 918 Βεῖπε
443 873 514 917 τὸν
552 872 670 929 ἥλιον
696 875 769 928 τῆς
798 876 999 930 μητρικῆς
1035 874 1183 930 νηδύος
1223 872 1419 929 ἐκθοροόν.
1483 874 1732 930 περιστησά·
1749 891 1796 920 ιο

313 955 433 993 μενοι
460 935 538 981 οὖν
565 936 620 987 ὥς
648 937 798 994 ἱερεῖον
832 938 900 981 τὸν
938 940 1116 995 μείρακα
1155 938 1195 981 οἱ
1223 942 1489 993 καμινευταί,
1529 938 1736 996 ὑπηνήτην

313 1002 408 1048 ὅντα
438 1003 484 1047 τὸ
513 1007 675 1059 πρῶτον
701 1005 773 1046 καί
797 1004 923 1062 ιὀύλῳ
951 1003 1028 1053 τοὶς
1054 1003 1232 1059 παρειάς
1258 1004 1523 1060 στεφόμενον,
1551 1004 1735 1048 ἑνώθουν

312 1069 418 1125 μετὰ
447 1069 642 1123 καμάκων
669 1071 877 1124 μηκίστων
907 1071 965 1118 εἰς
991 1069 1036 1111 τὸ
1064 1068 1309 1123 μεσαίτατον
1334 1071 1409 1111 τοῦ
1439 1067 1580 1124 πυρός.
1635 1067 1659 1109 ὅ
1687 1071 1734 1112 δὲ

312 1137 572 1191 προσομιλῶν
602 1135 654 1191 τῇ
679 1135 837 1190 καμίνῳ
867 1135 938 1176 καί
963 1133 1260 1188 ἀλγυνόμενος,
1294 1136 1543 1189 φιλοψυχῶν
1581 1135 1628 1176 δὲ
1664 1133 1736 1176 καί

313 1199 371 1249 ὥς
400 1195 630 1253 ἅνθρωπος,
649 1197 735 1248 ἴσος
766 1199 811 1239 δὲ
839 1199 911 1239 καί
929 1197 985 1246 ὥς
1010 1201 1223 1254 φευξεῖται
1248 1196 1541 1252 διανοούμενος
1569 1198 1638 1241 τὸν
1653 1195 1730 1255 ἤδη
1748 1199 1795 1241 15

311 1264 640 1314 α’νυπεξάλυκτον
668 1262 872 1315 θάνατον,
911 1265 987 1305 νῦν
1023 1265 1101 1315 μὲν
1137 1264 1348 1316 ἐμπίπτων
1388 1264 1605 1316 α’ντέβαινε
1642 1269 1733 1314 ταῖς

310 1330 605 1382 διακοντίσεσι,
631 1329 910 1384 μετριωτέρας
937 1327 1087 1382 κρίνων
1120 1325 1195 1377 τοὶς
1227 1329 1274 1370 ἐκ
1298 1329 1454 1370 τούτων
1485 1327 1637 1378 ὀδύνας
1661 1330 1734 1383 τῆς

310 1396 385 1437 τοῦ
411 1391 546 1448 πυρὸς
579 1395 711 1449 ἐρωῆς
739 1392 818 1434 καὶ
837 1395 914 1434 τοῦ
939 1393 1001 1434 ἐπ’
1032 1390 1252 1447 α’νθροίκων
1282 1391 1555 1446 ἅπλαὶματος,
1583 1395 1659 1436 νῦν
1687 1395 1734 1436 δὲ

310 1465 398 1507 τοῖς
426 1460 701 1514 ἑμπυρευταῖς
732 1459 791 1506 εἰς
818 1456 861 1499 τὸ
889 1459 962 1511 τῆς
991 1455 1143 1513 φλογὸς
1168 1458 1414 1510 μεσαίτατον
1432 1458 1733 1512 ἐμβαλλόμενος

309 1526 382 1565 καί
407 1522 488 1564 ὑπὸ
518 1524 593 1577 τῆς
619 1523 756 1577 πυρᾶς
782 1523 1068 1576 διειλημμένος
1093 1521 1195 1563 κατὰ
1218 1525 1301 1563 τῶν
1329 1517 1465 1578 ὄφεων
1488 1522 1583 1571 τούς
1613 1525 1729 1565 οἷκον·
1742 1539 1794 1567 20

308 1588 399 1637 τίας
428 1589 502 1642 τῆς
529 1587 702 1639 καμίνου
730 1585 1030 1638 ε’ξετινάσσετο,
1059 1585 1133 1628 τὸν
1161 1588 1258 1641 περί
1294 1588 1435 1641 ψυχῆς
1469 1589 1625 1641 τρέχων
1660 1586 1732 1629 καί

270 1652 416 1707 αὑπὲρ
446 1650 492 1694 τό
527 1649 738 1693 Θετταλὸν
766 1650 1032 1703 διαλλόμενος
1059 1650 1245 1706 πήδημα.
1301 1653 1372 1693 καί
1401 1652 1518 1694 τοῦτο
1545 1653 1611 1707 ἐφ’
1639 1651 1731 1693 ἱκα-

307 1715 380 1760 νὸν
407 1716 623 1772 γινόμενον
648 1717 706 1764 εἷς
734 1717 895 1771 δάκρυα
922 1717 1046 1757 ἐκίνει
1073 1713 1171 1764 τούς
1190 1713 1359 1766 θεατάς.
1414 1716 1493 1769 ὀψὲ
1521 1718 1567 1758 δὲ
1587 1715 1732 1770 καμών

423 1824 533 1865 .βασ.
556 1818 697 1876 ’Arde-1
723 1832 791 1855 τον
817 1819 985 1876 α’ρχῆθεν
1019 1818 1345 1864 ἄνθρωποκτόνον
1368 1822 1406 1855 Α.
1496 1821 1528 1853 3.
1549 1819 1607 1868 τό]
1633 1814 1729 1867 πρός

398 1867 513 1902 οὐδὲν
537 1860 578 1900 td
606 1868 646 1901 Δ.
739 1868 770 1911 4.
794 1878 909 1922 μαγγ.
936 1865 1072 1903 αὐτοὺς
1095 1867 1258 1900 εἱστίασε
1283 1868 1318 1899 Α.
1425 1868 1457 1902 8
1480 1866 1666 1911 ὑπερῆρεν
1688 1869 1729 1901 Α.

404 1915 453 1947 16.
478 1911 580 1959 fuir]
605 1913 750 1948 ἐκεῖνον
774 1912 862 1948 θάν.
887 1913 927 1946 Δ.
1045 1911 1242 1946 α’ντεπιίτει
1266 1913 1304 1944 Β.
1423 1923 1476 1944 22.
1507 1913 1575 1947 τὸν
1598 1915 1728 1946 θεττα-

398 1954 465 1994 λὸν
488 1957 717 2016 διακλώμενος
743 1959 782 1992 Α.
924 1958 980 1991 23.
1006 1958 1213 2005 γενόμενον
1243 1970 1332 1997 τους
1373 1959 1586 2005 θεωμένους
1611 1959 1727 1995 ἐκίνει

397 2000 495 2049 πρὸς
519 2003 663 2050 δάκρυα
681 2007 720 2039 A
1546 2009 1549 2011 ’

305 2083 478 2118 varietate
506 2084 693 2125 instruxit,
716 2088 758 2116 ut
779 2082 905 2127 dignae
931 2088 1050 2118 essent
1072 2094 1163 2128 quae
1185 2094 1257 2117 non
1286 2083 1392 2116 alium
1413 2083 1483 2116 nisi
1505 2083 1656 2128 primum
1682 2084 1729 2117 il-

305 2130 381 2162 lum
405 2129 620 2163 homicidam
641 2130 822 2163 convivam
844 2129 1040 2170 haberent,
1069 2135 1105 2163 et
1128 2142 1148 2163 a
1175 2130 1305 2163 mensis
1331 2130 1515 2162 Furiarum
1539 2129 1630 2162 nihil
1655 2130 1727 2162 dif-

305 2176 462 2216 ferrent,
497 2176 621 2220 quales
646 2187 666 2208 a
703 2176 804 2208 nullo
832 2186 988 2219 unquam
1014 2186 1128 2221 coquo
1153 2177 1203 2208 eis
1232 2181 1314 2208 sunt
1337 2176 1531 2220 appositae.
1554 2175 1592 2208 id
1620 2187 1725 2220 porro

307 2227 384 2254 erat
408 2226 450 2253 ut
485 2221 592 2254 homo
617 2222 656 2254 in
681 2221 832 2265 Hippico
874 2227 1095 2254 cremaretur.
1131 2222 1294 2254 incensus
1320 2227 1373 2254 est
1400 2231 1502 2265 rogus
1527 2227 1564 2254 et
1585 2221 1726 2255 flamma

306 2268 346 2300 in
370 2267 481 2300 altum
508 2268 602 2300 elata
619 2292 628 2308 ,
654 2267 692 2299 in
717 2266 931 2312 Sphendone
954 2267 1083 2307 stadii,
1106 2279 1178 2299 non
1203 2268 1308 2299 aliter
1333 2278 1438 2311 quam
1464 2266 1653 2300 Chaldaica
1680 2268 1726 2300 il-

306 2313 344 2346 la
371 2314 498 2346 fornax
521 2313 654 2357 naphta
669 2314 815 2346 incensa
839 2318 875 2345 et
889 2313 1076 2345 clematide
1103 2313 1140 2345 in
1164 2313 1366 2357 septuplun·
1393 2312 1618 2346 inflammata.
1640 2325 1725 2358 pro-

307 2359 450 2392 ducitur
475 2358 538 2391 ille
562 2359 708 2391 funibus
722 2359 860 2392 vinctus
878 2363 914 2391 et
936 2358 1064 2399 nudus,
1090 2364 1131 2391 ut
1155 2359 1306 2403 primum
1330 2364 1487 2391 materna
1504 2359 1581 2391 alvo
1609 2370 1726 2404 egres-

306 2417 365 2438 sus
389 2405 499 2438 solem
526 2410 722 2450 aspexerat.
747 2404 928 2437 carnifices
956 2404 1236 2445 adolescentem,
1271 2405 1327 2437 cui
1352 2405 1463 2458 prima
1495 2405 1625 2449 lanugo
1649 2417 1725 2439 ma-

305 2452 358 2484 las
381 2451 568 2492 vestiebat,
595 2455 765 2494 tanquam
783 2450 961 2483 victimam
984 2451 1197 2494 longissimis
1221 2451 1365 2494 perticis
1390 2451 1427 2483 in
1451 2450 1607 2484 medium
1632 2452 1724 2496 ignis

303 2496 508 2531 trudebant.
530 2497 560 2530 is
587 2506 670 2529 vero
709 2496 843 2530 doloris
879 2495 1073 2529 acerbitate
1097 2501 1133 2529 et
1165 2497 1258 2529 vitae
1286 2496 1505 2540 cupiditate,
1531 2503 1572 2530 ut
1597 2497 1724 2531 huma-

303 2555 390 2576 num
426 2547 497 2584 est,
535 2547 700 2583 coactus,
737 2542 870 2574 malum
903 2542 973 2574 iam
1009 2542 1217 2575 inevitabile
1255 2543 1449 2583 vitaturus,
1476 2543 1567 2576 alias
1590 2543 1722 2578 ictibus

304 2589 450 2623 obvium
485 2599 522 2621 se
558 2587 714 2630 ferebat,
748 2598 828 2620 eum
857 2587 1015 2620 dolorem
1047 2588 1206 2621 flammae
1233 2589 1387 2621 cruciatu
1414 2589 1580 2623 leviorem
1605 2595 1721 2631 ratus,

305 2636 394 2668 alias
421 2646 442 2667 a
465 2634 691 2668 carnificibus
718 2634 756 2666 in
778 2633 935 2666 medium
956 2634 1116 2666 flammae
1142 2634 1322 2667 coniectus
1348 2635 1459 2667 instar
1483 2636 1591 2668 iaculi
1619 2646 1638 2669 e
1662 2646 1722 2668 ro-

305 2693 347 2725 go
372 2681 524 2714 maximo
559 2681 694 2725 impetu
731 2680 916 2719 emicabat,
948 2680 1045 2724 quod
1070 2691 1147 2712 cum
1186 2681 1246 2713 diu
1273 2680 1435 2722 duraret,
1460 2681 1719 2726 spectatoribus

304 2728 466 2762 lacrimas
489 2726 705 2774 excutiebat,
730 2725 843 2761 donec
867 2726 1033 2770 fatigatus
1047 2726 1194 2772 supinus
1210 2726 1366 2761 concidit
1390 2733 1426 2761 et
1452 2732 1545 2762 tetro
1573 2732 1718 2762 exustae
