1878 3230
329 167 437 221 612
755 177 982 220 Nxcss'rAE
1030 177 1338 220 cnomA'rAE

328 279 471 334 ἰσχύος
490 276 671 319 ἕπεσθαί
689 276 726 318 οἱ
748 276 849 317 κατὰ
873 275 1091 329 Ῥωμαίων
1117 275 1398 328 στρατεύοντι,
1417 278 1487 316 καί
1510 278 1631 318 πάνθ’
1647 274 1745 317 ‹5716-

327 361 381 386 σα
410 338 636 383 ἐπιτάττειν
650 339 736 394 ἔχει
767 341 930 397 ποιεῖν),
951 336 1039 381 οὔτε
1068 336 1129 388 οἷς
1154 341 1361 381 ἐπέστελλε
1384 338 1563 394 κρύβδην
1590 335 1661 390 οὖς
1686 355 1746 388 τις

326 408 530 460 ὑπέσχετο
567 402 775 458 εὕεικτον,
815 403 919 447 α’λλιὶ
960 404 1110 453 πάντες
1138 404 1194 453 ὥς
1232 404 1405 453 ἀσπίδες
1433 401 1494 453 οἷς
1519 406 1644 461 ἐπῇδε
1671 404 1746 454 τὰς

327 470 455 519 α’κοάς
480 472 753 525 ἔπέφραττον.
806 471 868 520 τίς
894 469 973 524 γὰρ
1003 466 1055 511 ἂν
1082 472 1215 526 θηρίῳ
1245 469 1599 524 κατηκολούθησεν
1626 468 1745 520 αἱμο-

323 534 459 593 βόρῳ,
486 541 570 588 μετ’
599 536 651 576 ου’
679 533 783 576 πολὺ
810 541 897 584 ταῖς
926 532 1070 588 ὄψεσιν
1098 534 1380 589 ἐμπηδήσαντί
1401 549 1443 576 τε
1471 532 1544 575 καί
1570 528 1779 587 ἀναφῆ-5

322 617 462 654 σοντις
491 598 518 656 ἢ
545 603 631 654 μετ’
659 595 795 656 ὄφεως
823 599 986 654 ἰοβόλου
1017 602 1161 656 φιλιάν
1189 602 1404 652 συνέθετο,
1434 596 1510 640 κᾶν
1541 601 1744 653 προσπλέ-

322 666 434 708 κοιτό
463 682 526 716 τις
546 667 667 722 αὐτῷ,
695 664 766 707 τὸν
792 665 858 707 ἰὸν
887 667 1128 718 ἐξεμοῦντος
1149 663 1407 717 θανάσιμον,
1436 660 1512 705 κᾶν
1540 663 1583 705 ἐν
1609 662 1744 720 κόλπῳ

294 782 299 787 .
323 732 561 789 διαθάλπῃ,
611 727 785 786 ὄλέθρια
822 729 1068 782 δάκνοντοςς
1095 728 1202 785 πλὴν
1247 728 1353 771 α’λλιὶ
1394 728 1468 771 καί
1493 722 1613 777 οὗτος
1638 727 1744 770 κατὰ

320 800 436 839 θεῖον
479 798 669 852 ἐξέρρηξε
709 795 813 849 μετὰ
858 795 1003 850 βραχὺ.
1040 794 1084 838 τὸ
1124 796 1346 848 ψυχίδιον,
1378 794 1450 841 καί
1477 800 1561 844 τοῖς
1590 798 1746 842 λοιποῖς

318 863 549 917 προσετέθη
573 860 790 916 τυράννοις
830 859 903 909 οὓς
921 862 1014 916 χείρ
1043 862 1189 915 κυρίου
1217 858 1395 915 ἠφάνισε
1405 892 1416 912 ,
1444 856 1521 901 κᾶν
1547 859 1622 900 ου’κ
1649 857 1744 902 εἴω-
1762 878 1808 905 10

320 930 395 968 θεν
421 927 587 979 ιῖμέσως
614 931 747 967 ποιεῖν
774 923 804 968 ἃ
832 931 1062 967 καινοποιεῖ
1083 924 1277 975 πολλάκις
1299 925 1496 981 σωτήρια.
1549 921 1670 982 ᾔδετο
1699 926 1746 966 δὲ

319 994 428 1047 μηδὲ
460 993 623 1049 φυσικῷ
649 989 819 1049 θανάτῳ
849 993 1032 1045 δαμῆναι
1069 990 1141 1032 τὸν
1179 991 1413 1045 ἀλιτήριον,
1441 989 1544 1032 ἀλλὰ
1573 992 1745 1045 φαρμά-

195 1057 230 1093 P·
243 1070 376 1114 299219
412 1057 668 1098 ἀπολωλέναι
713 1057 1081 1111 κυλικοφορηθέντι
1105 1053 1219 1109 παρά
1248 1071 1355 1104 τινος
1380 1057 1573 1110 μεγάλοις
1597 1054 1746 1110 δώροις

317 1123 651 1176 ἐπιρρωσθέντος
678 1120 784 1176 πρὸς
814 1116 988 1175 τοῦργον
1015 1118 1096 1162 ὑπὸ
1125 1123 1199 1163 τοῦ
1229 1121 1431 1174 βασιλέως
1460 1120 1602 1165 αὗτοῦ.

426 1190 467 1238 4.
521 1186 613 1227 Ἐπί
640 1188 742 1227 πᾶσι
771 1187 806 1226 δ’
835 1181 896 1234 οἷς
914 1182 1107 1236 ’Λλέξιος
1133 1186 1381 1240 ἑπειράσατο
1406 1187 1679 1238 βασιλεύσας,
1707 1183 1806 1230 εἴι5

316 1268 403 1301 π-ως
431 1254 646 1293 σπείσαιτο
668 1248 872 1304 Βλάχοις,
910 1249 982 1291 καί
1005 1253 1198 1306 πρέσβεις
1223 1253 1416 1306 πέπομφε
1438 1250 1540 1306 πρὸς
1567 1253 1637 1293 τὸν
1655 1253 1745 1293 Πέ-

315 1334 410 1372 τρον
435 1319 507 1359 καί
530 1316 601 1358 τὸν
633 1314 778 1359 Ἀσάν.
842 1313 1013 1369 ἐπέρανε
1062 1317 1098 1357 δ’
1132 1317 1221 1357 οὐδ’
1250 1313 1355 1366 ὅλως
1379 1315 1455 1370 τὴν
1479 1316 1647 1371 εἰρήνην
1674 1318 1748 1359 καί

316 1381 392 1431 τὰς
421 1379 627 1434 σπονδάς,
667 1377 735 1423 οἷα
764 1382 847 1422 τῶν
880 1380 1045 1435 ἀνδρῶν
1072 1381 1231 1422 τούτων
1261 1378 1517 1435 ὑπερόγκους
1544 1379 1621 1429 τὰς
1641 1383 1744 1422 dno-

315 1448 470 1501 κρίσεις
514 1447 825 1499 ποιησαμένων,
866 1446 1032 1486 κιίκεῖνα
1059 1448 1358 1499 προσθεμένων
1386 1445 1493 1500 ὑπὲρ
1522 1446 1687 1500 εἰρήνης
1714 1444 1744 1486 ἃ

309 1511 529 1566 Ῥωμαίοις
565 1509 749 1552 ἀδύνατά
786 1525 831 1551 τε
877 1511 948 1552 καί
983 1505 1111 1563 ἄτιμα
1153 1509 1361 1564 δήπουθεν
1391 1506 1454 1565 ἦν.
1509 1510 1654 1563 α’μέλει
1682 1526 1806 1553 tomo

314 1580 386 1619 τοῦ
413 1578 617 1630 βασιλέως
655 1574 757 1616 κατὰ
802 1573 878 1629 τὴν
917 1577 972 1616 έω
1001 1577 1282 1629 διατριβοντος
1318 1575 1627 1631 προσβάλλουσι
1659 1582 1744 1624 τοῖς

316 1659 409 1698 περι
446 1642 520 1690 τὰς
547 1643 705 1697 Σέρρας
737 1643 1036 1696 Βουλγαρικοῖς
1077 1642 1259 1694 θέμασι,
1298 1656 1376 1683 και
1400 1640 1447 1683 τὸ
1474 1639 1741 1694 αὐλιζόμειον

410 1777 442 1810 8
467 1768 563 1816 πλῆν
607 1768 715 1830 αλλα]
756 1770 856 1819 ὅμως
893 1774 955 1807 και
991 1775 1126 1808 τοῦτον
1159 1774 1180 1808 ὁ
1217 1768 1306 1812 θεὸς
1341 1773 1532 1820 συντόμως
1556 1775 1596 1808 ἐκ
1620 1777 1739 1820 μέσον

409 1821 594 1866 ἠφάνισε,
619 1818 689 1854 κᾶν
713 1823 773 1853 καὶ
776 1786 980 1858 μπολλάκις
1003 1821 1067 1855 ἐπὶ
1094 1820 1299 1856 ὀνιαπόδει
1323 1806 1485 1866 βραδύνῃ
1509 1823 1573 1855 καὶ
1594 1833 1740 1868 μακρο-

411 1870 546 1914 θυμων
571 1866 743 1912 ανέχεῐαι
767 1867 803 1898 Β

317 1979 487 2024 coarguit.
516 1990 635 2024 neque
673 1980 765 2012 enim
792 1980 895 2012 Persa
925 1979 1115 2024 postulatis
1150 1979 1225 2012 eius
1264 1979 1391 2013 annuit
1414 1979 1596 2034 (cupiebat
1620 1983 1738 2013 nantem

317 2036 398 2058 eum
426 2027 591 2058 Romanis
625 2026 760 2059 bellum
785 2026 997 2059 inferentem
1028 2038 1105 2059 cum
1131 2026 1294 2059 omnibus
1324 2026 1435 2070 copiis
1459 2026 1532 2059 auis
1557 2027 1678 2071 sequi,
1703 2032 1740 2060 et

317 2073 393 2105 eius
418 2073 522 2105 iussis
557 2072 722 2105 omnibus
752 2072 1038 2118 obtemperare),
1073 2083 1191 2116 neque
1217 2074 1406 2117 quisquam
1435 2084 1555 2105 eorum
1580 2073 1625 2105 ad
1649 2084 1739 2118 quos

318 2118 406 2149 clam
443 2118 625 2151 scribebat
652 2119 823 2162 benignas
852 2130 956 2152 aures
981 2120 1014 2152 ei
1040 2119 1216 2163 praebuit.
1244 2119 1324 2163 quis
1352 2121 1446 2151 enim
1477 2118 1633 2151 belluam
1655 2130 1739 2152 san-

315 2165 512 2207 guinariam
538 2165 646 2209 paulo
677 2171 760 2210 post
783 2166 821 2198 in
845 2166 971 2198 faciem
1006 2166 1206 2197 invasuram
1241 2171 1276 2198 et
1315 2165 1546 2197 laceraturam
1570 2175 1738 2209 sequere-

315 2210 402 2243 tur?
428 2216 489 2243 aut
514 2221 592 2243 cum
626 2216 801 2244 venenato
834 2217 998 2256 serpente
1042 2211 1235 2244 amicitiam
1268 2212 1522 2251 constitueret,
1555 2212 1639 2255 qui,
1663 2212 1738 2244 sive

315 2256 590 2300 ampheterere,
616 2257 724 2290 letale
749 2258 843 2289 virus
869 2263 1047 2291 evomeret
1062 2283 1072 2298 ,
1096 2258 1170 2290 sive
1195 2258 1232 2289 in
1257 2257 1334 2289 sinu
1357 2258 1493 2289 foveres
1513 2281 1522 2296 ‚
1546 2258 1738 2300 pestiferos

316 2302 442 2335 dentes
475 2303 661 2346 infigeret?
708 2304 887 2336 enimvero
926 2309 962 2336 et
1001 2303 1059 2336 hic
1082 2303 1191 2347 paulo
1218 2308 1299 2346 post
1325 2308 1483 2335 mortuus
1508 2301 1554 2335 ad
1578 2309 1737 2337 caeteros

313 2354 482 2392 tyrannos
510 2347 569 2380 dei
593 2354 682 2381 nutu
707 2350 868 2382 sublatos
900 2350 1013 2390 abiit,
1038 2349 1252 2382 mirabiliter
1276 2348 1419 2392 quidem
1435 2374 1445 2389 ‚
1473 2348 1536 2381 sed
1560 2360 1633 2382 uon
1657 2350 1736 2383 sine

313 2395 557 2427 instrumentis
593 2395 742 2427 salutem
782 2398 904 2428 afferre
942 2396 1050 2428 soliti.
1083 2394 1263 2427 ferebatur
1287 2400 1405 2427 autem
1428 2406 1501 2428 non
1524 2396 1736 2429 naturaliter
1867 2409 1878 2444 q

313 2441 376 2473 sed
405 2451 541 2473 veneno
574 2451 638 2484 per
665 2441 869 2484 pincernam
912 2442 1046 2485 magnis
1071 2440 1322 2484 largitionibus
1347 2441 1390 2474 ab
1418 2442 1496 2486 ipso
1520 2441 1734 2486 imperatore

312 2493 517 2531 corruptum
543 2486 732 2531 propinato
758 2487 947 2519 interiisse.

403 2534 435 2576 4.
484 2531 668 2565 Caeterum
681 2533 825 2564 Alexius
850 2533 984 2576 potitus
1011 2533 1183 2576 imperio,
1211 2533 1325 2566 missis
1351 2533 1396 2565 ad
1421 2534 1558 2566 Petrum
1586 2538 1622 2566 et
1645 2533 1733 2567 Asa-

311 2590 390 2612 nem
418 2579 564 2622 legatis,
587 2589 710 2623 pacem
739 2590 817 2611 cum
841 2578 981 2611 Blachis
1014 2579 1130 2611 faeere
1154 2579 1304 2612 studuit.
1329 2579 1391 2612 sed
1415 2579 1543 2614 frustra
1568 2579 1597 2612 is
1626 2591 1733 2613 cona-

310 2632 368 2658 tus
394 2626 464 2658 fuit
490 2625 535 2658 ol)
561 2624 751 2669 superbum
778 2630 814 2657 et
838 2626 938 2656 ferox
959 2625 1190 2658 barbarorum
1214 2636 1420 2669 responsum
1446 2631 1482 2659 et
1506 2625 1731 2659 conditiones

311 2673 475 2705 Romanis
492 2671 697 2704 inhonestas
725 2676 760 2703 et
785 2670 1040 2704 intolerabiles.
1071 2671 1153 2703 dum
1179 2677 1294 2704 autem
1318 2672 1509 2716 imperator
1530 2673 1567 2704 in
1582 2671 1729 2705 Oriente

309 2724 478 2759 versatur,
509 2718 546 2752 in
568 2717 789 2762 Bulgaricum
808 2728 926 2762 agrum
951 2718 1049 2751 iuxta
1065 2718 1183 2752 Serras
1203 2718 1405 2753 incursione
1432 2719 1535 2759 facta,
1564 2718 1728 2764 victaque
