1838 3210
546 188 815 232 loHANNEs
857 187 1164 231 commus,
1516 165 1589 220 33

154 305 227 348 ρον
263 290 334 332 τὸν
370 287 527 346 θυρεὸν
570 282 732 342 ἆνέχειν
759 286 864 328 α’λλὰ
896 288 1214 342 προβεβλῆσθαι
1240 284 1344 328 κατιὶ
1378 287 1484 325 πολυ
1513 285 1603 324 τοῦ.

152 355 344 410 σώματος
372 356 614 411 ἀφεστῶτα,
653 351 757 407 ἔγνω
796 351 855 406 μὴ
897 353 1075 395 ἐλινύειν
1111 352 1325 407 διακενῆς,
1354 353 1429 392 τοῦ
1457 351 1496 391 δ’
1517 344 1591 390 οὖν

152 419 280 464 ὅπλου
310 423 383 463 καί
424 419 539 474 μάλα
577 419 828 460 καθικέσθαι
869 421 1060 473 καιρίως,
1091 415 1175 460 εἶθ’
1219 413 1351 466 οὕτως
1373 418 1592 469 μετελθεῖν

151 488 224 531 τόν
253 490 449 541 πολέμιον
479 481 574 541 ἄτερ
610 485 786 533 ἀσπίδος
819 482 1046 538 γενόμενον.
1101 481 1331 537 θαυμάσας
1359 482 1494 524 τοίνυν
1521 482 1593 522 ἐπι

115 556 240 603 5τοΐς
267 554 496 608 εἰρημένοις
535 551 697 599 τούτοις
727 548 749 591 ὅ
790 547 991 601 βασιλευς
1023 551 1200 604 δωρεαῖς
1223 552 1440 604 μεγίσταις
1471 544 1591 602 ἧμει-
1615 592 1618 593 ⁷

151 631 266 673 ψατο
299 617 371 660 τὸν
399 613 676 671 Εὔστριέτιον.
736 617 802 671 (7)
838 616 904 657 Ου’
931 617 1084 656 πολλαί
1110 615 1146 655 δ’
1175 614 1327 670 ἡμέραι
1355 615 1590 669 παρίππευ-
1602 621 1634 653 P.
1662 628 1699 662 17

151 701 260 738 σαν,
300 682 375 725 καί
408 680 635 724 ὖποκύπτει
670 682 728 737 τῷ
753 683 925 734 βασιλεῖ
945 679 1018 720 καί
1043 681 1115 736 βίᾳ
1150 681 1347 721 ἐνδίδωσι
1376 678 1448 721 καί
1471 681 1592 721 τοῦτο

149 749 196 792 τὸ
227 748 450 806 φρούριον,
497 749 570 789 καί
596 747 857 802 συλληφθείς
884 742 904 786 ὃ
937 747 1253 794 Κωνσταντῖνος
1292 745 1500 799 α’ποὲγεται
1525 747 1595 785 δο-

85 871 89 874 .
149 816 387 872 ρυάλωτος,
427 811 586 871 σιδήρῳ
621 810 719 860 τούς
752 810 885 861 πόδας
925 811 1220 865 α’σφαλισθείς.
1277 808 1422 851 ἔπειτα
1451 811 1498 851 δὲ
1525 811 1598 852 καί

93 883 252 930 ιοναῢς
283 879 456 935 τριήρης
482 880 626 921 τοῦτον
655 878 887 931 εἰσδέχεται
926 878 1228 930 κατενεχθέντα
1262 876 1322 924 εἷς
1347 874 1593 918 θάλασσαν·

148 943 240 1002 ἥτις
265 944 370 1001 μετὰ
401 943 554 1000 μικρὸν
582 942 634 986 τοὶ
670 940 847 997 ἀπόγεια
880 943 1043 984 λύσασα
1073 937 1224 996 ἤμελλε
1254 943 1497 994 διακομίσαι
1525 939 1596 983 τὸν

149 1013 366 1068 δεσμώτην
394 1013 438 1060 ἐς
466 1010 514 1053 τὸ
530 1007 776 1061 Βυζάντιον.
804 1010 1029 1063 τολμητιάς
1050 1009 1089 1049 δ’
1118 1003 1178 1049 (ὃν
1195 1009 1269 1050 καί
1282 998 1543 1063 θερμουργὸς
1573 1003 1597 1046 ὃ

143 1079 378 1135 Ἀρμένιος,
395 1083 479 1126 τοῖς
497 1075 655 1133 φύλαξι
674 1073 823 1124 νυκτός
845 1075 1102 1127 ἐπιθέμενος,
1126 1074 1342 1122 πλείστους
1364 1069 1488 1120 ὅσους
1504 1074 1596 1113 δια-

150 1143 396 1201 χειρίζεται,
428 1144 500 1184 καί
525 1143 609 1184 τῶν
643 1143 807 1193 δεσμῶν
835 1140 1001 1188 ἀνεθεὶς
1028 1137 1110 1181 ὖπο
1137 1142 1219 1181 ταῖν
1246 1137 1456 1180 συνόντων
1480 1139 1599 1196 αὐτῷ

90 1207 475 1266 Ιόθεραπευτὴρων
503 1206 643 1264 φυγὰς
673 1206 847 1261 οἴχεται.
919 1201 1010 1247 ἀλλ’
1040 1201 1158 1247 οὔπω
1185 1207 1400 1259 νεωτέροις
1431 1203 1596 1259 ἐπεφύη

147 1273 390 1333 πράγμασι,
421 1276 495 1317 καί
519 1276 742 1328 συσχεθείς
772 1268 900 1322 αὖθις
928 1273 1282 1327 καταπροδίδοται
1306 1274 1486 1325 βασιλεῖ’.
1607 1283 1632 1316 Β

261 1342 327 1384 Οὔ
349 1338 477 1395 μόνον
499 1342 546 1383 δὲ
573 1337 682 1382 κατὰ
726 1337 800 1393 τήν
832 1336 990 1379 ἅλωσιν
1017 1340 1094 1380 τοῦ
1119 1335 1241 1379 Βακὰ
1269 1340 1362 1390 μετ’
1391 1335 1597 1391 ἐργωδίας

148 1407 173 1452 ὅ
194 1406 394 1463 βασιλεῦς
443 1407 683 1459 ἐκονίσατο,
723 1402 830 1447 α’λλοὶ
864 1404 937 1446 καὶ
962 1402 1067 1446 κατὰ
1095 1403 1173 1458 τὴν
1202 1399 1468 1458 Ἀιάβαρζαν
1493 1401 1596 1457 πρό-

146 1490 266 1531 τερον
291 1479 464 1516 πλεῖστα
493 1469 708 1527 ἐμόγησεν.
764 1470 792 1526 ἦ
818 1469 900 1526 γάρ
927 1468 1044 1519 πόλις
1075 1466 1182 1525 αὕτη
1207 1466 1494 1524 κουροτρόφος
1523 1462 1598 1509 οὖ-

48 1582 57 1592 „
84 1549 203 1584 2011oe
234 1539 307 1582 καὶ
343 1539 695 1593 πολυάνθρωπος,
736 1538 931 1592 ἐρυμνοῖς
956 1551 999 1578 τε
1040 1537 1311 1590 διειλημμένη
1339 1534 1496 1587 τείχεσι
1524 1536 1599 1575 καί

146 1607 304 1662 πετρῶν
345 1602 567 1657 οἷποτόμων
608 1601 794 1659 ὕπερθεν
837 1602 1063 1657 ἱδρυμένη,
1093 1601 1189 1643 τότε
1213 1603 1376 1654 μᾶλλον
1406 1601 1646 1655 despecte-v.
1671 1610 1711 1654 ¹4

147 1671 276 1726 στέρα
301 1673 513 1726 γεγένηται
532 1667 645 1726 παρὰ
666 1671 747 1712 τῶν
765 1669 824 1718 εἷς
852 1666 984 1722 αὐτην
1010 1666 1069 1717 ὥς
1096 1668 1154 1717 εἷς
1182 1664 1469 1722 κρησφύγετον
1492 1682 1594 1707 συν-

148 1735 377 1789 ελθόντων,
419 1734 614 1778 ἁπάντων
643 1730 777 1777 ὄντων
805 1732 1108 1789 καταφράκτων
1133 1733 1208 1774 καί
1234 1733 1478 1787 κρατίστων,
1506 1733 1596 1772 ἐπι-

147 1804 396 1856 τειχίσματα
422 1805 731 1857 προσειληφυῖα
757 1801 831 1841 καί
855 1805 1065 1853 μηχαναῖς
1099 1801 1316 1845 παντοίαις
1345 1799 1597 1851 διαληφθεῖ-

85 1865 135 1906 25
148 1887 217 1913 σα.
249 1866 449 1920 βασιλευς
480 1869 558 1920 μὲν
586 1863 662 1908 οὖν
693 1866 822 1921 μέρος
851 1866 926 1919 τῆς
954 1863 1086 1906 αὐτοῦ
1125 1864 1323 1919 στρατιᾶς
1356 1864 1596 1918 προπέπομ-

240 1983 272 2017 5.
294 1980 480 2028 μεγάλαις
504 1980 544 2013 Α.
621 1979 676 2014 23.
703 1978 885 2025 φρακτῶν
908 1978 948 2011 Α.

149 2073 283 2106 exitum
307 2070 504 2116 perducere
532 2081 605 2103 non
635 2074 769 2115 posset,
796 2067 895 2114 quod
929 2068 958 2100 is
984 2066 1141 2111 clipeum
1167 2066 1308 2110 corpori
1332 2072 1405 2098 non
1431 2065 1592 2109 applica-

146 2126 221 2153 tum
237 2144 246 2160 ‚
275 2118 338 2151 sed
362 2118 587 2162 longiuscule
621 2122 794 2149 remotum
833 2115 1003 2154 haberet,
1030 2114 1191 2147 noluisse
1218 2113 1348 2145 frustra
1373 2111 1589 2155 digladiari,

148 2169 189 2199 a'c
215 2169 397 2210 gestamen
430 2164 544 2210 probe
579 2164 764 2208 tetigisse,
790 2168 900 2207 atque
927 2162 1065 2195 utinam
1101 2160 1239 2193 hostem
1262 2160 1435 2191 inermem
1464 2159 1590 2191 eodem

147 2213 254 2246 modo
273 2218 417 2255 tangere
435 2211 621 2256 potuisset.
648 2211 842 2255 imperator
858 2208 951 2242 hanc
978 2208 1176 2240 orationem
1195 2205 1402 2245 admiratus,
1428 2206 1591 2238 maximis

148 2259 254 2293 donis
269 2259 489 2292 Eustratium
502 2263 745 2302 prosequutus
765 2262 829 2289 est.
879 2256 930 2302 (7)
955 2255 1078 2287 Paucis
1104 2253 1232 2286 diebus
1259 2258 1362 2296 post,
1387 2262 1429 2284 eo
1445 2263 1591 2297 quoque

146 2306 295 2339 castello
318 2305 354 2338 vi
379 2310 582 2350 expugnato
598 2329 608 2345 ‚
635 2303 892 2336 Constantinus
916 2302 1076 2346 captivus
1105 2301 1143 2332 in
1170 2299 1403 2343 compedibus
1441 2298 1591 2331 abduci-⁴

145 2359 216 2387 tur.
242 2351 375 2386 deinde
410 2352 448 2384 in
483 2353 664 2384 triremem
692 2351 874 2383 coniectus
912 2354 989 2389 est,
1013 2353 1054 2381 ut
1078 2346 1286 2390 Byzantium
1313 2345 1589 2391 perveheretur3

147 2407 242 2445 quae
266 2411 346 2432 cum
370 2409 468 2431 oram
493 2398 658 2431 solvisset
673 2423 681 2437 ‚
707 2397 814 2430 homo
839 2395 958 2428 audax
993 2400 1029 2428 et
1053 2393 1263 2427 temerarius
1288 2392 1455 2425 custodes
1479 2399 1588 2425 noctu

146 2456 331 2491 aggressus
366 2445 541 2490 plurimos
579 2443 735 2485 occidit,
773 2449 810 2476 et
834 2453 854 2475 a
883 2443 956 2475 suis
981 2441 1123 2474 famulis
1148 2440 1286 2472 solutus
1312 2439 1394 2484 fuga
1420 2438 1588 2472 elabitur.

148 2493 211 2526 sed
250 2492 461 2538 priusquam
493 2492 596 2526 novis
631 2491 739 2524 rebus
773 2489 955 2530 studeret,
989 2487 1267 2533 comprehensus
1301 2491 1339 2519 et
1379 2486 1588 2531 imperatori

174 2551 189 2572 r
214 2539 310 2572 ditus
393 2563 401 2571 .

147 2551 170 2584 p
190 2551 211 2573 0
237 2544 475 2631 NequeeStvero
502 2584 614 2617 nacae
639 2583 816 2617 duntaxat
831 2581 1068 2628 expugnatio,
1094 2579 1156 2614 sed
1179 2580 1278 2624 prius
1303 2579 1409 2612 etiam
1428 2571 1588 2611 An‘abar-

147 2642 209 2664 zae
235 2632 428 2677 plurimum
463 2630 684 2664 difficultatis
710 2630 851 2663 habuit.
882 2641 964 2662 nam
990 2639 1030 2660 ea
1057 2627 1141 2660 urbs
1170 2626 1458 2671 frequentissime
1485 2625 1588 2657 habi-

149 2684 267 2720 tatur,
293 2684 330 2712 et
356 2679 394 2712 in
417 2678 620 2723 praeruptis
645 2679 713 2711 sita
739 2675 889 2721 rupibus
924 2675 1080 2709 robustis
1104 2673 1293 2706 moenibus
1320 2673 1484 2715 cingitur.
1512 2678 1588 2704 tum

147 2736 232 2758 vero
257 2725 367 2769 magis
392 2725 499 2758 etiam
537 2724 582 2757 ab
609 2725 654 2757 iis
677 2725 739 2770 qui
777 2734 820 2763 se¹
844 2734 888 2756 eo
913 2728 1083 2766 tanquam
1109 2721 1146 2753 in
1177 2720 1311 2763 asylum
1339 2719 1587 2757 contulerant,

149 2782 272 2805 omnes
307 2771 525 2816 cataphracti
551 2777 587 2804 et
617 2771 684 2805 viri
721 2770 925 2810 fortissimi,
953 2767 1087 2803 additis
1112 2767 1220 2802 etiam
1249 2765 1524 2811 propugnaculis
1551 2770 1588 2798 et

215 2830 362 2865 Nicctas
390 2829 591 2864 choniates.
1308 2824 1327 2855 3
