1878 3230
337 178 454 233 626
662 187 665 190 ’
757 189 984 233 mem-An
1021 188 1333 233 cnomA'rAE

336 291 407 335 ἐπῖ
433 293 516 333 τῶν
545 290 719 342 τειχῶν,
751 288 824 330 καί
851 285 1048 344 παρῄνει,
1086 289 1163 336 ἕως
1202 285 1227 341 ἦ
1264 285 1382 336 πόλις
1426 292 1507 337 τοῖς
1547 289 1757 344 πολεμίοις

335 357 586 409 ἀβάπτιστος
622 354 802 406 κύμασι,
840 352 914 408 τὴν
954 354 1109 407 ἐκείνης
1144 350 1372 407 ἐγχειρίσαι
1414 348 1525 411 αὕτῷ
1562 354 1756 397 vicimum·

332 421 438 474 μηδὲ
465 418 546 475 γάρ
577 420 622 461 ἐκ
650 420 773 461 τοῦδε
801 418 950 469 σώζειν
980 416 1162 471 ἔχουσαν
1191 418 1339 460 ἐλπίδα
1378 417 1523 474 σφίσιν
1549 417 1758 463 ὑπολελεῖ-

334 487 471 540 φθαι,
510 486 608 539 μηδ’
657 479 710 526 ἂν
748 482 875 525 αὐτὸν
903 484 1062 524 ἐκεῖθεν
1089 483 1429 535 μεταναστεῦσαί
1466 497 1591 536 ποτε,
1633 484 1673 525 εἰ
1696 482 1755 538 μή

332 549 534 604 ἐγκρατὴς
562 550 634 603 τῆς
661 547 818 598 πόλεως
851 549 1023 602 γένοιτο.
1078 546 1282 596 τοιούτοις
1321 542 1398 589 οὖν
1440 547 1478 589 οἱ
1505 548 1759 602 Δαδιβρηνοι·
1769 548 1794 589 5

304 604 307 614 ’
334 612 517 666 θεάμασι
538 615 609 655 καί
629 614 1233 668 ἀκούσμασιζκατακλασθέντες
1245 610 1290 654 τὸ
1309 610 1528 667 πρόθυμον
1543 612 1762 666 τρέπονται

331 677 436 734 πρὸς
456 678 686 733 συμβάσεις
706 678 983 735 ἀσυμφόρους
998 680 1088 732 μέν,
1108 678 1254 727 ὁποίας
1279 679 1317 719 δ’
1334 679 1549 728 ἐπέταττεν
1579 676 1600 718 ὅ
1619 673 1762 731 καιρὸς

330 739 506 796 ἀκμαῖος
538 742 722 800 ἐφεστώς
752 746 824 786 καί
849 741 996 796 τομός,
1040 741 1321 785 κατανεύουσί
1343 758 1388 783 τε
1415 741 1488 797 τὴν
1526 742 1602 794 μὲν
1644 740 1761 782 πόλιν

329 809 512 850 ἐκλιπεῖν
548 811 751 862 πανσυδί,
795 811 971 862 βαδίσαι
1010 811 1047 850 δ’
1082 810 1253 851 ἕκαστον
1293 808 1431 849 κακῶν
1473 808 1620 861 ἀπαθῆ
1655 805 1757 858 μετὰ

329 875 414 915 τῶν
442 873 657 929 φιλτάτων
685 875 808 930 σφίσι
841 877 914 915 καί
940 875 1020 916 τῶν
1047 872 1233 928 κτήσεων
1263 870 1314 927 ἣν
1351 869 1404 914 ἂν
1445 871 1623 926 αἱροῖντο
1651 874 1760 914 στεί-
1777 887 1824 914 ιο

286 941 500 991 Βλασθαι,
530 938 623 980 ἐπεὶ
651 939 752 993 μηδ’
771 935 964 992 εὕρισκον
989 937 1059 980 τὸν
1077 935 1290 992 βάρβαρον
1310 938 1449 989 μένειν
1476 935 1633 985 αὐτοῦς
1653 935 1757 979 κατὰ

328 1002 474 1057 χώραν
505 1006 636 1046 ἐῶντα
665 1006 736 1045 καί
765 1002 923 1059 φόρους
962 1003 1074 1060 αὐτῷ
1103 1001 1410 1051 κατατίθεσθαι
1432 1000 1626 1043 ὁπωσοῦν
1662 1018 1761 1044 συν-

330 1071 558 1121 τιθέμενον.
616 1071 735 1110 ταῦτ’
768 1065 851 1123 ἄρα
876 1071 948 1110 καί
975 1067 1110 1123 ὅρκων
1134 1070 1410 1122 γεγενημένων
1437 1065 1458 1107 ὅ
1488 1069 1565 1119 μὲν
1588 1066 1760 1121 Πέρσης

192 1139 311 1175 Vas·
329 1129 415 1185 εἶχε
445 1132 520 1187 την
547 1133 689 1186 πόλιν,
730 1132 909 1183 καὶτοῖς
950 1134 995 1175 ἐκ
1031 1134 1109 1174 τοῦ
1145 1134 1287 1186 γένους
1323 1134 1495 1174 δίδωσιν
1533 1128 1663 1186 αὐτην
1701 1133 1760 1181 εἰς

326 1197 542 1251 ἐνοίκησιν,
571 1197 696 1239 αὐτοὶ
714 1199 760 1239 δὲ
779 1196 1108 1250 μεταναστάντες
1136 1200 1295 1238 ἐκεῖθεν
1322 1199 1417 1239 καθ’
1445 1194 1590 1252 ἑτέρας
1614 1196 1759 1252 χώρας
1776 1196 1824 1238 15

327 1263 400 1303 καί
426 1261 566 1311 πόλεις
594 1261 900 1317 διεσπάρησαν·
960 1262 1106 1303 πολλοὶ
1145 1263 1190 1304 δὲ
1230 1264 1304 1316 τῆς
1343 1263 1544 1317 πατρίδος
1578 1257 1760 1315 ἄγχιστα

325 1323 550 1380 πηξάμενοι
597 1325 788 1381 μόσυνα,
832 1323 939 1369 οὕτω
989 1327 1138 1368 δοκοῦν
1178 1327 1235 1384 τῷ
1268 1328 1446 1383 Πέρσῃ,
1485 1328 1761 1382 προσέμειναν

326 1389 512 1432 δούλειον
538 1388 759 1440 ὑποδύντες
786 1390 929 1445 ζυγόν,
979 1387 1040 1441 οἷς
1080 1391 1104 1446 ἦ
1147 1394 1220 1446 τῆς
1253 1393 1520 1446 ἐνεγκαμένης
1556 1389 1760 1446 γλυκύτης

324 1457 376 1512 τῇ
407 1453 547 1511 μνήμῃ
575 1458 819 1511 προσίζανεν
846 1453 1134 1506 ἀναπόνιπτος.
1189 1456 1262 1497 καί
1287 1457 1476 1497 τοιοῦτον
1502 1459 1579 1508 μὲν
1606 1458 1655 1512 τῇ
1680 1454 1757 1496 πό-

323 1522 390 1562 λει
418 1522 608 1578 Δαδίβρῃ
637 1523 752 1570 τέλος
780 1519 1035 1576 ἀπήντησεν·
1094 1521 1117 1562 ὅ
1152 1523 1200 1563 δὲ
1235 1518 1435 1574 βασιλευς
1470 1519 1575 1573 μετὰ
1615 1521 1823 1576 βραχὺαο

325 1586 384 1641 τῷ
418 1585 568 1642 Πέρσῃ
604 1584 877 1639 σπεισάμενος
923 1587 1135 1629 ἀπέδωκεν
1174 1586 1391 1635 ἀσπασίως
1434 1582 1513 1628 ὅσα
1557 1585 1636 1641 πρὸ
1683 1588 1759 1627 τοῦ

327 1648 485 1690 ἁλῶναι
510 1648 730 1704 Δάδιβροιν
758 1652 954 1708 ἀπῃτεῖτο
980 1653 1208 1707 χρήματα,
1249 1651 1306 1700 ὥς
1332 1652 1376 1701 ἐξ
1403 1649 1603 1704 ὄμμάτων
1622 1646 1759 1708 οὖσαν

281 1715 292 1722 ’
327 1713 404 1770 τὴν
433 1714 524 1756 τότε
552 1715 757 1770 αἰσχύνην
783 1719 944 1770 ταχέως
974 1718 1331 1773 ἀποτριψάμενος.

434 1780 545 1823 Ἀλλ’
571 1776 687 1823 οὔπω
714 1781 740 1836 ἢ
769 1781 987 1835 Ῥωμαίων
1026 1782 1139 1837 ἀρχὴ
1179 1782 1256 1838 τὴν
1291 1781 1427 1838 ἅλμην
1463 1782 1614 1836 ταύτην
1655 1781 1757 1823 ἀπέ-

425 1884 477 1927 14.
504 1889 583 1922 τοῖς
617 1885 658 1919 ἐκ
684 1888 752 1920 τοῦ
785 1886 835 1933 γ.]
874 1891 952 1925 τοῖς
988 1891 1239 1932 συγγενεῦσιν
1273 1886 1388 1921 αὐτοῦ
1418 1888 1453 1920 Β.
1604 1899 1653 1932 ¹7·
1685 1886 1757 1932 μό-

421 1930 529 1978 συνα]
561 1932 792 1974 ξυλοσπήτια
819 1934 854 1965 Β.
966 1935 1021 1968 23.
1046 1934 1140 1981 τότε]
1164 1940 1265 1975 τῆτες
1289 1935 1329 1968 Α.

327 2025 490 2070 undique
514 2026 773 2061 circumductos
797 2028 842 2062 iis
868 2029 930 2074 qui
955 2029 993 2062 in
1018 2027 1207 2062 moenibus
1232 2034 1332 2062 erant
1359 2027 1583 2068 ostendebat,
1609 2038 1758 2061 monens

328 2076 370 2103 ut
393 2071 517 2104 urbem
541 2073 750 2118 priusquam
790 2075 881 2107 belli
915 2075 1085 2109 fluctibus
1117 2076 1348 2115 obrueretur,
1388 2075 1455 2107 sibi
1491 2073 1758 2118 gubernandam

326 2117 530 2151 traderent:
563 2130 681 2164 neque
706 2121 801 2153 enim
826 2131 926 2165 spem
951 2123 1075 2155 salutis
1112 2123 1222 2154 ullam
1257 2123 1307 2154 eis
1344 2131 1550 2165 superesse;
1577 2130 1694 2164 neque
1720 2131 1757 2152 se

328 2163 414 2195 inde
440 2175 658 2198 recessurum
687 2167 759 2199 nisi
786 2168 874 2200 urbe
904 2173 1113 2212 expugnata.
1145 2168 1200 2201 his
1227 2168 1437 2212 spectaculis
1464 2171 1500 2199 et
1534 2165 1757 2198 sermonibus

327 2208 527 2242 Dadibre·ni
553 2211 656 2244 fracti
681 2213 725 2245 ad
751 2214 935 2257 pactiones
962 2214 1209 2255 descendunt,
1239 2215 1380 2258 iniquas
1406 2213 1552 2258 quidem
1576 2211 1668 2252 illas,
1684 2212 1779 2244 -sed'

330 2265 418 2298 quas
443 2257 612 2300 temporis
638 2260 823 2302 angustiae
858 2265 895 2292 et
926 2260 1053 2293 durum
1075 2261 1188 2293 telum
1210 2260 1402 2292 necessitas
1438 2256 1656 2302 flagitabant.
1693 2269 1758 2290 an-

329 2306 448 2333 nuunt
477 2310 514 2334 se
539 2303 661 2335 urbem
690 2306 833 2349 penitus
859 2305 1080 2347 deserturos,
1114 2312 1155 2339 ut
1187 2307 1318 2350 cuique
1354 2316 1432 2337 cum
1466 2304 1538 2336 suis
1566 2303 1756 2337 carissimis

331 2351 368 2378 et.
393 2348 677 2391 supellectilibus
702 2352 874 2384 incolumi
898 2353 999 2385 abire
1025 2353 1150 2385 liceret
1174 2363 1244 2396 quo
1262 2351 1388 2384 vellet:
1413 2360 1531 2394 neque
1557 2350 1651 2382 enim
1673 2350 1756 2382 bar-

331 2391 437 2425 barus
464 2404 523 2425 eos
548 2394 585 2426 in
609 2396 722 2439 patria
745 2409 888 2430 manere
915 2404 951 2430 et
974 2399 1111 2432 tributa
1139 2398 1318 2443 pensitare
1342 2397 1417 2441 pati
1442 2396 1566 2429 voluit.
1592 2395 1646 2428 his
1671 2406 1757 2429 con-

333 2438 531 2472 ditionibus
560 2441 789 2475 iureiurando
819 2444 987 2484 firmatis,
1016 2445 1118 2477 Persa
1146 2444 1270 2476 urbem
1295 2444 1367 2475 suis
1397 2441 1631 2487 popularibus
1655 2442 1756 2475 inco-

329 2484 475 2518 lendam
500 2485 611 2528 dedit,
630 2489 722 2521 cives
741 2490 779 2521 in
797 2489 884 2523 alias
904 2496 1012 2534 atque
1031 2490 1118 2522 alias
1134 2490 1293 2533 regiones
1312 2495 1347 2522 et
1369 2489 1475 2522 urbes
1493 2493 1576 2520 sunt
1593 2487 1754 2532 dispersi.

334 2531 480 2576 quidam
507 2533 614 2566 etiam
639 2534 763 2567 Persae
786 2546 966 2578 concessu,
994 2536 1181 2579 tuguriolis
1207 2536 1244 2568 in
1269 2536 1430 2579 proximo
1458 2535 1612 2574 structis,
1636 2545 1755 2567 amore

332 2578 470 2621 patriae
491 2580 671 2613 servitutis
697 2581 817 2624 iugum
838 2581 1046 2614 ‘subiet-unt.
1074 2593 1114 2614 ac
1138 2593 1216 2614 cum
1247 2583 1336 2614 urbe
1366 2581 1524 2614 Dadibra
1553 2580 1622 2612 hoc
1648 2580 1755 2612 modo

276 2651 279 2654 Α
334 2630 450 2656 actum
472 2630 533 2658 est.
562 2626 755 2671 imperator
781 2633 897 2661 autem
924 2629 1032 2671 paulo
1058 2634 1148 2672 post,
1168 2639 1254 2672 pace
1279 2639 1357 2660 cum
1382 2628 1485 2660 Persa
1509 2627 1613 2666 sacta,
1637 2626 1755 2658 liben-

333 2675 388 2702 ter
416 2671 472 2750 eil,
499 2671 638 2706 deterso
664 2672 820 2718 pudore,
848 2685 887 2707 ea
913 2674 1013 2708 dedit
1038 2686 1130 2720 quae
1167 2680 1250 2709 ante
1287 2675 1384 2708 illius
1411 2675 1508 2707 urbis
1536 2672 1755 2706 deditionem

333 2722 437 2762 postu
455 2723 538 2751 arat.
