1838 3210
486 192 558 232 DE
595 190 849 235 MANUELE
887 192 1147 254 commo
1186 195 1284 237 12113.
1315 197 1386 237 vt.
1547 179 1661 253 249

221 307 308 333 νοι·
364 291 583 348 μεταμέλῳ
610 290 692 345 γάρ
735 293 894 346 ἐλέγετο
922 295 1128 349 πληγῆναι
1146 293 1217 338 τὸν
1248 297 1423 351 Πέρσην
1448 291 1511 337 ὅτι
1540 293 1588 337 τὸ
1617 297 1663 338 ἐν

220 359 343 413 χερσὶ
372 358 532 412 παρῆκε
560 358 755 412 θήραμα,
784 355 1006 401 κάντεῦθεν
1027 361 1221 402 ἐνδοῦναι
1252 366 1339 410 τοῖς
1360 362 1527 409 οἰκείοις
1558 362 1662 403 ἐκεῖ·

221 439 274 465 να
306 424 499 466 ἐπιοῦσιν
525 424 815 465 ἐνδείκνυσθαι
835 420 914 465 ὅσα
932 427 1007 466 καί
1032 425 1113 480 πρὸ
1142 428 1226 468 ταῖν
1241 427 1430 468 σπονδῶν
1446 427 1543 481 ἐξῆν
1567 428 1662 468 δια-

221 488 494 543 πράττεσθαι.
553 489 607 529 ου’
635 490 818 530 πανσυδὶ
843 490 890 531 δὲ
916 488 988 531 καὶ
1013 490 1071 538 ὥς
1086 490 1205 546 ἡνίκα
1232 491 1285 533 τὰ
1315 492 1553 545 δυσέμβολα
1576 509 1662 546 χω-

182 554 295 609 5ριἀ
316 554 527 608 “Ρωμαῖοι
565 551 805 608 διήρχοντο,
845 553 886 597 οῖ
917 555 1097 611 Τοῦρκοι
1122 558 1392 611 παρείποντο,
1420 557 1526 600 ἀλλὰ
1554 557 1660 600 κατὰ

219 616 518 669 διαλειπούσαις
560 622 799 675 συμμορίας
840 619 1180 675 ἐπηκολούθουν·
1249 623 1290 664 οἱ
1332 624 1414 680 γὰρ
1444 622 1663 680 κράτιστοι

218 684 291 727 καί
314 689 500 726 πλεῖστοι
536 691 628 734 ταῖς
656 688 739 727 ταῖν
777 685 940 727 σκύλων
977 682 1199 742 ὠφελείαις
1226 686 1430 745 ἐζιιφορτοι
1454 688 1663 744 γενόμενοι

216 752 290 805 τῆς
316 749 461 792 οἴκαδε
491 751 701 806 φερούσης
718 747 891 806 ἥψαντο.
933 751 1040 807 πλὴν
1077 754 1151 795 καί
1178 752 1218 795 οἱ
1243 754 1527 809 παρεπόμενοι
1554 756 1662 797 ἐκεῖ.

214 830 281 858 νοι
310 814 488 865 πολλοὺς
513 817 771 872 διέφθειρον,
798 819 871 858 καί
895 816 1065 867 τούτους
1087 820 1271 871 μάλιστα
1298 817 1446 862 ὁπόσοι
1471 837 1663 875 τραυμα-

160 883 302 928 ιοτιἀι
329 897 374 924 τε
403 884 477 923 καί
506 882 744 936 α’πόμαχοι,
776 882 923 938 καίπερ
954 886 1030 926 τοῦ
1053 886 1259 937 βασιλέως
1285 884 1383 935 τούς
1410 886 1661 938 πολεμικοὺς

215 949 299 990 τῶν
325 945 541 1002 ἡγεμόνων
567 947 642 989 καί
673 949 950 1004 δραστηρίους
979 949 1175 1005 οόραγεῖν
1205 949 1484 1002 ἐπιτάξαντος.
1526 952 1584 1002 οὖς
1611 955 1698 997 δὲΟ

214 1011 321 1056 κατὰ
352 1011 429 1063 τὰς
460 1014 615 1062 Χώνας
656 1016 949 1070 παρεγένοντο,
987 1010 1160 1068 ἅσμενοι
1185 1017 1318 1059 ἐκεῖσε
1335 1017 1380 1059 τὸ
1406 1021 1507 1072 γόνυ
1536 1017 1659 1072 ἔκαμ-

213 1090 325 1132 ψαν,
364 1078 424 1128 ὦς
452 1079 590 1121 οὐκέτι
624 1078 722 1128 τούς
762 1082 985 1133 πολεμίους
1024 1079 1243 1134 ὀψόμενοι.
1305 1085 1480 1136 βασιλεῖ’
1513 1084 1560 1126 δὲ
1587 1086 1662 1126 καὶ

213 1143 362 1187 τούτου
393 1145 604 1199 ἐμέλησεν,
633 1141 792 1203 ἑκάστῳ
821 1148 1090 1199 καχεκτοῦντι
1116 1148 1306 1202 στατῆρα
1334 1150 1559 1191 διαδοῦναι
1585 1152 1662 1205 α’ρ-

155 1208 382 1265 ι5γύρεον,
414 1213 660 1263 νοσοκομίας
687 1209 857 1267 ἐφόδιον
887 1212 1156 1267 πρόσκαιρον.
1212 1212 1398 1267 καταβὰς
1427 1215 1475 1256 δὲ
1503 1216 1564 1264 εἰς
1579 1217 1661 1257 Φι-

212 1279 466 1332 λαδέλφειαν
501 1274 662 1332 ἡμέρας
696 1276 813 1326 τινας
847 1278 979 1319 ἐκεῖσε
1024 1279 1232 1332 διέτριψε,
1261 1278 1337 1334 τὴν
1362 1281 1440 1322 τοῦ
1469 1280 1660 1333 σώματος

211 1345 407 1386 διάθεσιν
451 1343 765 1397 ἀνακτώμενος,
794 1346 1091 1400 καθῃρημένην
1116 1340 1178 1395 οἷς
1206 1345 1426 1389 ἐπεπόνθει
1456 1347 1564 1390 κατὰ
1586 1347 1661 1392 τὸν

209 1410 402 1463 πόλεμον.
458 1411 755 1464 προεκπέμψας
793 1411 834 1451 δ’
876 1406 1071 1465 ἀγγέλους
1110 1409 1162 1453 τὰ
1190 1410 1487 1468 συμβεβηκότα
1523 1416 1659 1458 ταῦτα

208 1481 294 1525 τοῖς
323 1475 831 1525 Κωνστανιινουπολίταις
856 1478 1062 1531 παρίστα,
1090 1478 1168 1519 νῦν
1193 1480 1272 1531 μὲν
1298 1481 1544 1534 ταυτοπαθῆ
1570 1496 1660 1531 πως

145 1556 198 1583 20
209 1536 358 1583 ἑαυτὸν
386 1541 594 1598 εΡωμανιῑί
619 1543 675 1599 τῷ
699 1543 888 1595 Διογένει
916 1540 1231 1596 κατονομάζων,
1262 1544 1356 1586 ἐπεὶ
1382 1549 1453 1587 καὶ
1486 1540 1606 1595 οὗτος
1633 1545 1659 1587 ὅ

207 1605 408 1659 βασιλεὺς
435 1605 541 1648 κατὰ
579 1608 660 1649 τῶν
707 1606 904 1660 Τούρκων
941 1608 1159 1662 ἐξενεγκιόν
1199 1625 1300 1651 ποτε
1328 1609 1510 1663 πόλεμον
1538 1610 1586 1653 τό
1612 1626 1657 1652 τε

208 1671 313 1714 πολύ
349 1675 425 1726 τῆς
449 1676 649 1729 στρατιᾶς
677 1673 907 1726 α’πεβάλετο
937 1677 1010 1716 καί
1036 1674 1166 1724 αὐτὸς
1192 1677 1451 1732 συλληφθείς
1478 1673 1698 1733 ἅπήχθηο

211 1739 502 1792 αἰχμάλωτος,
531 1741 605 1780 νῦν
633 1739 679 1782 δὲ
708 1738 782 1787 τὰς
821 1738 927 1791 μετὰ
955 1741 1031 1781 τοῦ
1059 1738 1288 1782 σουλτάνου
1315 1740 1499 1791 σπονδάς
1527 1739 1653 1793 ύπεξ-

300 1851 334 1884 5.
358 1846 451 1882 cm&
484 1850 613 1894 γενεαὶ
637 1851 762 1895 γενεαὶ
790 1851 825 1883 Β.
933 1862 982 1885 ¹2.
1009 1849 1048 1884 τό
1079 1849 1191 1898 γόνυ]
1219 1849 1466 1896 εὖχαρίστησε
1499 1855 1552 1888 τῶ
1575 1855 1654 1889 θεοῖ

300 1897 352 1933 ὥς
376 1895 435 1930 δτι
461 1895 574 1931 οὐδὲν
597 1890 714 1930 κακὸν
739 1896 841 1931 αὔτῶ
863 1895 939 1932 ὑπὸ
961 1899 1034 1933 τῶν
1058 1899 1252 1944 πολεμίων
1279 1899 1424 1945 ἐγίνετο
1449 1900 1485 1932 Β.
1599 1903 1649 1947 ιιξ.

300 1953 480 2001 στατῆρα]
510 1952 579 1990 α’νᾶ
609 1944 652 2009 ²}
680 1955 769 1988 δέκα
791 1955 827 1988 Β.

206 2060 368 2102 paratam
392 2056 562 2101 praedam
587 2067 607 2089 e
626 2057 791 2090 manibus
816 2058 1013 2098 amisisset,
1046 2063 1083 2091 et
1105 2058 1179 2092 suis
1212 2059 1430 2092 concessisse
1455 2064 1497 2093 nt
1522 2061 1652 2094 Roma-

206 2105 263 2137 nis
288 2103 521 2136 ostenderent
545 2114 587 2136 ea
609 2116 703 2149 quae
730 2105 838 2137 etiam
861 2111 945 2138 ante
969 2116 1092 2149 pacem
1117 2106 1234 2138 facere
1258 2106 1471 2150 potuissent.
1496 2118 1569 2140 non
1595 2113 1651 2141 ta-

206 2161 290 2183 men
316 2155 394 2183 toto
427 2150 607 2191 exercitu,
644 2157 686 2184 ut
708 2156 784 2184 tum
823 2163 904 2185 cum
928 2152 1109 2196 angustias
1134 2152 1329 2185 transirent
1351 2154 1524 2194 Romani,
1553 2166 1651 2188 asse-

205 2197 419 2238 ctabantur,
459 2196 524 2230 sed
547 2208 591 2230 ex
626 2197 827 2232 intervallis
851 2204 888 2232 et
914 2199 1087 2232 seiunctis
1113 2198 1334 2232 cohortibus.
1358 2211 1439 2232 nam
1463 2200 1650 2245 plerique,

206 2243 335 2288 optimi
368 2244 504 2288 quique
544 2245 774 2288 praesertim,
795 2246 976 2279 manubiis
996 2245 1123 2278 onusti
1164 2245 1289 2278 domos
1314 2257 1396 2279 suas
1421 2248 1648 2291 repetebant.

204 2289 444 2323 nihilominus
478 2296 599 2323 tamen
633 2291 689 2324 illi
726 2292 790 2336 qui
828 2293 935 2336 tergis
977 2292 1217 2325 inhaerebant
1250 2293 1382 2326 multos
1410 2293 1650 2336 occidebant,

205 2336 412 2370 vulneratos
449 2338 660 2381 praesertim
685 2344 795 2383 atque
829 2339 1016 2379 imbelles,
1046 2340 1208 2383 quamvis
1235 2339 1432 2383 imperator
1453 2340 1650 2374 bellicosos

206 2387 245 2416 et
270 2389 434 2416 strenuos
472 2383 582 2416 duces
618 2390 815 2418 extremum
855 2397 980 2430 agmen
1012 2385 1182 2418 claudere
1213 2386 1386 2419 iussisset.
1417 2387 1481 2420 ubi
1507 2387 1650 2421 Chonas

204 2434 468 2474 pervenerunt,
493 2430 623 2475 cupide
649 2432 865 2476 quieverunt
889 2438 930 2466 ut
952 2432 1074 2465 hostes
1107 2443 1180 2465 non
1206 2433 1358 2477 amplius
1384 2433 1507 2466 visuri.
1532 2435 1651 2479 impe—

206 2481 304 2509 rator
326 2487 410 2510 vero
437 2478 634 2522 unicuique
660 2479 754 2511 male
787 2478 939 2512 habenti
972 2484 1141 2512 staterem
1166 2480 1335 2512 viaticum
1357 2479 1459 2513 dedit
1481 2480 1527 2513 ad
1555 2492 1652 2513 mor-

206 2520 294 2555 bum
314 2534 378 2566 pro
402 2528 563 2568 tempore
593 2525 800 2558 curandum.
828 2525 962 2559 Chonis
994 2525 1283 2570 philadelphiam
1309 2526 1514 2566 descendit,
1541 2532 1651 2571 atque

206 2566 263 2600 ibi
283 2567 331 2601 ad
355 2569 599 2603 valetudinem
636 2583 655 2604 a
679 2572 770 2605 belli
807 2573 986 2605 aerumnis
1027 2572 1258 2605 recreandam
1284 2573 1427 2617 aliquot
1451 2573 1527 2605 dies
1555 2584 1653 2606 com-

207 2619 389 2655 moratus,
428 2618 632 2660 praemissis
667 2618 705 2651 in
734 2618 859 2652 urbem
893 2619 1031 2652 nuntiis
1067 2625 1249 2664 acceptam
1282 2620 1420 2652 cladem
1449 2619 1653 2663 Cpolitanis

206 2670 273 2705 per
295 2660 434 2694 litteras
456 2663 691 2706 significavit3
715 2666 754 2698 in
779 2665 911 2711 quibus
935 2677 1031 2699 nunc
1055 2665 1151 2698 idem
1177 2666 1247 2699 sibi
1273 2666 1372 2711 qnod
1389 2668 1548 2699 Romano
1562 2666 1653 2698 Dio-

207 2706 291 2751 geni
316 2706 489 2741 accidisse
513 2710 743 2754 querebatur,
770 2713 834 2757 qui
859 2711 958 2745 bello
984 2712 1186 2745 Sarracenis
1211 2713 1315 2745 illato
1339 2723 1501 2755 magnam
1529 2713 1652 2756 copia-

209 2763 286 2788 rum
308 2758 446 2800 partem
469 2755 647 2792 amisisset
669 2763 708 2792 et
730 2759 807 2804 ipse
832 2764 957 2804 captus
982 2759 1128 2792 fuisset:
1152 2761 1250 2792 nunk
1273 2758 1499 2794 Sultanicum
1522 2758 1650 2793 foedus
