1878 3230
501 168 555 208 m
601 167 838 209 mcETAM
877 162 1211 209 c‘nomA'rAM.
1467 149 1570 204 881

205 294 211 297 »
263 267 313 309 Ρ.
338 268 429 318 116,
468 283 529 324 19.
583 266 634 310 τά
665 269 886 324 Κέρκυρα]
915 270 1076 311 sortasse
1104 268 1259 311 librarii
1280 281 1394 309 error
1420 274 1480 308 est
1504 281 1579 322 pro

149 317 223 375 τὴν
255 323 494 374 Κέρκυραν.

257 378 311 416 Ρ.
347 378 435 427 125,
467 393 503 418 α.
560 393 636 432 pro
662 374 879 431 Κομνηνὸς
908 379 1071 419 fortasse
1094 377 1313 433 legendum
1340 376 1578 430 Βρυέννιος,

148 430 224 470 nisi
266 432 374 471 forte
414 432 788 492 filius‘cognomen
827 448 850 472 a
896 440 1027 474 matre
1074 441 1238 487 propter
1277 434 1578 486 imperatoriam

149 487 311 540 stirpem
342 490 550 541 acceperit.

252 541 299 583 P.
331 542 420 592 126,
455 555 518 584 10.
573 539 665 581 ἐπεὶ
691 539 738 580 δὲ
766 533 896 580 ἅπασι
926 537 1093 594 σχεδόν]
1133 541 1235 581 alter
1257 542 1382 582 codex
1412 542 1701 596 breviu3P.427

147 594 316 634 eandem
363 598 597 637 sententiam
634 596 943 648 complectitur,
983 596 1045 635 his
1089 598 1251 636 verbis:
1297 595 1335 636 οἱ
1381 596 1578 649 doz-9025-

145 662 249 700 σχαι
282 651 425 703 φασίν,
470 651 767 703 ἑπακριβοῦται
803 649 861 705 τῷ
896 649 1053 705 ἀγγέλῳ
1082 647 1108 703 ἦ
1136 647 1303 702 ἔξοδος,
1345 647 1400 698 (ὃς
1431 650 1471 691 οἱ
1498 652 1579 691 τῶν

146 702 334 754 ἀστέρων
359 705 516 756 ‹lya-902
545 701 832 757 σχηματισμοὶ
862 702 1113 745 ἐνεδίδοσαν.

254 758 305 798 P.
331 760 421 811 155,
470 761 530 800 13.
584 758 630 798 ἐκ
661 756 742 812 γὰρ
784 759 860 798 ποῦ’
889 757 1022 797 αὐτοῦ
1050 756 1223 816 πατρός]
1258 760 1437 801 Eudocia
1463 760 1583 802 tertio

145 812 272 865 gradu
305 815 439 869 attigit
466 814 770 860 Andronicum,
804 813 880 853 hoc
910 815 1059 856 modo:

312 886 716 914 ij
752 867 924 908 AleXlUS
952 886 1384 920 m

307 919 507 971 Iohannes
751 924 896 965 fratres
940 942 942 947 v
1226 920 1398 963 Isaacius

307 974 560 1014 Andronicus
734 978 932 1031 patrueles
1218 975 1478 1020 Andronicus

307 1029 490 1068 Eudocia
518 1049 1236 1058 -————--——-—-—--—-
1259 1032 1414 1074 incesti.

255 1084 305 1127 P.
341 1084 436 1133 135,
469 1081 533 1134 24.
589 1082 688 1136 περὶ
730 1075 781 1122 οὗ
809 1079 977 1133 εἴπομεν
1005 1076 1198 1135 ὄπισθεν]
1231 1086 1286 1124 sic
1325 1101 1447 1140 supra,
1482 1087 1581 1141 περὶ

146 1130 198 1176 οὗ
226 1135 463 1189 ἐζιιπροσθεν
493 1137 672 1186 λέξομεν.
728 1137 838 1178 unde
866 1144 1034 1191 apparet
1073 1130 1245 1176 ὄπισθεν
1284 1141 1334 1179 ad
1380 1147 1577 1195 praeteri-

145 1198 247 1239 tum,
279 1189 513 1244 ἑζιιπροσθεν
541 1192 589 1230 ad
621 1192 803 1232 futurum
835 1199 993 1245 tempus
1021 1192 1225 1245 pertinere
1251 1194 1347 1235 huic
1372 1200 1578 1251 scriptori,

146 1248 364 1287 verborum
390 1245 676 1300 significatione
702 1254 952 1286 commutata
983 1253 1027 1286 et
1052 1248 1222 1287 inversa.

140 1345 155 1355 „
191 1334 194 1338 .
250 1303 303 1344 Ρ.
329 1300 415 1351 141,
435 1313 500 1340 2¹.
527 1297 720 1353 ἱππότην]
733 1298 837 1351 μετὰ
852 1297 1161 1351 κονταρίωνκαί
1172 1297 1332 1352 ἀλόγων
1349 1302 1576 1356 α’ραβικῶν.

250 1357 301 1398 Ρ.
332 1355 432 1407 142,
464 1369 528 1397 20.
582 1351 859 1407 μετεωριζων]
890 1355 1062 1404 παίζων.

251 1410 301 1461 Ρ.
329 1411 427 1462 146,
468 1409 529 1452 18.
584 1409 776 1465 Κιλικίᾳ]
803 1409 1011 1465 Ἀρμενίᾳ.
1031 1409 1275 1450 creberrima
1290 1419 1350 1452 est
1369 1414 1467 1454 haec
1482 1430 1572 1469 per·
1583 1419 1701 1464 P.428

140 1467 328 1506 mutatio.
384 1478 478 1504 nam
507 1472 686 1504 vetusius
713 1467 834 1504 codex
862 1465 943 1504 fere
972 1479 1129 1518 semper
1154 1465 1247 1504 α’ντί
1273 1468 1471 1508 Λατίνων
1494 1471 1572 1520 μὲν

143 1517 372 1575 φράγγους,
404 1517 497 1558 α’ντί
526 1518 572 1559 δὲ
602 1517 799 1565 Κιλικίας
826 1518 1045 1571 Ἀρμενίαν
1071 1520 1225 1571 τίθησι.

251 1575 302 1618 Ρ.
335 1574 421 1622 151,
458 1588 517 1628 19.
574 1567 624 1626 ἦν
664 1572 710 1612 δὲ
734 1569 857 1625 καλή]
900 1573 1025 1612 verba
1059 1574 1114 1613 sic
1142 1581 1302 1617 sonant.
1332 1586 1418 1616 erat
1440 1588 1572 1618 autem

137 1631 312 1676 tbrmosa
340 1630 571 1679 mulier-fet
598 1627 716 1667 valde
731 1630 923 1680 formosa
930 1658 942 1677 ,
982 1637 1022 1666 et
1046 1641 1168 1682 supra
1196 1630 1360 1668 modum
1368 1633 1573 1684 Jbrmom,

142 1694 178 1725 el
205 1684 508 1738 incomparabili
528 1683 835 1737 pulchritudine,
871 1690 911 1720 ut
931 1683 1060 1735 plane
1098 1696 1224 1735 nugae
1247 1694 1375 1723 essent
1398 1688 1456 1725 ad
1479 1703 1574 1726 eam

140 1741 312 1779 collatae
346 1739 392 1777 V
387 1752 480 1778 enus
507 1739 592 1776 risu
614 1738 805 1790 gaudens,
835 1746 874 1775 et
899 1750 1023 1775 aurea
1052 1737 1153 1776 Iuno
1181 1739 1369 1777 candidis
1402 1742 1594 1780 brachiis·

141 1803 181 1833 et
202 1793 418 1847 grandibus
447 1794 592 1841 oculis,
638 1802 677 1831 et
702 1792 897 1831 Lacaena
926 1792 1041 1843 longo
1068 1793 1170 1830 collo
1198 1801 1238 1830 et
1263 1795 1443 1846 pulchris
1468 1799 1574 1847 talis,

141 1863 245 1903 quas
273 1857 434 1887 vetustas
461 1849 510 1888 ob
521 1848 707 1898 formam
735 1847 1029 1885 immortalitati
1054 1850 1300 1890 consecravit.
1329 1857 1366 1886 et
1391 1860 1574 1889 caeterae

140 1906 346 1943 universae
373 1916 546 1958 quarum
561 1903 726 1954 insignis
734 1901 986 1956 pulchritudo
1003 1901 1116 1939 libris
1136 1910 1174 1939 et
1190 1901 1364 1941 historiis
1393 1906 1574 1944 celebra.

141 1966 218 1998 tur.
275 1957 372 1997 haec
397 1959 439 1996 in
467 1959 729 1996 conversione
759 1956 809 1995 de
834 1955 1028 1995 industria
1063 1958 1342 2008 praetermissa
1384 1959 1448 1997 hic
1474 1961 1574 1998 sub..

142 2012 250 2064 ieci,
293 2027 344 2052 ne
383 2026 447 2051 me
486 2011 750 2065 negligentiae
804 2018 1016 2062 accusent,
1054 2011 1186 2063 siqui
1217 2010 1325 2050 forte
1366 2021 1458 2053 sunt
1504 2016 1575 2068 qui

139 2068 300 2121 ineptiis
336 2067 599 2106 delectentur.

253 2121 304 2162 P.
336 2122 426 2171 152,
457 2120 495 2163 6.
552 2118 623 2159 καί
653 2122 744 2167 ταῖς
772 2118 929 2160 ἐκεῖθεν
958 2117 1150 2159 κολάσεσι
1187 2121 1248 2160 ad
1280 2122 1443 2173 inferna
1477 2137 1574 2177 sup-

137 2176 274 2230 plicia
301 2185 344 2215 ut
372 2178 487 2215 homo
513 2175 657 2229 impius
684 2176 914 2228 rapiendus,
970 2190 1162 2228 quorsum
1191 2175 1362 2216 attinent
1388 2179 1462 2216 ista
1490 2185 1573 2217 tra-

142 2233 265 2284 gica?
317 2230 565 2269 Christianae
595 2231 752 2268 caritati
783 2231 918 2269 nescio
950 2244 1069 2282 quam
1114 2237 1404 2279 consentanea,
1454 2234 1574 2285 plena

142 2293 250 2324 certe
278 2285 607 2335 inhumanitatis3
646 2298 770 2337 quare
796 2299 819 2323 a
860 2299 924 2324 me
965 2286 1241 2337 praetermissa
1277 2295 1381 2325 sunt.
1437 2287 1575 2326 videat

143 2340 312 2393 quisque
342 2347 386 2378 ut
415 2342 498 2392 ipse
527 2347 637 2378 recte
672 2339 784 2378 vivat
821 2346 860 2377 et
903 2340 1007 2379 hene
1045 2342 1268 2379 moriatur:
1299 2341 1491 2380 iudicium
1523 2342 1574 2380 de

143 2393 230 2433 aliis
257 2394 456 2448 relinquat
484 2395 561 2434 deo
582 2423 593 2444 ‚
634 2395 748 2433 cuius
775 2393 924 2434 iudicia
952 2394 1070 2448 longe
1099 2396 1176 2434 alia
1214 2403 1309 2435 sunt
1346 2410 1470 2448 quam
1498 2395 1573 2433 ho-

143 2448 315 2499 minum,
346 2451 577 2502 pracsertim
612 2449 849 2501 ineptorum.

254 2503 303 2542 P.
349 2503 440 2552 160,
482 2518 520 2557 7.
578 2500 908 2555 κουζασθλάνην]
954 2503 1146 2557 siguificat
1183 2503 1293 2542 haud
1331 2503 1451 2541 dubie
1494 2507 1704 2554 voxv.3.f5s

145 2561 243 2596 haec
272 2557 450 2609 aliquid,
490 2564 536 2595 ut
562 2565 602 2596 et
637 2553 971 2610 μούρτζουφλοςε
1018 2558 1087 2597 sed
1127 2560 1300 2610 scriptor
1337 2558 1440 2596 hanc
1483 2558 1568 2598 aliis

145 2625 270 2665 aeque
300 2625 345 2650 ac
369 2611 443 2650 sibi
470 2618 606 2650 notam
631 2626 713 2651 esse
738 2619 850 2651 ratus
878 2625 956 2650 non
988 2612 1220 2651 declaravit.

255 2665 306 2705 P.
340 2665 430 2712 165,
458 2665 518 2708 3..
551 2665 870 2719 βλαὸίστλαβος]
898 2666 938 2704 id
966 2667 1153 2706 fortasse
1174 2678 1320 2704 nomen
1367 2672 1452 2714 est,
1498 2681 1571 2719 pro

144 2718 358 2774 quo'nunc
386 2718 612 2758 Ladislaum
642 2728 848 2774 usurpant.

280 2790 428 2825 Nicetas
460 2789 665 2825 Choniates.
1313 2790 1356 2822 56
