1878 3230
248 170 363 238 484
690 184 919 228 mcmAE
960 182 1270 226 cnomATAss

208 286 273 329 Βό
303 288 386 328 τῶν
419 285 509 326 τότε
538 283 638 324 κατὰ
667 281 878 324 θάλατταν
910 283 1121 337 πειρατῶν
1147 281 1364 336 κράτιστος
1374 313 1386 332 ,
1419 280 1439 322 ὅ
1470 282 1684 339 Μεγαρεῖ-

250 366 322 405 της
364 348 633 401 καλούμενος,
675 344 897 399 ἑπαμύνων
931 348 1126 403 Ἰσαακίῳ
1168 346 1341 387 ἅνωϊστί
1384 346 1554 388 ἐπέθετο
1597 352 1686 396 ταῖς

250 416 407 465 ναυσί,
451 414 729 465 κεκενωμένας
772 410 909 467 εὑρών
953 414 1034 454 τῶν
1071 412 1235 466 ἀνδρῶν
1279 411 1337 459 εἰς
1370 409 1443 452 τὸν
1489 417 1687 466 χερσαῖον

249 477 439 530 ἐξιόντων
468 477 662 530 πόλεμον.
718 476 757 519 οἱ
790 478 836 519 δὲ
864 476 1121 532 τριηράρχαι
1149 475 1200 516 οὐ
1225 475 1351 529 μόνον
1382 471 1503 517 οὐδέν
1531 490 1572 516 τι
1594 490 1683 529 γεν.

249 549 368 587 ναῖον
396 540 710 598 κατώρθωσαν,
742 541 846 584 ἄλλα
879 545 952 586 καί
984 541 1112 597 χερσὶ
1144 542 1224 584 τῶν
1263 540 1455 583 ἐναντίων
1494 541 1726 595 εὕμαρῶςό

247 606 450 650 ἑάλωσαν.
506 609 579 650 καί
606 608 763 656 αὐτούς
789 609 866 660 μὲν
884 610 941 665 τῷ
970 608 1215 663 Μεγαρείτῃ
1245 607 1466 648 ἐκδίδωσιν
1487 603 1691 654 Ἰσαοὶκιος

249 674 292 722 ἐς
311 669 335 712 δ’
362 688 402 714 τι
435 670 628 726 βούλεται
654 672 917 727 χρήσασθαι·
978 673 1052 713 καί
1080 668 1168 725 εἶχε
1198 667 1370 719 τούτους
1405 668 1510 723 μετὰ
1542 668 1693 725 μικρὸν

117 747 155 779 V.
177 747 237 792 ¹95
250 737 417 780 Σικελία
445 737 519 779 καί
547 738 570 778 ὁ
602 739 759 792 ταύτης
784 736 1003 792 τύραννος,
1033 738 1094 785 εἰς
1121 734 1166 778 ὃν
1182 736 1240 785 (ὃς
1269 733 1473 790 δεσπότην
1494 734 1515 777 ὃ
1542 737 1693 789 Μεγα-

251 803 386 858 ρείτης
416 803 595 859 ἀνέφερε
627 801 678 845 τά
708 800 877 843 ἑαυτοῦ.
939 799 960 842 ὅ
992 804 1028 843 δ’
1052 799 1257 850 Ἰσαάκιος
1287 801 1465 851 πολλοὺς
1494 803 1573 853 μὲν
1610 802 1694 842 τῶν

245 866 464 921 Ῥωμαίων
482 866 590 922 μετα
618 867 695 923 τὴν
728 863 855 922 ἧτταν
884 873 971 917 τοῖς
1001 867 1165 916 οἰκείοις
1193 867 1384 916 κατέλεξε
1413 865 1563 918 τέλεσι,
1589 869 1691 907 πολ-
1710 879 1756 913 ιο

251 933 349 983 λούς
377 935 424 975 δὲ
454 932 528 975 καί
553 933 719 989 α’γριάις
747 938 908 982 ποιναῖς
933 933 1236 986 καθυπέβαλεν,
1265 930 1407 980 ὁποῖος
1435 926 1554 980 οὗτος
1584 926 1692 972 ἄπα-

250 1001 446 1054 ραίτητος
476 995 534 1040 ὢν
555 996 784 1053 κολαστής,
817 999 861 1040 ἐν
890 995 951 1047 οἷς
979 996 1053 1039 καί
1074 997 1144 1040 τὸν
1165 995 1431 1050 Ῥεντακηνόν
1452 997 1690 1047 Βασίλειον,

124 1075 158 1108 P.
173 1075 240 1110 238
253 1066 414 1106 πελέκει
444 1065 490 1106 ἐκ
520 1065 595 1105 τοῦ
621 1063 793 1118 γόνατος
819 1062 1002 1119 θάτερον
1027 1063 1108 1105 τῶν
1138 1064 1277 1104 ποδῶν
1305 1059 1499 1114 ἔκτεμών.
1556 1056 1609 1116 ἦν
1647 1063 1695 1102 δὲ

252 1128 273 1170 ὃ
305 1128 407 1183 α’νὴρ
439 1124 562 1178 οὗτος
589 1123 757 1183 ἄριστος
800 1127 853 1170 τοὶ
896 1130 1096 1182 πολέμια,
1137 1127 1210 1169 καί
1247 1128 1307 1184 τῷ
1329 1126 1530 1184 Ἰσαακίῳ
1564 1124 1693 1182 τούτῳ

253 1194 309 1243 ιὸς
336 1195 533 1247 Ἀχιλλεῖ
556 1195 658 1234 ποτὲ
679 1195 825 1245 Φοῖνιξ
852 1193 1002 1246 μύθων
1031 1209 1076 1234 τε
1109 1191 1239 1248 ῥητὴρ
1261 1193 1334 1234 καί
1359 1193 1440 1234 τῶν
1466 1193 1695 1245 πολεμικῶν
1712 1194 1759 1235 ι5

252 1257 385 1314 ἔργων
414 1257 661 1307 διδάσκαλος
691 1259 912 1315 πεφηνιός·
973 1256 1248 1315 ὀργιλώτατος
1282 1259 1319 1298 δ’
1361 1252 1418 1298 ὢν
1457 1256 1696 1312 α’νθροόπων

252 1324 274 1366 ὃ
300 1325 510 1373 Ἰσαάκιος
538 1325 610 1365 καί
638 1322 742 1365 κατὰ
771 1327 926 1378 λέβητα
956 1323 1180 1378 καχλάζων
1205 1321 1275 1365 αἐἱ
1297 1324 1354 1380 τῷ
1381 1325 1524 1381 θυμῷ,
1557 1320 1696 1378 παρά-

255 1386 368 1445 φορά
397 1404 439 1430 τε
468 1386 753 1444 φθεγγόμενος
786 1390 829 1430 ἐν
854 1392 911 1445 τῷ
930 1390 1062 1442 χολᾶν
1091 1387 1164 1430 καί
1193 1386 1269 1443 τήν
1307 1389 1419 1429 κάτω
1446 1389 1568 1441 γένυν
1596 1402 1695 1443 τρο-

252 1456 415 1507 μαλέαν
445 1452 631 1505 δεικνύς,
674 1455 746 1494 καί
772 1449 908 1503 ἄλλως
943 1455 988 1495 δὲ
1019 1453 1099 1507 οὐχ
1127 1451 1249 1506 ἱλαρὰ
1291 1455 1484 1508 θρέπτρα
1527 1453 1697 1495 ἐκτίνειν

255 1517 400 1572 εἰδώς,
428 1516 599 1575 τοιαύτῃ
630 1518 810 1576 τιμωρίᾳ
840 1517 913 1560 τὸν
946 1516 1102 1560 ἑαυτοῦ
1130 1517 1446 1571 καθυποβάλλει
1481 1519 1696 1572 παιδαγω-
1708 1534 1763 1562 20

254 1583 340 1638 γόν.
393 1582 437 1626 τὸ
469 1584 515 1625 δὲ
545 1583 743 1625 ναυτικὸν
768 1585 928 1637 πλῆθος
955 1582 1062 1625 ἔνθα
1098 1582 1135 1625 οἱ
1164 1583 1269 1638 πρὸς
1300 1585 1456 1638 βουλῆς
1491 1585 1698 1640 διαφῆκεν

257 1649 398 1692 ἵεσθαι
407 1682 420 1702 ‚
450 1650 492 1692 οἳ
508 1650 580 1691 καί
601 1649 657 1698 ὥς
683 1651 729 1692 ἐκ
756 1650 958 1703 ναυαγίου
985 1650 1153 1704 μακροῦ
1175 1646 1341 1705 χρόνιοι
1369 1648 1417 1690 τὰ
1447 1646 1552 1690 οἴκοι
1581 1648 1698 1690 κατέ-

355 1796 384 1819 ι.
404 1783 423 1817 o‘
439 1782 480 1818 ἐν
494 1784 537 1827 τῆ
552 1784 723 1827 θαλάσση
742 1784 961 1830 περιπατῶν
986 1786 1227 1829 κουρσάριος,
1253 1781 1274 1817 ὁ
1293 1781 1368 1817 α’πὸ
1396 1783 1560 1819 σικελίας
1583 1790 1701 1828 μεγα-

354 1832 455 1875 ρίτης
467 1831 503 1864 Β.
552 1834 583 1867 3.
607 1834 682 1867 τῶν
699 1830 863 1879 ἀνδρῶν]
884 1832 951 1865 τοῦ
974 1830 1249 1877 στρατεύματος
1260 1830 1298 1871 Α,
1314 1835 1350 1863 et
1372 1829 1545 1868 ἐξιόντος.
1593 1827 1625 1872 4.
1641 1827 1698 1874 δὲ]

350 1879 479 1910 τοίνυν
492 1877 530 1910 Α.
579 1880 609 1912 5.
623 1877 720 1925 sim]
734 1880 840 1916 ’τέλος
852 1879 892 1911 Α.
945 1879 994 1913 13.
1011 1876 1172 1935 πελέκει]
1190 1875 1277 1914 τοὺς
1300 1875 1368 1910 δύο
1389 1874 1510 1913 πόδας
1533 1875 1700 1918 ἐκκόψας

355 1921 428 1956 α’πὸ
453 1926 527 1958 τῶν
550 1924 722 1969 γονάτων
746 1925 865 1958 αὔτοῦ
889 1925 926 1957 B.
1053 1927 1102 1959 18.
1127 1935 1197 1966 την
1223 1922 1338 1970 κάτω]
1364 1919 1407 1956 τὰ
1433 1920 1701 1967 καταμάγουλα

355 1971 430 2005 τῶν
453 1973 612 2015 γενείων
634 1969 754 2005 αὐτοῦ
773 1965 849 2005 ὑπὸ
871 1973 933 2013 τῆς
958 1969 1074 2017 ὀργῆς
1098 1970 1215 2006 κινῶν
1239 1970 1276 2002 B.
1377 1981 1426 2014 ¹9·
1453 1968 1638 2004 δεικνύων
1661 1968 1700 2001 Δ.

265 2096 340 2124 rata
365 2092 560 2135 Megarita,
586 2094 649 2138 qui
676 2104 779 2138 opem
807 2094 947 2126 ferebat
970 2094 1105 2126 Isaacio
1121 2118 1130 2134 ‚
1166 2094 1256 2126 clam
1282 2103 1389 2125 naves
1424 2102 1551 2124 vacuas
1576 2090 1706 2124 militi-

265 2138 332 2170 bus
361 2137 406 2170 ad
430 2143 598 2171 terrestre
620 2140 795 2184 praelium
824 2141 971 2184 egressis
1011 2140 1207 2184 occupavit.
1241 2141 1364 2183 itaque
1391 2137 1607 2171 trierarchae
1629 2148 1704 2171 non

265 2183 372 2216 modo
389 2184 528 2216 nullum
545 2185 685 2218 illustre
712 2187 850 2218 facinus
878 2186 1081 2226 ediderunt,
1106 2186 1168 2218 sed
1185 2186 1342 2229 denique
1362 2184 1470 2216 etiam
1485 2184 1524 2216 in
1542 2182 1703 2216 hostium

266 2241 391 2262 manus
417 2236 611 2272 venerunt;
638 2237 673 2263 et
688 2232 883 2275 Megaritae
908 2232 1058 2265 arbitrio
1082 2232 1246 2276 permissi
1271 2231 1316 2263 ab
1344 2230 1480 2262 isaacio
1496 2230 1605 2275 paulo
1621 2235 1706 2274 post

268 2275 312 2307 :ul
342 2276 487 2308 Siciliae
511 2282 724 2319 tyrannum,
753 2278 798 2310 ad
825 2290 931 2322 quem
958 2278 1021 2310 ille
1046 2284 1086 2311 ut
1110 2277 1293 2310 dominum
1318 2287 1399 2310 suas
1424 2277 1583 2309 actiones
1610 2276 1705 2309 refe-

269 2322 392 2362 rebat,
419 2327 504 2355 sunt
531 2321 707 2366 perducti.
733 2325 888 2357 Isaacius
916 2335 1000 2357 vero
1033 2330 1117 2369 post
1144 2325 1328 2356 victoriam
1363 2322 1497 2355 multos
1529 2323 1706 2355 Romanos

269 2368 306 2401 in
334 2378 415 2400 suas
443 2367 607 2401 cohortes
633 2370 779 2411 retulit,
805 2371 937 2403 multos
965 2370 1171 2403 crudelibus
1205 2370 1330 2414 poenis
1369 2369 1509 2410 affecit,
1550 2374 1591 2402 ut
1629 2374 1707 2402 erat

269 2419 385 2447 tortor
409 2413 662 2456 inexorabilis,
688 2420 797 2460 atque
832 2417 928 2448 inter
952 2422 1110 2448 caeteros
1143 2417 1383 2448 Rentacenum
1410 2415 1605 2455 Basiliam,
1648 2415 1707 2448 eui

270 2461 422 2494 alterum
448 2460 576 2505 pedem
605 2472 624 2493 a
651 2472 742 2504 genu
778 2462 893 2494 securi
924 2462 1085 2494 resecuit.
1125 2467 1200 2495 erat
1241 2463 1270 2494 is
1306 2462 1360 2494 vir
1392 2461 1707 2501 bellicosissimus,

273 2512 310 2540 et
335 2512 375 2540 ut
397 2506 571 2541 Achillem
599 2507 774 2548 Phoenix,
812 2508 862 2541 ita
886 2508 962 2552 ipse
989 2508 1072 2539 olim
1098 2508 1269 2547 isaacium
1300 2513 1337 2540 et
1362 2508 1398 2540 in
1423 2508 1631 2552 eloquentia
1671 2512 1708 2541 et

273 2554 310 2586 in
336 2564 372 2586 re
397 2553 545 2586 militari
571 2553 762 2586 erudierat.
791 2565 832 2586 ao
858 2554 921 2586 tali
950 2554 1108 2598 praemio
1134 2555 1290 2587 Isaacius
1317 2554 1476 2587 omnium
1500 2554 1708 2587 mortalium

272 2599 424 2633 maxime
462 2599 678 2639 iracundus,
721 2605 757 2633 et
800 2601 838 2632 in
878 2600 929 2631 ira
969 2600 1098 2633 lebetis
1137 2601 1249 2634 instar
1285 2605 1514 2642 exaestuans,
1557 2611 1597 2633 ac
1634 2605 1708 2633 tre-

273 2651 394 2679 mente
437 2651 558 2678 mento
599 2645 752 2678 absurde
791 2646 964 2690 loquens,
1005 2646 1249 2691 paedagogum
1295 2658 1398 2680 suum
1445 2652 1499 2680 est
1543 2656 1708 2679 renume-

275 2697 383 2726 ratus.
431 2692 609 2725 nauticam
651 2702 734 2725 vero
771 2692 934 2732 turham,
981 2703 1053 2736 quo
1096 2693 1249 2738 quisque
1290 2693 1400 2727 vellet
1418 2719 1426 2734 ,
1471 2693 1571 2726 abire
1611 2692 1705 2726 sivit.

276 2739 338 2783 qui
373 2744 543 2784 tanquam
580 2749 622 2771 ex
662 2738 831 2773 diuturno
867 2739 1074 2783 naufragio,
1121 2750 1198 2774 sero
1237 2739 1380 2774 domum
1429 2739 1635 2780 redierunt,
1675 2739 1705 2772 si
