1878 3230
260 156 370 222 442
678 142 905 212 ΝιοὲΤΑΕ
938 170 1246 212 cuomATAss

262 271 520 322 τελουμένοις
546 270 771 320 α’πείπατο,
800 269 1012 320 ἐκκλίνων,
1041 267 1097 317 ὥς
1124 266 1255 320 ἔοικε,
1292 266 1366 319 τὴν
1390 269 1560 316 κωτίλον
1596 267 1680 325 φή-

261 351 354 388 μην,
381 333 409 387 ἢ
437 332 487 373 τὰ
519 334 563 374 έν
586 335 754 388 κρυπτῷ
782 333 974 387 δρώμενα
1003 335 1121 390 διορᾷ
1147 336 1217 375 καὶ
1243 335 1385 387 τίθησι
1410 339 1496 381 τοῖς
1527 331 1680 376 ἅπασιν

222 408 248 439 Β
262 399 418 454 ἔκφορα
438 431 450 450 ,
478 398 700 452 ἀνατίθησι
729 400 775 440 δὲ
805 397 878 451 τήν
903 397 1100 453 μυσαριὶν
1127 398 1282 453 ταύτην
1305 399 1598 452 νυκτεργασιάν
1623 401 1681 455 τῷ

254 464 676 519 “Αγιοχριστοφορίτῃ
704 464 927 519 Στεφάνῳ,
958 458 1010 504 οὗ
1040 463 1232 511 πολλάκις
1259 461 1536 517 ἐμνήσθημεν.
1588 459 1609 504 ὃ
1636 465 1682 505 δὲ

260 526 329 569 τὸν
358 526 452 580 Σήθ
477 527 757 580 παραλαβών,
790 529 836 569 ἐκ
868 526 1096 581 βούπαιὸος
1133 528 1418 580 τετελεσμένον
1454 525 1504 569 τά
1549 526 1720 571 τοιαδίὄ

260 593 331 633 καί
357 589 512 632 τούτων
539 594 673 633 ἕνεκεν
701 594 922 634 ἐκκοπέντα
947 591 1022 641 τάς
1053 592 1180 647 κόρας
1219 590 1334 646 παρὰ
1371 593 1448 633 τοῦ
1479 594 1685 646 βασιλέως

261 656 495 711 ῙΙΊανουήλ,
522 655 578 705 ὥς
606 658 650 698 έν
674 663 757 705 τοῖς
785 659 881 711 περὶ
907 658 1063 699 ἐκείνου
1085 657 1219 710 λόγοις
1247 657 1470 711 εἰρήκαμεν
1479 689 1493 710 ,
1528 655 1686 712 ἐρώτη-

262 737 327 762 σιν
354 723 496 774 τίθησι
528 723 580 762 δι’
608 715 665 763 ὧν
690 719 864 776 ἔδρασεν
891 718 989 775 (ὅσα
1010 723 1104 774 ε’μοί
1129 723 1205 774 μὲν
1230 723 1388 776 γνῶναί
1400 737 1443 763 τε
1467 723 1540 763 καί
1555 722 1686 774 εἰπεῖν

263 786 343 838 οὐχ
374 783 474 838 ἡδύ,
503 789 657 838 μαθεῖν
686 787 725 826 ‹5’
756 782 960 840 ἑτέρωθεν
985 783 1119 836 ἔξεστι
1146 793 1229 836 τοῖς
1261 788 1545 841 βουλομένοις)
1579 786 1685 828 εἰδέ-

262 865 332 891 ναι
366 846 410 898 ὅς
444 852 555 892 ἐστιν
586 850 606 891 ὁ
635 849 736 902 μετὰ
768 849 837 892 τὸν
874 853 1050 903 βασιλέα
1079 846 1214 905 ἄρξων
1249 848 1512 906 Ἀνδρόνικον
1547 846 1576 905 ἦ
1615 848 1748 892 καίιο

262 914 515 969 παραλύσων
543 914 674 957 αΰτὸν
703 918 776 969 τῆς
815 911 966 970 ἀρχῆς.
1022 915 1070 956 τὸ
1119 917 1166 956 δὲ
1207 915 1385 971 πονηρὸν
1424 913 1685 970 ἀποκρίνεται

262 983 424 1031 πνεῦμα
441 1012 453 1032 ,
481 977 511 1034 ἢ
539 981 696 1033 μᾶλλον
725 980 923 1035 ἀμυδρῶς
948 979 1005 1028 ὥς
1035 982 1080 1022 ἐν
1108 976 1255 1033 ὕδασι,
1285 980 1355 1022 καί
1381 980 1540 1029 τούτοις
1565 984 1686 1022 θολε-

264 1049 364 1098 ροῖς,
394 1044 663 1099 ὸίαχαροίττει
681 1048 763 1086 τῶν
786 1043 1044 1101 γραμμάτων
1063 1044 1152 1087 τινὰ
1162 1043 1365 1087 Ἰσαάκιον
1383 1047 1535 1088 ἐννοεῖν
1552 1045 1686 1098 ὑπεμ-

261 1107 464 1161 βάλλοντα
481 1142 493 1162 ,
522 1107 601 1163 οὖχ
630 1107 742 1151 ἅπαν
772 1113 919 1160 ξυνθὲν
945 1109 991 1152 τὸ
1027 1107 1181 1164 ὄνομα,
1211 1107 1318 1152 ἀλλὰ
1349 1112 1477 1164 σίγμα
1502 1110 1686 1164 προῦπο·

262 1177 439 1227 θέμενον
467 1174 604 1216 ὁποῖον
630 1175 676 1216 τὸ
705 1177 775 1229 τῆς
805 1175 974 1230 σελήνης
1000 1175 1213 1230 ἡμίτομον,
1240 1177 1314 1217 καί
1335 1175 1486 1217 τούτου
1515 1169 1687 1217 ὄπισθεν
1703 1177 1750 1218 ι5

226 1239 533 1282 (ὶδιατυπαῖσαν
566 1240 692 1293 ἰῶτα,
722 1242 782 1289 εἰς
809 1239 856 1281 τὸ
888 1236 1128 1296 οἷξυμφανὲς
1157 1236 1256 1294 ἄγον
1291 1242 1485 1282 ἐντεῦθεν
1510 1239 1555 1283 τὸ
1582 1242 1689 1294 μάν-

262 1319 396 1355 τευμα
435 1303 507 1346 καί
546 1300 631 1346 οἷον
670 1306 748 1345 τοῦ
784 1306 982 1356 ἐσομένου
1023 1306 1304 1360 προκὲντημα,
1336 1301 1362 1359 ἢ
1400 1307 1688 1360 ἀληθεστέρως

262 1368 410 1421 εἰπεῖν,
437 1367 462 1410 ὃ
485 1367 543 1424 μή
576 1365 757 1424 ἀκριβῶς
783 1370 983 1424 ἠπίστατο
991 1402 1005 1424 ,
1033 1373 1153 1412 τοῦτο
1179 1373 1227 1428 τῇ
1256 1370 1437 1426 ἀσαφείᾳ
1460 1369 1687 1422 ὖπομελαῖ-

263 1448 332 1475 νον
358 1432 404 1475 τὸ
436 1436 663 1489 πολυμερὲς
683 1433 758 1490 τὴν
783 1437 930 1476 κακίαν
961 1436 1202 1488 νυκτινόμον
1229 1435 1467 1488 δαιμόνιον,
1507 1433 1578 1476 τὸν
1610 1435 1689 1476 τοῦ·

264 1497 451 1550 ψεύδους
468 1497 762 1554 ἐκτρεπόμενον
780 1498 958 1553 ἔλεγχον.
997 1498 1103 1541 ὥστε
1122 1501 1192 1541 καί
1215 1500 1480 1554 Ἀνδρόνικος
1495 1495 1688 1553 Ἴσαυρον
1698 1516 1750 1544 20

265 1561 545 1616 ὖπετόπασεν,
583 1566 627 1615 ἐξ
663 1559 723 1606 ὧν
750 1559 927 1619 ἤκουσε,
953 1563 1006 1606 τά
1052 1564 1238 1621 ὄφθέντα
1266 1567 1574 1619 διασημαίνειν,
1618 1565 1691 1606 καί

355 1691 387 1723 5.
415 1690 676 1734 τετελεσμένον
718 1689 1021 1735 πεπαιδευμένον
1045 1691 1084 1723 Α.
1204 1699 1254 1722 12.
1281 1688 1441 1737 μᾶλλον]
1464 1684 1627 1734 μάλιστα
1648 1688 1686 1721 Α.

359 1736 410 1769 13.
439 1734 678 1779 διαχαράττει
712 1735 985 1780 παραδείκνυσι
1011 1738 1086 1770 τῶν
1116 1735 1273 1779 πρώτων
1295 1746 1353 1780 γρ.
1376 1737 1415 1768 Α.
1556 1735 1606 1778 14.
1630 1736 1689 1766 σί-

351 1792 431 1825 γμα
447 1782 764 1826 προϋποθέμενον
779 1782 827 1814 A:
848 1782 953 1826 vulgo
971 1782 1011 1815 δὲ
1024 1784 1230 1826 προφῆναι.
1256 1782 1281 1813 Β
1307 1781 1406 1827 σῆμα
1429 1779 1586 1826 γράμμα
1613 1779 1688 1813 δεί-

356 1829 422 1865 ξας
446 1826 573 1864 καθώς
613 1830 789 1872 φαίνεται
825 1827 846 1869 ἦ
872 1827 1004 1869 σελήνη
1029 1828 1070 1862 ἐν
1099 1830 1144 1869 τῆ
1167 1826 1354 1872 οἷποχύσει
1379 1827 1490 1868 αὐτῆς
1516 1828 1579 1860 καὶ
1600 1825 1687 1861 ὄπι-

353 1875 447 1909 σθεν
470 1873 604 1908 τούτου
629 1874 730 1907 ἰῶτα.
825 1885 882 1910 2¹·
905 1876 1104 1920 σημαίνειν
1118 1875 1158 1907 Α.

263 1985 306 2007 ex
332 1974 432 2018 aquis
458 1975 559 2019 quasi
591 1986 654 2021 per
679 1975 864 2019 caliginem
907 1975 1123 2015 coniiciunt‚
1150 1979 1186 2008 et
1209 1975 1378 2019 imagines
1404 1974 1601 2007 futurarum
1630 1983 1686 2006 re-

264 2032 340 2053 rum
364 2020 463 2053 velut
486 2031 529 2052 ex
547 2021 670 2055 umbra
692 2022 860 2054 solarium
886 2021 1064 2054 radiorum
1091 2027 1349 2056 consectantur.
1374 2031 1415 2053 ac
1441 2020 1517 2064 ipse
1541 2019 1687 2064 quidem

263 2067 309 2098 iis
333 2067 515 2099 nocturnis
539 2068 645 2099 sacris
670 2068 842 2100 interesse
865 2068 1003 2108 noluit,
1038 2073 1135 2100 metu
1161 2068 1295 2107 famae,
1332 2072 1372 2100 ut
1396 2066 1570 2105 arbitror,
1593 2075 1687 2110 quae

264 2123 306 2144 ea
322 2122 414 2155 quae
436 2112 474 2144 in
502 2113 641 2145 occulto
674 2114 765 2146 fiunt
796 2114 966 2157 perspicit
991 2119 1028 2146 et
1051 2113 1215 2146 omnibus
1249 2118 1398 2146 enarrat.
1424 2111 1486 2144 sed
1512 2110 1688 2143 nefarium

263 2157 357 2189 illud
400 2168 565 2190 arcanum
599 2159 1011 2204 Hagiochristophoritae
1050 2158 1254 2203 Stephano,
1280 2159 1380 2191 cuius
1404 2167 1508 2201 saepe
1533 2157 1688 2190 mentio-

263 2214 345 2236 nem
372 2203 517 2235 fecimus
533 2229 542 2244 ,
564 2205 721 2237 mandat.
747 2205 776 2237 is
794 2216 877 2238 vero
903 2205 1011 2238 Setho
1041 2205 1227 2240 adhibito.
1258 2205 1321 2248 qui
1344 2203 1388 2236 ab
1417 2204 1563 2236 ineunte
1587 2208 1687 2235 aeta-

263 2254 300 2282 te
323 2249 525 2281 istiusmodi
551 2251 703 2282 oraculis
728 2250 872 2284 deditus
896 2252 1017 2284 oculos
1044 2256 1232 2296 propterea
1259 2249 1437 2283 Manuelis
1462 2249 1688 2292 imperatoris

263 2295 362 2328 iussu
390 2295 567 2335 amiserat,
594 2302 635 2328 ut
658 2308 764 2340 supra
789 2298 1032 2341 exposuimus,
1055 2303 1151 2329 certo
1177 2297 1246 2328 ritu
1272 2297 1393 2340 (quem
1417 2294 1505 2328 mihi
1525 2305 1591 2327 nec
1617 2294 1688 2327 sei-

265 2351 304 2373 re
325 2352 391 2374 uec
417 2342 594 2385 explicare
619 2342 812 2375 iucundum
832 2349 908 2383 est,
943 2349 979 2375 et
1009 2342 1154 2375 aliunde
1183 2347 1305 2386 petere
1330 2342 1428 2387 licet)
1455 2345 1688 2385 percontatur

264 2387 347 2431 quis
383 2392 464 2430 post
486 2387 727 2421 Andronicum
762 2389 811 2421 sit
852 2390 1086 2432 imperaturus
1126 2394 1187 2421 aut
1208 2388 1396 2432 imperium
1430 2388 1463 2419 ei
1488 2393 1687 2432 erepturus.

265 2432 460 2478 respondet
484 2434 599 2466 malus
625 2435 761 2477 genius,
784 2445 824 2467 ac
846 2435 966 2479 potius
994 2434 1142 2467 obscure
1166 2439 1207 2466 ut
1228 2434 1265 2466 in
1289 2433 1413 2478 aquis,
1431 2434 1548 2478 iisque
1570 2432 1688 2465 turbi-

266 2478 341 2519 dis,
366 2479 506 2523 aliquot
532 2479 661 2523 primas
686 2480 847 2520 litteras,
882 2481 1018 2523 integro
1044 2481 1188 2512 nomine
1210 2490 1282 2512 uon
1305 2490 1487 2523 expresso,
1513 2478 1687 2523 designat,

266 2525 362 2557 uude
380 2525 534 2558 Isaacius
558 2525 839 2569 intelligeretur:
865 2526 927 2559 sed
952 2526 1102 2569 primum
1131 2531 1273 2558 ostensa
1298 2526 1418 2558 littera
1445 2525 1467 2557 S
1493 2525 1606 2558 instar
1630 2523 1688 2557 ‹li-

264 2571 436 2604 midiatae
471 2571 598 2612 lunae,
631 2583 670 2604 ac
715 2571 846 2604 deinde
887 2572 1075 2604 subiuncta
1113 2571 1234 2604 littera
1266 2573 1302 2612 1;
1338 2577 1377 2604 ut
1411 2571 1593 2604 oraculum
1629 2581 1688 2603 ea·-

266 2622 322 2650 set
355 2616 562 2656 obscurius,
600 2623 636 2650 et
668 2617 733 2650 fati
770 2617 882 2650 veluti
910 2618 1090 2658 stimulus3
1126 2623 1187 2650 aut
1212 2623 1251 2650 ut
1274 2618 1389 2650 verius
1418 2617 1532 2650 (licam
1550 2642 1560 2658 ,
1586 2616 1686 2660 quod

266 2674 339 2696 non
366 2663 450 2696 satis
466 2669 570 2696 norat
593 2668 805 2696 nocturnum
829 2663 921 2696 illud
939 2670 974 2696 et
997 2663 1159 2696 infinitae
1178 2663 1417 2707 improbitatis
1444 2663 1686 2702 daemonium,

266 2709 501 2754 perplexitate
528 2710 744 2750 involverat,
770 2721 814 2744 ue
837 2711 933 2754 argui
960 2709 1136 2744 mendacii
1159 2715 1290 2755 posset.
1315 2710 1436 2754 itaque
1461 2709 1684 2744 Andronicus
