1878 3230
291 205 362 245 DE
400 205 597 246 ALEXlO
638 205 835 247 lSAAClI
875 205 1073 246 ANGELI
1110 206 1194 246 FR.
1220 204 1418 245 LIB.111.
1486 202 1597 258 709

163 305 250 357 ρῶν
278 304 323 346 τὸ
355 305 635 360 συναγόμενον
664 306 932 361 στράτευμα,
962 306 1008 348 τὸ
1030 311 1107 361 μὲν
1136 306 1193 363 τῷ
1223 306 1398 362 γαμβρῷ
1423 305 1596 358 παρεδί-

162 371 239 410 δου
268 370 434 430 Ἀλεξίῳ
459 375 518 428 τῷ
542 370 823 430 Παλαιολόγῳ
853 375 926 414 τὸν
954 369 1245 427 ἀνθρωπίσκον
1268 370 1452 424 μετιόντι
1481 372 1597 412 Euv-

162 435 420 492 ριδωνάκην,
453 437 500 479 τὸ
538 440 574 479 δ’
602 440 832 491 ἐξέπεμψεν
871 439 931 486 εἰς
973 437 1046 479 τὸν
1078 439 1376 492 Οἰνουπολίτην
1408 433 1735 491 Ἰωάννηνν.284

160 502 219 557 τῷ
245 502 587 558 πρωτοστρᾰτορι
613 502 1023 555 ἅντικαθιστάμενον.
1085 500 1106 543 ὅ
1134 504 1212 554 μὲν
1249 496 1322 544 οὖν
1362 504 1439 543 τοῦ
1477 504 1600 555 βασι-

123 566 264 616 5λὲως
287 567 477 623 γαμβρὸς
499 569 678 619 Ἀλέξιος
707 567 863 623 ἀρετήν
901 567 975 609 καί
1011 562 1170 620 τόλμαν
1202 565 1488 619 ἐνδειξάμενος
1522 564 1599 618 ἔμ-

161 647 296 687 φρονα
335 624 404 674 τὸν
431 631 758 686 Σπυριδωνάκην
785 635 1111 685 καταγωνίζεται
1142 631 1221 674 σύν
1259 629 1371 688 πόνῳ
1420 635 1601 686 βραχεῖ,

159 698 234 738 καί
260 695 431 752 φυγάδα
458 700 602 754 τίθησι
627 697 674 740 τὸ
706 698 961 752 Πυγμαϊκὸν
988 698 1214 752 α’νδράριον
1242 698 1285 746 ἐς
1311 699 1517 739 Μυσίαν·
1572 697 1599 751 ἧ

161 763 209 804 δὲ
235 765 312 804 τοῦ
337 763 708 818 πρωτοστράτορος
737 763 980 805 ιῖντιστασία
1007 765 1079 819 ἐφ’
1105 761 1248 805 ἱκανὸν
1283 765 1363 816 μὲν
1405 762 1599 817 διήρκεσε

158 827 339 882 χρόνον,
369 827 506 870 αἴσιον
533 828 682 870 δὲ’καί
707 826 816 884 αὕτη
845 830 977 883 πέρας
1003 831 1184 880 ἐδέξατο.
1238 827 1261 870 ὅ
1289 827 1369 882 γάρ
1396 829 1638 881 βασιλεύςο

100 909 147 935 10
161 889 306 943 ἄλλαις
330 909 374 935 τε
398 893 599 947 μεθόὸοις
625 894 834 949 ἐχρήσατο
853 898 952 946 μεθ)
971 894 1178 943 ὖπουλίας
1203 894 1364 948 μετιών
1389 892 1459 935 τὸν
1479 892 1600 948 Χρύ-

157 974 242 1012 σον,
273 961 346 1001 καί
374 958 425 1015 δὴ
454 961 527 1002 καί
548 958 623 1014 τήν
646 960 971 1016 θυγατρόπαιὸα
1005 957 1242 1015 Θεοδώραν,
1275 957 1327 1014 ἢν
1355 960 1414 1014 τῷ
1432 961 1599 1017 Ἰβαγκῷ

155 1018 463 1080 κατηγγύησεν,
494 1022 768 1080 ἐμνήστευσεν
803 1020 1011 1083 αὕτῷἐίς
1047 1019 1230 1079 civim,
1274 1027 1322 1068 ἑκ
1361 1026 1598 1076 Βυζαντίου

153 1088 540 1143 μεταπεμψάμενος.
595 1093 668 1132 καί
684 1090 850 1140 τούτοις
876 1097 964 1140 τοῖς
989 1090 1304 1144 μεθοδεύμασιν
1335 1089 1599 1142 ἀνασώζεται

156 1157 423 1209 Πελαγονιάν
453 1158 529 1198 καί
559 1159 810 1211 Πρίλαπον,
853 1159 927 1199 καί
961 1156 1192 1206 Θετταλίας
1228 1159 1477 1212 α’πανίστησι
1526 1155 1598 1198 τὸν

98 1221 415 1276 ιὸΚαμύτζην,
445 1223 506 1278 πῇ
529 1223 608 1274 μὲν
634 1224 801 1279 πολέμῳ
831 1222 1245 1277 κατατροπούμενον,
1280 1223 1341 1279 πῇ
1373 1223 1420 1264 δὲ
1458 1224 1597 1278 φυγῆς

155 1285 342 1327 ἐθελοντὶ
365 1285 609 1339 ἁπτόμενον.
665 1283 825 1329 ὕστατα
857 1289 903 1329 δὲ
931 1287 1001 1329 καὶ
1028 1289 1161 1329 αὐτοῦ’
1179 1303 1255 1330 του
1275 1289 1440 1329 Στανοῦ
1465 1303 1598 1339 μετα-

153 1353 306 1406 νάστην
331 1354 564 1404 δείκνυσιν,
595 1352 655 1400 εἷς
687 1350 734 1394 ὃν
762 1353 820 1401 ὥς
861 1354 921 1403 εἰς
951 1351 1163 1395 ἀνάλωτον
1199 1353 1364 1407 α’πέδρα
1403 1350 1597 1409 κρησφύ-

153 1432 286 1471 γετον.
343 1420 416 1459 καί
441 1417 647 1467 τοιούτοις
673 1418 808 1473 ἔργοις
834 1415 988 1461 ἑαυτὸν
1010 1420 1308 1474 περιανθίσας,
1337 1420 1410 1460 ἑπὶ
1433 1417 1599 1473 μακρὸν

154 1483 338 1539 ὀφθέντα
371 1484 564 1537 οἰκουρὸν
592 1483 666 1526 καὶ
693 1482 934 1538 α’πόλεμον,
964 1487 1023 1534 εἰς
1053 1484 1287 1535 Βυζάντιον
1316 1485 1598 1538 ἑπανέδραμε.

91 1564 143 1590 20
155 1548 248 1590 τότε
268 1549 314 1590 δὲ
335 1550 407 1590 καί
435 1551 509 1602 τῆς
527 1550 837 1604 Στρουμμήζης
859 1547 1095 1605 ἐκράτησεν,
1127 1550 1266 1606 α’πάτῃ
1288 1551 1507 1592 κάνταῦθα
1525 1547 1600 1591 τὸν

155 1613 328 1670 Χρύσον
357 1616 599 1669 περιελθών,
618 1615 690 1656 καί
706 1613 780 1663 τὰς
806 1613 912 1670 πρὸς
930 1614 1122 1670 Ἰωάννην
1138 1613 1321 1664 σπονδὰς
1339 1617 1599 1669 ἔξεπὲρανεν.

244 1728 277 1762 3.
302 1728 570 1769 οἰονοπολίτην
593 1728 629 1761 Β.
729 1729 780 1762 15.
804 1727 941 1776 φυγῆς]
968 1729 1099 1774 φωνῆς
1121 1728 1161 1760 Α.
1260 1738 1310 1783 ιχ.
1337 1727 1390 1764 εἰς
1414 1726 1460 1761 ὃν
1481 1725 1597 1764 αὐτὸς

247 1774 496 1820 ἄκου’μβισμα
510 1773 738 1819 ἑτοιμάσατο
752 1775 789 1806 Β.
842 1787 893 1820 ¹9·
909 1772 1104 1821 οἰκουρόν]
1123 1773 1329 1815 ὄσπητικον
1342 1775 1378 1806 Β.
1455 1785 1510 1808 21.
1528 1775 1595 1807 καὶ

245 1820 326 1870 τὰς]
355 1822 548 1866 ἐπλήρωσε
573 1821 612 1854 δὲ
636 1824 699 1854 καὶ
723 1819 793 1862 τὴν
816 1822 967 1866 εἰρήνην
989 1816 1082 1866 μετὰ
1110 1822 1185 1854 τῶν
1203 1820 1349 1864 βλάχων
1373 1821 1408 1852 Β.
1511 1825 1594 1864 post

245 1868 466 1911 ἐξεπέρανεν
491 1868 519 1900 Α
546 1867 705 1900 rubrica:
732 1863 807 1901 α’πὸ
836 1871 910 1903 τῶν
947 1870 1112 1905 ἐνταῦθα
1146 1863 1192 1901 τὰ
1229 1868 1420 1911 σύμβαντα
1441 1867 1494 1903 εἰς
1523 1863 1592 1909 τήν

244 1914 508 1961 μεγαλόπολιν
523 1940 531 1954 ,
558 1915 599 1947 B:
626 1914 741 1960 τόμος
765 1917 891 1959 τρίτος
915 1918 980 1955 τῆς
1004 1915 1193 1959 βασιλείας
1216 1913 1365 1952 ἄλεξίου
1387 1914 1457 1947 τοῦ
1480 1912 1591 1958 α’γγέ-

245 1962 313 1995 lov
338 1962 399 1993 καὶ
425 1960 596 2005 διήγησις
618 1963 706 2008 περὶ
730 1966 804 1996 τῶν
829 1960 1051 2009 συμβάντων
1073 1960 1115 1996 ἐν
1137 1963 1180 2007 τῇ
1202 1961 1312 1997 πόλει
1334 1963 1397 1994 καὶ
1421 1960 1484 2002 τῆς
1502 1962 1591 1999 ταὺ-

245 2019 307 2050 της
323 2006 504 2046 ᾰλώσεως.

154 2112 398 2146 munitissimis
426 2113 576 2147 urbibus
602 2113 852 2158 praefecisset3
878 2118 914 2148 et
940 2114 1054 2158 copiis
1087 2123 1175 2158 quas
1212 2116 1396 2156 coegerat,
1424 2110 1463 2144 in
1501 2109 1592 2143 duas

153 2165 273 2205 partes
302 2159 527 2200 distributis,
563 2161 711 2193 alteram
741 2161 888 2193 Alexiae
913 2161 1124 2204 Palaeologo
1152 2170 1283 2204 genero
1307 2169 1372 2191 suo
1409 2155 1522 2191 tradit
1552 2164 1595 2190 ut

154 2205 428 2239 homuncionem
440 2207 720 2251 Spyridonacem
739 2208 942 2246 ulciscatur,
958 2207 1107 2239 alteram
1132 2206 1177 2239 ad
1191 2205 1445 2249 Oenopolitam
1460 2204 1588 2237 Iohan-

154 2264 258 2293 nem,
285 2253 346 2297 qui
371 2254 623 2298 protostratori
648 2255 860 2294 resistebat,
896 2254 1016 2287 mittit.
1053 2264 1095 2286 ac
1126 2253 1351 2297 imperatoris
1378 2262 1486 2295 gener
1511 2251 1595 2283 Ale-

153 2299 234 2332 xius
258 2299 449 2344 prudentia
477 2305 514 2333 et
537 2300 690 2333 audacia
716 2300 880 2334 adhibita
905 2299 1185 2344 Spyridonacem
1210 2300 1339 2343 exiguo
1365 2309 1444 2331 cum
1468 2297 1594 2330 labore

156 2344 314 2378 devincit
341 2351 378 2378 et
398 2357 532 2379 nanum
560 2348 663 2379 illum
686 2347 724 2380 in
741 2347 891 2390 Mysiam
919 2347 1027 2392 sugat.
1062 2346 1333 2391 protostratoris
1359 2356 1442 2379 vero
1475 2344 1595 2376 rebel-

155 2391 206 2424 lio
231 2403 308 2424 cum
333 2393 438 2436 longo
469 2405 554 2426 sane
579 2399 741 2438 tempore
770 2393 956 2434 durasset,
982 2404 1155 2438 prospero
1181 2393 1278 2425 exitu
1311 2397 1366 2424 est
1389 2391 1594 2424 terminata.

154 2449 238 2470 nam
262 2438 454 2482 imperator
479 2451 559 2472 cum
587 2440 667 2473 aliis
696 2440 835 2474 artibus
860 2446 896 2474 et
923 2440 1018 2473 dolis
1042 2439 1216 2483 Chrysam
1245 2438 1496 2477 circumvenit,
1518 2442 1594 2469 tum

153 2490 299 2528 neptem
313 2484 551 2526 Theodoram,
569 2486 708 2531 pridem
722 2487 856 2519 Ibanco
880 2486 1104 2531 desponsam,
1133 2486 1302 2528 Byzantio
1319 2484 1523 2517 accersitam
1538 2482 1594 2514 illi

153 2541 300 2562 uxorem
325 2530 436 2564 dedit.
462 2539 498 2565 et
514 2532 581 2565 hac
596 2534 735 2566 ratione
750 2534 940 2577 Pelagonia
958 2539 995 2566 et
1010 2533 1150 2577 Prilapo
1173 2531 1392 2576 recuperatis
1407 2528 1595 2562 Thessalia

153 2587 300 2621 qnoque
326 2577 499 2620 Camyzen
524 2580 685 2623 expellit,
711 2580 801 2612 alias
824 2580 964 2625 proelio
992 2580 1138 2619 victum,
1162 2579 1251 2612 alias
1275 2578 1369 2610 ultro
1388 2576 1596 2618 fugientem,

153 2623 300 2656 tandem
326 2624 404 2668 ipso
431 2625 538 2657 etiam
566 2627 678 2659 Stano
703 2627 821 2666 eiicit,
852 2637 925 2670 quo
958 2631 1001 2658 ut
1027 2626 1066 2658 in
1091 2626 1227 2668 asylum
1253 2621 1533 2666 inexpugnabile
1556 2632 1595 2653 se

154 2675 350 2714 receperat.
374 2669 580 2703 huiusmodi
603 2673 798 2716 praeclaris
824 2673 995 2716 operibus
1018 2678 1102 2716 post
1125 2671 1331 2703 diuturnam
1357 2667 1534 2701 desidiam
1558 2673 1596 2700 et

154 2717 330 2760 ignaviam
365 2716 471 2748 editis
496 2717 701 2759 Byzantium
735 2719 896 2752 recurrit.
921 2724 1009 2751 tunc
1033 2718 1244 2751 Strommiza
1278 2725 1424 2760 quoque
1457 2714 1594 2758 potitus

155 2767 227 2804 est,
254 2762 307 2796 ibi
335 2763 444 2797 etiam
465 2762 599 2806 Chryso
624 2764 883 2804 circumvento,
908 2770 945 2798 et
969 2775 1094 2809 pacem
1117 2775 1196 2797 cum
1220 2761 1381 2796 Iohanne
1405 2760 1501 2795 fecit.
