1878 3230
682 198 818 239 unns
858 194 1047 239 CAP'rA.
1392 191 1403 199 ·
1481 175 1588 251 795

149 304 202 365 τὰ
229 306 456 361 εἰλημμένα
480 306 611 362 μικρά
641 306 715 349 καὶ
739 311 826 357 τοῖς
855 306 1094 363 ἔμπροσθεν
1110 304 1353 360 προβαίνειν
1383 306 1491 360 ἐρῶν
1518 306 1590 347 διὰ

148 370 227 427 τήν
255 374 338 413 τῶν
361 371 579 426 Ῥωμαίων
606 373 825 428 α’φὲλειαν.
882 371 1123 414 συνείποντο
1151 373 1200 413 δέ
1221 371 1260 414 οἱ
1285 369 1360 414 καί
1382 373 1467 414 τῶν
1487 370 1592 414 Ῥω-

147 440 288 491 μαίων
313 439 443 490 τινές,
475 438 550 479 καί
573 437 758 491 μα’λιστα
783 438 865 480 τῶν
891 431 941 478 εὖ
967 434 1187 491 γεγονότων
1202 470 1215 491 ,
1244 434 1492 486 παλεύοντες
1515 434 1594 486 τοὶς

147 501 293 558 χώρας
323 504 397 545 καί
421 501 495 552 τὰς
522 503 695 556 τριβους
735 503 1068 554 διομαλίζοντες,
1095 501 1203 543 κατὰ
1232 503 1310 555 μὲν
1338 500 1497 557 ἀπάτην
1523 501 1597 543 καὶ

113 566 273 611 ὄδόλον
300 571 356 625 τῷ
379 569 626 625 πρωτοτόκῳ
650 570 724 622 τῆς
751 570 931 622 Μαρίας
962 566 1040 623 υἱῷ
1068 570 1239 622 (τοῦτον
1261 567 1343 622 γὰρ
1370 569 1597 620 βασιλικῶς

153 634 405 686 ἐσταλμένον
431 636 505 675 καί
532 636 619 686 μετ’
647 632 854 688 εΰφήμων
883 634 1036 688 φωνῶν
1064 632 1422 687 προπεμπόμενον,
1453 630 1594 687 ιδ’σπερ

155 699 195 740 οἱ
225 699 387 755 Θρᾷκες
409 697 624 752 πρότερον,
654 695 764 740 οὕτω
792 700 864 740 καί
878 697 1119 747 ,Μακεδόνες
1145 696 1241 740 τότε
1271 699 1344 739 καί
1372 699 1591 747 Θετταλοί,

151 766 226 806 καὶ
267 761 348 805 ὅσα
375 764 419 813 ἐς
451 762 627 806 Ἑλλάδα
666 763 948 819 καθήκουσιν,
999 764 1189 816 α’σμένως
1224 764 1462 819 ἐδέχοντο),
1488 761 1596 817 πρὸς

152 829 295 883 ἀληθῆ
328 830 480 884 πρᾶξιν
522 831 734 886 μαρκεσίῳ
779 830 852 870 καί
874 830 1076 878 Λατίνοις
1114 830 1371 885 προοδευταί
1406 829 1479 869 καί
1510 829 1595 870 ταῖν

93 911 140 939 ιο
152 893 370 947 πρακτέων
406 895 621 949 εἰσηγηταὶ
657 896 732 936 καί
763 895 839 949 τῆς
868 895 1067 949 πατρίδος
1107 895 1347 949 προαγωγοί
1371 893 1636 948 γινόμενοι.Β

151 957 227 1000 καὶ
253 959 480 1012 μαρκέσιος
507 962 587 1011 μὲν
616 959 754 1001 ε’θνῶν
793 956 902 1000 οὕτω
928 961 1136 1013 μεγίστων
1163 960 1236 1000 καί
1260 958 1424 1000 πόλεων
1449 959 1594 1014 κρατί·

151 1040 259 1066 στων
284 1022 485 1079 ἐγκρατὴς
513 1023 674 1077 α’μαχεί
701 1022 980 1075 διεδείκνυτο,
1017 1025 1092 1066 καί
1117 1026 1257 1081 πολλῷ
1285 1021 1486 1065 πλειόνων
1518 1022 1596 1064 τοῦ

149 1091 248 1143 παρ’
297 1091 440 1146 ἐκείνῳ
486 1087 822 1144 στρατεύματος,
853 1090 894 1131 εἷ
918 1087 1040 1131 πόλιν
1071 1089 1145 1131 καί
1172 1086 1308 1144 ἄνδρα
1335 1091 1395 1145 τῷ
1424 1088 1596 1145 ἀριθμῷ

149 1170 212 1203 τις
234 1153 488 1208 ὑπέβαλλεν·
521 1154 544 1196 ὅ
583 1156 631 1196 δέ
656 1171 702 1209 γε
727 1157 988 1205 Βαλδουΐνος
1013 1157 1073 1204 εἷς
1100 1154 1146 1197 τὸ
1176 1153 1412 1206 Βυζάντιον
1440 1152 1596 1209 α’φικό-

89 1225 274 1274 ι5μενος
300 1218 405 1275 ἔγνω
434 1222 536 1275 μηδ’
583 1219 714 1269 αὐτὸς
741 1218 881 1278 ἡσυχῇ
906 1221 1124 1276 καθῆσθαι
1151 1222 1254 1275 μηδ’
1285 1219 1511 1274 ἀπόμαχον
1537 1221 1600 1261 εἰ·

152 1288 205 1343 κῇ
229 1285 305 1340 τήν
332 1285 413 1327 ὑπὸ
444 1282 491 1329 οἶ
515 1287 766 1341 τεταγμένην
793 1287 1001 1341 οἰκουρεῖν
1029 1287 1258 1341 στρατιάν,
1292 1285 1384 1327 ἄλλ’
1409 1287 1452 1334 ἐς
1478 1285 1600 1327 ’Aub-

152 1366 206 1393 αν
239 1349 392 1406 ταύτην
431 1348 679 1404 διαβιβάσαι
728 1353 803 1393 καί
831 1353 921 1404 ,τῶν
956 1353 1047 1393 ἐκεῖ
1078 1353 1370 1407 πειράσασθαι
1404 1349 1596 1403 πόλεων,

150 1414 432 1470 έξερεθισθείς
466 1416 527 1465 εἰς
559 1415 656 1458 τόδε
690 1414 738 1457 τὸ
782 1414 904 1470 ἔργον
933 1415 1039 1471 πρός
1074 1432 1118 1458 τε
1157 1418 1241 1458 τῶν
1273 1415 1598 1470 Ἑλλησποντίων

151 1484 371 1534 Λατίνων,
413 1476 473 1524 ὧν
497 1482 523 1536 ἦ
549 1480 667 1531 πόλις
700 1481 853 1536 Πηγαὶ
877 1482 1226 1535 κατωνόμασται,
1251 1484 1324 1523 καί
1345 1484 1431 1522 τῶν
1462 1483 1598 1532 Τρωϊ-

87 1564 140 1591 20
151 1548 235 1588 κῶν
269 1547 495 1601 Ἀρμενίων
512 1562 522 1571 ·
591 1541 706 1589 οὗτοι
733 1546 814 1601 γὰρ
853 1547 954 1587 οὐδὲ
981 1546 1123 1601 βραχύ
1145 1563 1184 1588 τι
1213 1549 1316 1601 γοῦν
1343 1547 1599 1601 καθυφῆκαν

151 1610 224 1654 τὸν
250 1614 510 1654 Βαλδουῖνον
546 1610 758 1666 ἐνάγοντες
796 1614 870 1654 καί
896 1609 995 1660 τούς
1022 1607 1174 1661 ἄλλους
1200 1610 1384 1666 κόμητας
1410 1607 1601 1663 ἐξερεθί-

148 1679 294 1729 ζοντες
329 1678 388 1727 ὥς
415 1679 473 1727 εἷς
514 1676 780 1733 προκειμενον
808 1678 984 1733 ἕρμαιον
1024 1678 1225 1732 διαβῆναι
1266 1675 1343 1731 τὴν
1374 1678 1457 1717 τῶν
1485 1671 1644 1732 ἑῴωνα

152 1741 314 1785 πόλεων
339 1741 550 1797 χείρωσιν.

243 1875 279 1910 8.
306 1870 404 1918 πρὸς
427 1874 461 1908 δ’
489 1874 638 1917 :fl-1135?
785 1886 837 1908 ια.
862 1876 924 1909 καὶ
946 1876 1073 1911 πολλῶ
1095 1875 1237 1909 πλέονα
1278 1867 1444 1918 στρατὸν
1468 1873 1601 1914 συνῆξε

246 1918 443 1967 ῥωμαΐκὸν
471 1919 493 1963 ἧ
517 1920 611 1955 ὅσον
636 1921 780 1963 ἐκεῖνος
803 1921 879 1966 εἶχε
901 1923 940 1960 Β.
1067 1923 1114 1966 ι4.
1139 1919 1368 1965 βαρδουῖνος
1388 1920 1425 1952 B.
1544 1929 1606 1952 22.

247 1966 298 2005 ὥς
326 1967 393 2015 εἰς]
422 1968 473 2006 ὥς
494 1968 638 2014 μηδένα
662 1963 731 2004 τὸν
755 1968 1190 2014 α’ντιπαρατασσόμενον
1212 1968 1364 2011 ἔχοντες
1386 1966 1422 1998 Β.

155 2094 268 2135 nulli,
294 2093 394 2140 iique
416 2093 559 2128 nobiles
585 2094 624 2127 in
648 2094 793 2140 primis,
819 2097 882 2141 qui
901 2095 1103 2142 provincias
1128 2094 1318 2128 allicerent
1343 2098 1381 2127 et
1404 2093 1480 2127 via·
1504 2104 1611 2127 eom-

151 2141 354 2186 planarent.
394 2141 520 2174 fraude
564 2141 710 2186 quidem
743 2148 782 2175 et
814 2142 898 2175 ‹lolo
935 2143 1072 2176 Mariae
1105 2142 1345 2187 primogenito
1386 2141 1465 2173 filio
1490 2140 1610 2184 (hunc

153 2189 247 2221 enim
281 2187 408 2221 habitu
444 2189 671 2233 imperatorio
707 2194 745 2221 et
779 2200 859 2221 cum
886 2189 1012 2222 faustis
1045 2188 1363 2222 acclamationibus
1393 2186 1607 2229 deductum,

153 2239 195 2267 ut
218 2234 318 2279 prius
342 2234 521 2274 Thraces,
551 2235 602 2268 ita
626 2240 703 2268 tum
728 2235 946 2269 Macedones
974 2241 1012 2269 et
1036 2234 1206 2269 Thessali
1231 2240 1268 2268 et
1291 2234 1465 2267 Graeciae
1490 2234 1611 2267 finiti--

151 2291 232 2314 mae
259 2286 378 2326 partes
411 2281 540 2326 cupide
577 2280 837 2329 accipiebant),
873 2282 911 2315 re
935 2292 1019 2316 vera
1045 2282 1183 2316 Latinis
1210 2282 1303 2314 viam
1331 2279 1609 2321 monstrabant,

154 2332 193 2360 et
215 2327 305 2372 quid
317 2327 493 2372 agendum
510 2333 605 2362 esset
627 2328 932 2373 praescribebant,
955 2328 1098 2374 patriae
1121 2327 1338 2374 proditores.
1365 2328 1415 2360 ita
1443 2327 1606 2359 marchio

153 2373 321 2417 gentibus
354 2375 518 2408 maximis
553 2380 590 2408 et
613 2374 761 2408 urbibus
793 2376 1054 2420 potentissimis
1079 2376 1187 2420 longe
1213 2374 1379 2420 pluribus
1403 2385 1511 2418 quam
1535 2384 1602 2417 pro

154 2430 304 2453 numero
329 2421 511 2466 copiarum
539 2421 636 2462 eius,
666 2422 695 2454 si
719 2421 862 2455 urbium
889 2427 926 2456 et
963 2423 1120 2456 virorum
1143 2432 1332 2455 numerum
1355 2424 1602 2464 comparetur,

155 2465 246 2498 citra
268 2477 420 2511 pugnam
444 2467 690 2513 potiebantur.
737 2468 935 2502 Balduinus
973 2480 1120 2515 quoque
1145 2469 1353 2512 Byzantium
1380 2478 1459 2499 cum
1483 2465 1604 2498 venis-

155 2517 233 2552 set,
257 2523 325 2544 nec
348 2513 425 2558 ipse
449 2514 688 2548 desidendum
713 2514 784 2548 sibi
811 2526 888 2549 esse
913 2521 976 2549 aut
1001 2527 1105 2549 suum
1130 2515 1326 2548 exercitum
1350 2514 1388 2546 in
1414 2512 1490 2545 otio
1516 2521 1603 2543 con-

154 2557 355 2599 tinendum,
378 2559 442 2592 sed
466 2561 504 2593 in
516 2560 633 2594 Asiam
658 2561 909 2595 traiiciendum
934 2567 972 2595 et
997 2562 1103 2595 urbes
1129 2562 1211 2594 illas
1237 2557 1494 2606 oppugnandas
1518 2567 1604 2589 cen-

155 2605 247 2644 suit,
276 2604 483 2638 Latinorum
516 2607 763 2651 potissimum,
789 2609 853 2654 qui
867 2608 1097 2654 Hellesponti
1126 2607 1252 2641 urbem
1277 2608 1385 2650 Pegas
1410 2603 1576 2636 incolunt
1591 2627 1606 2644 ,

157 2656 195 2684 et
213 2651 452 2684 Troianorum
475 2652 722 2688 Armeniorum
740 2655 915 2700 impulsu,
941 2656 1004 2700 qui
1030 2666 1113 2693 eum
1139 2660 1177 2688 et
1202 2658 1361 2686 caeteros
1389 2650 1538 2684 comites
1561 2654 1608 2683 ut

155 2697 205 2730 ad
230 2697 434 2731 orientales
467 2698 575 2732 urbes
599 2705 772 2746 tanquam
795 2707 957 2746 paratam
991 2701 1161 2746 praedam
1192 2697 1417 2744 occupandas
1457 2695 1603 2742 profiti-

156 2750 340 2777 scer-entur
367 2744 517 2778 incitare
542 2756 726 2790 nunquam
751 2746 983 2780 desistebant.
