1838 3210
390 193 461 233 DE
500 191 754 236 MANUELE
794 190 1056 235 commo
1095 193 1194 235 Lm.
1221 195 1296 235 111.
1459 171 1563 227 155

134 292 210 335 τοῦ
236 293 464 335 σουλτάνου
507 295 740 349 παρουσίας
773 292 847 335 καί
873 295 947 335 τοῦ
975 296 1276 349 κεχαρισμένου
1306 295 1382 349 τῆς
1410 293 1568 346 ξενιὶκς,

134 359 366 411 δυναμένου
391 362 617 413 γοητεῦσαι
644 357 954 414 φιλοχρήματον
988 357 1230 415 βάρβαρον·
1260 356 1366 402 «md
1395 358 1469 401 καί
1497 357 1565 399 δό-

133 427 208 474 ξαν
229 423 340 480 αὐτῷ
359 426 433 478 τῆς
445 426 661 477 βασιλείας
673 422 719 466 τὸ
742 422 917 476 συμβὰν,
933 419 1051 480 ᾤετο.
1080 424 1221 467 εἰσιών
1239 423 1378 468 τοίνυν
1398 423 1490 478 ἅμα
1506 424 1567 480 τῷ

132 488 346 546 σουλτάνῳ
372 487 446 543 τήν
465 489 783 531 Κωνοταντίνου
807 487 1000 543 κηρύττει
1012 488 1235 543 θριαμβον.
1261 489 1334 532 καί
1348 486 1400 546 ἧν
1415 490 1567 543 εὔπρε-

95 552 213 608 5πὴς
242 553 265 594 ὅ
291 556 518 608 θρίαμβος,
555 551 789 602 καλλίστοις
824 555 899 595 καί
922 554 1088 607 τιμήεσι
1117 557 1289 604 πέπλοις
1314 556 1568 612 παμφαίνων

131 621 206 660 καί
247 621 305 675 τῷ
340 621 416 659 τοῦ
448 618 606 671 κόσμου
635 619 854 660 πολυειδεῖ
888 620 1111 669 δαίδαλος·
1167 620 1239 662 καί
1262 617 1415 676 ἤμελλε
1443 623 1567 675 βασι-

131 682 230 733 λεύς
257 682 328 725 διὰ
357 684 432 726 τοῦ
458 683 673 738 θριάμβου
693 686 882 739 προϊέναι
896 683 1002 738 πρὸς
1027 686 1168 726 αὐτῶν
1193 686 1276 727 τῶν
1303 685 1440 728 οἷστῶν
1468 699 1567 739 κρο-

130 748 347 801 τούμενος,
375 748 449 790 καί
475 750 601 804 μέρος
630 745 738 791 εἶναι
779 750 852 804 τῆς
879 750 974 791 τότε
1002 750 1262 806 δορυφορίας
1288 766 1332 792 τε
1356 749 1429 792 καὶ
1458 753 1564 801 λαμ-

132 811 333 868 πρότητος
371 812 446 855 καὶ
467 816 550 856 τῶν
576 812 839 869 κυδρούντων
875 813 949 856 τὸν
977 814 1266 870 αιῖτοκράτορα
1295 814 1370 857 καὶ
1393 814 1568 857 σουλτά-

75 898 120 924 ιο
132 894 197 929 νος
222 877 350 927 αὐτὸς
379 876 626 934 ἕπιπαριών.
681 878 782 928 θεὸς
806 881 846 920 δ’
872 881 1065 934 ἠκύρωσε
1093 877 1146 921 τὰ
1171 881 1244 934 τῆς
1271 879 1432 935 ἡμέρας
1461 879 1565 921 ἐκεί·
1578 902 1674 946 273

131 958 204 998 νης
239 944 433 998 λαμπροί·
503 941 532 999 ἥ
559 959 604 985 τε
632 943 711 999 γὰρ
748 946 801 998 γῆ
826 947 1075 1000 κλονηθεῖσα
1101 945 1258 995 πολλὰς
1281 945 1570 999 κατεβεβλήκει

131 1008 425 1064 λαμπροτάτας
454 1009 658 1064 οἰκήσεις,
682 1011 755 1051 καί
774 1009 797 1050 ὁ
815 1005 897 1064 ἇὴρ
925 1011 1179 1065 ταραχώδης
1202 1006 1255 1066 ἧν
1280 1011 1470 1058 ἐπιεικῶς
1498 1011 1572 1051 καί

131 1071 370 1126 α’νώμαλος,
402 1073 475 1116 καί
504 1075 611 1129 ἕτερ’
639 1069 744 1116 ἅττα
773 1074 1062 1128 ἔπισυμβάντα
1090 1075 1268 1128 δειζιιατα
1295 1077 1466 1123 ἐκείνοις
1475 1108 1488 1127 ,
1517 1077 1572 1116 ου’

130 1137 359 1195 θριάμβοις
385 1140 605 1194 ἠναγκάκει
634 1141 857 1194 προσέχειν
895 1139 968 1182 τὸν
994 1141 1119 1193 νοῦν,
1146 1139 1219 1182 καί
1243 1140 1290 1182 τὸ
1325 1142 1400 1195 τῆς
1424 1140 1570 1194 ψυχῆς

73 1202 328 1257 ι5ἐκῦμαινε
357 1202 630 1258 λογιζόμενον.
685 1202 873 1260 ἔφασκον
901 1207 950 1247 δὲ
978 1204 1052 1246 καί
1073 1206 1113 1247 οἱ
1141 1209 1218 1247 τοῦ
1243 1207 1364 1248 θείου
1393 1204 1471 1247 νεώ
1499 1206 1573 1247 καὶ

130 1272 205 1313 τοῦ
230 1269 414 1324 βήματος
441 1269 636 1326 ἔντροφοι
662 1269 736 1312 καὶ
758 1269 888 1320 αὐτὸς
920 1268 1142 1325 βασιλεύς,
1174 1267 1254 1313 οὔκ
1284 1270 1451 1325 α’γαθάς
1475 1275 1572 1328 κλῃ-

131 1334 256 1385 δόνας
282 1333 503 1389 δεχόμενος
529 1335 579 1378 τὰ
606 1334 826 1390 λεγόμενα,
853 1336 1016 1391 μηνίειν
1031 1336 1077 1379 τὸ
1098 1339 1216 1379 θεῖον
1239 1339 1316 1379 καί
1340 1338 1442 1391 μηδ’
1465 1332 1572 1385 ὅλως

132 1403 361 1455 α’νέχεσθαι
385 1401 618 1456 προκὺψειν
636 1403 696 1451 εἰς
710 1402 922 1456 θρίαμβον
947 1400 1006 1457 μή
1027 1404 1270 1456 θεοσεβείας
1287 1397 1424 1457 ἄνδρα
1450 1416 1573 1455 μετε-

130 1464 327 1521 σχηκότα,
352 1464 399 1508 ὃν
423 1469 652 1518 κοσμοῦσιν
676 1465 830 1509 ἔπιπλα
851 1468 1018 1522 παναγῆ
1040 1469 1114 1510 καί
1130 1467 1262 1522 ἁγίων
1282 1465 1440 1510 ἔκτυπα
1470 1468 1570 1509 διει·

71 1550 121 1576 20
131 1531 291 1587 λήφασι
306 1533 379 1573 καί
390 1530 609 1587 χαρακτὴρ
627 1532 876 1586 καθαγιάζει
896 1534 1102 1588 Χριστοῦ.
1127 1534 1201 1575 καί
1224 1530 1334 1575 οὕτω
1347 1534 1426 1586 μὲν
1441 1534 1571 1575 εἷκαιὶ-

133 1613 190 1646 ως
210 1594 231 1637 ὃ
251 1595 461 1651 θρίαμβος
480 1599 742 1651 ἐσχεδίαστο,
763 1598 968 1652 μηδαμῶς
994 1598 1111 1656 αὐτῷ
1135 1598 1466 1654 προσεσχηκότος
1492 1599 1570 1639 τοῦ
1582 1615 1607 1647 B

133 1661 450 1717 αὐτοκράτορος,
469 1663 561 1704 οὐδ’
579 1664 623 1712 ἐς
648 1659 746 1705 ὅσον
765 1660 808 1705 τὸ
834 1661 932 1712 ἔθος
955 1663 1306 1720 ἀφοσιώσασθαι·
1338 1665 1398 1712 εἷς
1428 1662 1570 1704 ἱκανὸν

134 1729 180 1769 δὲ
214 1726 236 1768 ὅ
264 1726 484 1777 σουλτάνος
523 1729 582 1785 τῷ
620 1732 791 1782 βασιλεῖ’
825 1727 1096 1782 συνδιέτριψε
1123 1728 1307 1783 χρόνον,
1338 1727 1410 1770 καί
1433 1727 1570 1782 ἵππων

235 1845 262 1867 r.
287 1831 446 1868 σουλτᾶν
467 1837 676 1880 παρρησίας
710 1834 750 1868 Α.
896 1836 927 1879 4.
954 1827 1117 1869 σουλτᾶν
1140 1835 1188 1876 Α,
1214 1845 1332 1880 neque
1357 1845 1507 1879 usquam
1532 1834 1571 1867 id

230 1891 359 1914 nomen
383 1881 506 1914 flectit.
661 1880 1055 1917 κωνσταντινούπολιν
1078 1882 1118 1915 A.
1280 1892 1330 1914 ιι.
1355 1881 1573 1925 ἔπικαταβε-

228 1929 355 1971 βλήκει
379 1928 409 1960 λ.
434 1926 657 1973 οἰκοδομίας
678 1929 719 1962 A.
810 1930 859 1962 15.
885 1929 923 1962 οἱ
945 1930 1012 1962 τοῦ
1041 1928 1093 1975 θ]
1114 1925 1324 1975 α’ρχιερέων
1347 1927 1517 1973 ἐνάρετοι
1531 1930 1570 1962 Δ.

233 1987 282 2018 ¹7·
309 1971 527 2021 δεχόμενος]
556 1973 646 2007 (ὕετο
674 1971 718 2007 τὰ
745 1972 920 2020 δρώμενα
946 1977 983 2008 Α.

138 2057 244 2091 modo
270 2058 376 2090 rebus
405 2058 564 2091 Orientis
593 2058 840 2093 consulturum
866 2063 904 2092 et
924 2069 1029 2091 avaro
1055 2058 1207 2092 barbaro
1236 2057 1384 2104 hospitii
1411 2058 1574 2092 liberali-

138 2110 212 2138 tate
241 2105 360 2136 sucum
387 2115 464 2137 esse
487 2104 687 2146 facturum,
712 2106 776 2138 sed
804 2117 848 2138 ex
871 2116 914 2138 eo
937 2117 1020 2138 casu
1046 2106 1195 2149 gloriam
1221 2116 1366 2150 quoque
1393 2106 1571 2150 sperabat.

138 2151 278 2196 Cpolim
319 2151 429 2195 igitur
462 2163 534 2184 una
568 2163 649 2184 cum
682 2151 749 2185 illo
780 2153 959 2196 ingressus
998 2152 1219 2196 triumphum
1239 2151 1378 2185 indicit.
1402 2152 1571 2196 quicum

137 2198 319 2242 eleganter
345 2198 539 2231 instructus
563 2198 904 2243 pretiosisvestibus
920 2203 958 2232 et
980 2204 1274 2231 ornamentorum
1296 2199 1470 2232 varietate
1495 2199 1572 2232 col-

137 2244 295 2285 luceret,
326 2250 436 2289 atque
469 2245 664 2289 imperator
696 2257 776 2278 cum
811 2245 987 2289 applausu
1015 2250 1054 2278 et
1075 2245 1396 2278 acclamationibus
1420 2245 1570 2286 civium,

138 2290 293 2324 adducto
322 2302 392 2323 una
416 2291 591 2332 Sultano,
616 2292 680 2336 qui
706 2292 801 2324 inter
837 2297 997 2325 caeteros
1023 2303 1189 2336 proceres
1216 2291 1448 2325 festivitatem
1470 2292 1572 2326 illam

136 2337 371 2370 celebriorem
407 2337 592 2378 redderet,
629 2337 838 2382 proditurus
862 2343 978 2378 esset,
1003 2338 1092 2371 deus
1117 2339 1216 2371 illius
1239 2338 1315 2371 diei
1341 2338 1571 2383 splendorem

136 2385 224 2417 fecit
248 2384 400 2417 irritum.
425 2395 508 2417 nam
530 2389 645 2417 terrae
668 2390 773 2417 motu⁴
793 2385 928 2418 multae
951 2384 1266 2429 splendidissimae
1290 2384 1398 2417 aedes
1426 2395 1571 2419 corrue-

138 2435 240 2472 runt3
269 2435 305 2463 et
327 2431 419 2463 aeris
444 2431 675 2475 intemperies
708 2442 749 2463 ac
784 2432 898 2476 caligo
928 2436 965 2464 et
995 2432 1058 2464 alii
1090 2431 1237 2476 quidam
1260 2437 1414 2464 terrores
1450 2437 1571 2465 aestu-

138 2481 238 2509 antes
265 2476 450 2509 bominum
480 2478 618 2510 animos
649 2489 670 2510 a
702 2477 895 2523 triumphis
928 2478 966 2510 in
1006 2488 1044 2511 se
1068 2477 1336 2513 convertebant.
1361 2477 1508 2511 aiebant
1534 2483 1570 2511 et

138 2533 257 2555 sacrae
289 2523 389 2556 aedis
425 2524 604 2557 antistites
631 2524 712 2569 (nec
735 2525 813 2568 ipse
845 2525 1039 2568 imperator
1071 2525 1178 2558 aliter
1200 2536 1242 2558 ea
1268 2525 1388 2557 omina
1416 2525 1570 2569 accipie-

139 2568 216 2611 bat)
241 2569 343 2602 irasci
386 2569 510 2611 deum,
541 2581 661 2615 neque
692 2571 786 2604 velle
810 2576 851 2604 ut
875 2571 983 2603 homo
1007 2571 1138 2616 impius
1162 2581 1243 2604 eum
1270 2571 1490 2616 triumphum
1512 2571 1569 2603 in-

138 2619 318 2654 tueretur,
354 2627 461 2660 quem
489 2618 724 2651 instrumenta
755 2618 991 2651 sacratissima
1019 2623 1056 2650 et
1079 2617 1242 2651 divorum
1266 2618 1436 2662 imagines
1461 2628 1569 2649 orna-

140 2665 222 2693 rent
247 2666 285 2693 et
311 2660 442 2695 Christi
475 2664 614 2707 signum
647 2669 880 2697 consecraret.
904 2665 955 2697 sic
977 2663 1180 2709 triumphus
1203 2665 1333 2698 frustra
1358 2670 1411 2696 est
1436 2664 1568 2695 instru—

142 2712 240 2746 ctus,
274 2711 311 2739 et
335 2707 379 2739 ab
406 2709 482 2752 ipso
512 2711 727 2754 imperatore
750 2711 800 2744 ita
824 2711 1006 2754 neglectus
1033 2716 1075 2744 ut
1099 2722 1165 2744 nec
1189 2716 1352 2755 receptae
1376 2714 1568 2742 consuetu—

143 2751 220 2786 dini
244 2753 471 2788 satisfaceret.
505 2756 675 2791 Sultanus
700 2768 783 2791 vero
818 2767 891 2791 non
914 2769 1021 2802 parvo
1048 2763 1207 2802 tempore
1235 2769 1314 2791 cum
1342 2767 1383 2789 eo
1409 2766 1567 2789 commo·
