<?xml version="1.0" encoding="UTF-8"?>
<!DOCTYPE html PUBLIC "-//W3C//DTD XHTML 1.0 Transitional//EN"
    "http://www.w3.org/TR/xhtml1/DTD/xhtml1-transitional.dtd">
<html xmlns="http://www.w3.org/1999/xhtml" xml:lang="en" lang="en">
 <head>
  <title>
</title>
<meta http-equiv="Content-Type" content="text/html;charset=utf-8" />
  <meta name='ocr-system' content='tesseract 3.04.00' />
  <meta name='ocr-capabilities' content='ocr_page ocr_carea ocr_par ocr_line ocrx_word'/>
</head>
<body>
  <div class='ocr_page' id='page_1' title='image "./corpusscriptorum41niebuoft/corpusscriptorum41niebuoft_0956.png"; bbox 0 0 1878 3230; ppageno 0'>
   <div class='ocr_carea' id='block_1_1' title="bbox 281 157 1160 229">
    <p class='ocr_par' dir='ltr' id='par_1_1' title="bbox 281 157 1160 229">
     <span class='ocr_line' id='line_1_1' title="bbox 281 157 1160 229; baseline 0.002 -20"><span class='ocrx_word' id='word_1_1' title='bbox 281 157 393 229; x_wconf 71' lang='lat'><strong>926</strong></span> <span class='ocrx_word' id='word_1_2' title='bbox 804 171 1160 213; x_wconf 76' lang='lat' dir='ltr'><strong>GLossAan.</strong></span> 
     </span>
    </p>
   </div>
   <div class='ocr_carea' id='block_1_2' title="bbox 280 264 1702 2752">
    <p class='ocr_par' dir='ltr' id='par_1_2' title="bbox 280 264 1690 378">
     <span class='ocr_line' id='line_1_2' title="bbox 387 264 1690 326; baseline 0.002 -15"><span class='ocrx_word' id='word_1_3' title='bbox 387 268 737 322; x_wconf 78' lang='grc' dir='ltr'><em>σπαρτζάμια</em></span> <span class='ocrx_word' id='word_1_4' title='bbox 778 269 1004 322; x_wconf 81' lang='grc' dir='ltr'><em>ἑπαυχένια</em></span> <span class='ocrx_word' id='word_1_5' title='bbox 1051 264 1309 322; x_wconf 74' lang='grc' dir='ltr'><em>ἆγλαῖσματα</em></span> <span class='ocrx_word' id='word_1_6' title='bbox 1340 269 1384 309; x_wconf 75' lang='grc' dir='ltr'><strong>ἐκ</strong></span> <span class='ocrx_word' id='word_1_7' title='bbox 1410 272 1562 324; x_wconf 77' lang='grc' dir='ltr'><em>τριχῶν</em></span> <span class='ocrx_word' id='word_1_8' title='bbox 1590 287 1690 326; x_wconf 81' lang='grc' dir='ltr'><em>συγ-</em></span> 
     </span>
     <span class='ocr_line' id='line_1_3' title="bbox 280 322 879 378; baseline -0.008 -11"><span class='ocrx_word' id='word_1_9' title='bbox 280 328 447 378; x_wconf 79' lang='grc' dir='ltr'><em>κείμενα</em></span> <span class='ocrx_word' id='word_1_10' title='bbox 475 322 644 363; x_wconf 78' lang='grc' dir='ltr'><em>ἱππείων</em></span> <span class='ocrx_word' id='word_1_11' title='bbox 672 339 710 377; x_wconf 89' lang='lat' dir='ltr'><strong>p.</strong></span> <span class='ocrx_word' id='word_1_12' title='bbox 747 337 819 363; x_wconf 80' lang='lat'><strong>120</strong></span> <span class='ocrx_word' id='word_1_13' title='bbox 847 339 879 363; x_wconf 90' lang='lat' dir='ltr'><strong>c.</strong></span> 
     </span>
    </p>

    <p class='ocr_par' dir='ltr' id='par_1_3' title="bbox 281 374 1695 647">
     <span class='ocr_line' id='line_1_4' title="bbox 388 374 1691 419; baseline -0.002 0"><span class='ocrx_word' id='word_1_14' title='bbox 388 374 646 419; x_wconf 75' lang='grc' dir='ltr'><em>στούδιον</em></span> <span class='ocrx_word' id='word_1_15' title='bbox 691 379 972 417; x_wconf 84' lang='lat' dir='ltr'><strong>monasterium</strong></span> <span class='ocrx_word' id='word_1_16' title='bbox 1000 378 1050 417; x_wconf 89' lang='lat' dir='ltr'><strong>ab</strong></span> <span class='ocrx_word' id='word_1_17' title='bbox 1083 378 1227 417; x_wconf 89' lang='lat' dir='ltr'><strong>Studio</strong></span> <span class='ocrx_word' id='word_1_18' title='bbox 1257 385 1419 418; x_wconf 85' lang='lat' dir='ltr'><strong>auctore</strong></span> <span class='ocrx_word' id='word_1_19' title='bbox 1459 380 1542 417; x_wconf 88' lang='lat' dir='ltr'><strong>eius</strong></span> <span class='ocrx_word' id='word_1_20' title='bbox 1586 393 1691 418; x_wconf 84' lang='lat' dir='ltr'><strong>nun-</strong></span> 
     </span>
     <span class='ocr_line' id='line_1_5' title="bbox 283 430 1692 486; baseline -0.001 -13"><span class='ocrx_word' id='word_1_21' title='bbox 283 442 495 486; x_wconf 80' lang='lat' dir='ltr'><strong>cupatum,</strong></span> <span class='ocrx_word' id='word_1_22' title='bbox 525 432 637 470; x_wconf 88' lang='lat' dir='ltr'><strong>cuius</strong></span> <span class='ocrx_word' id='word_1_23' title='bbox 664 434 844 472; x_wconf 83' lang='lat' dir='ltr'><strong>meminit</strong></span> <span class='ocrx_word' id='word_1_24' title='bbox 871 433 1012 471; x_wconf 87' lang='lat' dir='ltr'><strong>lustin.</strong></span> <span class='ocrx_word' id='word_1_25' title='bbox 1039 433 1143 471; x_wconf 89' lang='lat' dir='ltr'><strong>Nov.</strong></span> <span class='ocrx_word' id='word_1_26' title='bbox 1179 434 1231 485; x_wconf 89' lang='lat'><strong>59</strong></span> <span class='ocrx_word' id='word_1_27' title='bbox 1260 448 1296 472; x_wconf 88' lang='lat' dir='ltr'><strong>c.</strong></span> <span class='ocrx_word' id='word_1_28' title='bbox 1325 432 1364 472; x_wconf 87' lang='grc'><strong>6.</strong></span> <span class='ocrx_word' id='word_1_29' title='bbox 1390 433 1622 472; x_wconf 85' lang='lat' dir='ltr'><strong>Cedrenus:</strong></span> <span class='ocrx_word' id='word_1_30' title='bbox 1669 430 1692 472; x_wconf 84' lang='grc' dir='ltr'>ὅ</span> 
     </span>
     <span class='ocr_line' id='line_1_6' title="bbox 281 483 1695 538; baseline -0.001 -12"><span class='ocrx_word' id='word_1_31' title='bbox 281 488 358 527; x_wconf 78' lang='grc' dir='ltr'><strong>τοῦ</strong></span> <span class='ocrx_word' id='word_1_32' title='bbox 384 483 584 526; x_wconf 80' lang='grc' dir='ltr'><em>Στουδιόυ</em></span> <span class='ocrx_word' id='word_1_33' title='bbox 612 484 844 538; x_wconf 81' lang='grc' dir='ltr'><em>ἡγούμενος.</em></span> <span class='ocrx_word' id='word_1_34' title='bbox 871 487 1165 538; x_wconf 78' lang='lat' dir='ltr'><strong>Theophanes:</strong></span> <span class='ocrx_word' id='word_1_35' title='bbox 1197 485 1378 526; x_wconf 78' lang='grc' dir='ltr'><em>Πλάτων</em></span> <span class='ocrx_word' id='word_1_36' title='bbox 1418 487 1489 526; x_wconf 86' lang='grc' dir='ltr'><em>καί</em></span> <span class='ocrx_word' id='word_1_37' title='bbox 1529 483 1695 526; x_wconf 72' lang='grc' dir='ltr'><em>Θεόδω-</em></span> 
     </span>
     <span class='ocr_line' id='line_1_7' title="bbox 283 539 1692 592; baseline 0.001 -13"><span class='ocrx_word' id='word_1_38' title='bbox 283 554 352 591; x_wconf 81' lang='grc' dir='ltr'><strong>ρος</strong></span> <span class='ocrx_word' id='word_1_39' title='bbox 380 539 595 592; x_wconf 77' lang='grc' dir='ltr'><em>ἡγούμενοι</em></span> <span class='ocrx_word' id='word_1_40' title='bbox 622 541 694 591; x_wconf 83' lang='grc' dir='ltr'><strong>τῆς</strong></span> <span class='ocrx_word' id='word_1_41' title='bbox 712 541 840 590; x_wconf 84' lang='grc' dir='ltr'><em>μονῆς</em></span> <span class='ocrx_word' id='word_1_42' title='bbox 868 542 944 579; x_wconf 79' lang='grc' dir='ltr'><strong>τοῦ</strong></span> <span class='ocrx_word' id='word_1_43' title='bbox 962 541 1177 580; x_wconf 74' lang='grc' dir='ltr'><em>Στουδιόυ.</em></span> <span class='ocrx_word' id='word_1_44' title='bbox 1206 543 1434 580; x_wconf 87' lang='lat' dir='ltr'><strong>Anastasius</strong></span> <span class='ocrx_word' id='word_1_45' title='bbox 1459 543 1514 580; x_wconf 87' lang='lat' dir='ltr'><strong>ita</strong></span> <span class='ocrx_word' id='word_1_46' title='bbox 1544 543 1692 588; x_wconf 86' lang='lat' dir='ltr'><strong>vertit,</strong></span> 
     </span>
     <span class='ocr_line' id='line_1_8' title="bbox 281 594 1156 647; baseline -0.003 -12"><span class='ocrx_word' id='word_1_47' title='bbox 281 596 405 635; x_wconf 83' lang='lat' dir='ltr'><strong>Plato</strong></span> <span class='ocrx_word' id='word_1_48' title='bbox 430 609 478 632; x_wconf 86' lang='lat' dir='ltr'><strong>ac</strong></span> <span class='ocrx_word' id='word_1_49' title='bbox 511 594 740 634; x_wconf 73' lang='lat' dir='ltr'><strong>Theodorus</strong></span> <span class='ocrx_word' id='word_1_50' title='bbox 767 595 988 647; x_wconf 80' lang='lat' dir='ltr'><strong>Hegumeni</strong></span> <span class='ocrx_word' id='word_1_51' title='bbox 1013 595 1156 638; x_wconf 76' lang='lat' dir='ltr'><strong>Stadii.</strong></span> 
     </span>
    </p>

    <p class='ocr_par' dir='ltr' id='par_1_4' title="bbox 281 643 1696 810">
     <span class='ocr_line' id='line_1_9' title="bbox 388 643 1696 701; baseline -0.001 -14"><span class='ocrx_word' id='word_1_52' title='bbox 388 647 600 700; x_wconf 79' lang='grc' dir='ltr'><em>στράτα</em></span> <span class='ocrx_word' id='word_1_53' title='bbox 647 656 798 698; x_wconf 82' lang='lat' dir='ltr'><strong>strata,</strong></span> <span class='ocrx_word' id='word_1_54' title='bbox 841 652 918 688; x_wconf 89' lang='lat' dir='ltr'><strong>iter</strong></span> <span class='ocrx_word' id='word_1_55' title='bbox 947 663 1033 701; x_wconf 85' lang='lat' dir='ltr'>pag.</span> <span class='ocrx_word' id='word_1_56' title='bbox 1081 649 1148 687; x_wconf 85' lang='lat'><strong>26.</strong></span> <span class='ocrx_word' id='word_1_57' title='bbox 1191 647 1438 688; x_wconf 82' lang='lat' dir='ltr'><strong>Glossarium</strong></span> <span class='ocrx_word' id='word_1_58' title='bbox 1470 663 1555 688; x_wconf 83' lang='lat' dir='ltr'><strong>ms:</strong></span> <span class='ocrx_word' id='word_1_59' title='bbox 1599 643 1696 695; x_wconf 80' lang='grc' dir='ltr'><strong>ὅδὸς</strong></span> 
     </span>
     <span class='ocr_line' id='line_1_10' title="bbox 281 697 1695 756; baseline 0.001 -15"><span class='ocrx_word' id='word_1_60' title='bbox 281 702 307 754; x_wconf 80' lang='grc' dir='ltr'><em>ἧ</em></span> <span class='ocrx_word' id='word_1_61' title='bbox 334 698 503 755; x_wconf 80' lang='grc' dir='ltr'><em>στράτα.</em></span> <span class='ocrx_word' id='word_1_62' title='bbox 536 705 688 742; x_wconf 87' lang='lat' dir='ltr'><strong>Auctor</strong></span> <span class='ocrx_word' id='word_1_63' title='bbox 718 705 787 743; x_wconf 92' lang='lat' dir='ltr'><strong>GB</strong></span> <span class='ocrx_word' id='word_1_64' title='bbox 817 700 1045 755; x_wconf 78' lang='grc' dir='ltr'><strong><em>ἐκράτησας</em></strong></span> <span class='ocrx_word' id='word_1_65' title='bbox 1071 702 1143 753; x_wconf 83' lang='grc' dir='ltr'><strong>τῆς</strong></span> <span class='ocrx_word' id='word_1_66' title='bbox 1164 703 1367 755; x_wconf 78' lang='grc' dir='ltr'><em>’ξενητείας</em></span> <span class='ocrx_word' id='word_1_67' title='bbox 1401 699 1477 755; x_wconf 77' lang='grc' dir='ltr'><strong>τὴν</strong></span> <span class='ocrx_word' id='word_1_68' title='bbox 1504 697 1695 756; x_wconf 79' lang='grc' dir='ltr'><em>στράταν.</em></span> 
     </span>
     <span class='ocr_line' id='line_1_11' title="bbox 283 754 1433 810; baseline 0 -14"><span class='ocrx_word' id='word_1_69' title='bbox 283 756 420 796; x_wconf 82' lang='lat' dir='ltr'><strong>Italice</strong></span> <span class='ocrx_word' id='word_1_70' title='bbox 450 758 598 796; x_wconf 73' lang='lat' dir='ltr'><strong>scr-ada.</strong></span> <span class='ocrx_word' id='word_1_71' title='bbox 626 765 665 796; x_wconf 86' lang='lat' dir='ltr'><strong>et</strong></span> <span class='ocrx_word' id='word_1_72' title='bbox 696 759 960 810; x_wconf 88' lang='lat' dir='ltr'><strong>compositum</strong></span> <span class='ocrx_word' id='word_1_73' title='bbox 992 754 1236 807; x_wconf 84' lang='grc' dir='ltr'><em>ὸίστροίτον,</em></span> <span class='ocrx_word' id='word_1_74' title='bbox 1268 757 1433 796; x_wconf 87' lang='lat' dir='ltr'>bivium.</span> 
     </span>
    </p>

    <p class='ocr_par' dir='ltr' id='par_1_5' title="bbox 324 808 1697 877">
     <span class='ocr_line' id='line_1_12' title="bbox 324 808 1697 877; baseline -0.001 -27"><span class='ocrx_word' id='word_1_75' title='bbox 324 864 333 877; x_wconf 55' lang='lat'><em>&#39;</em></span> <span class='ocrx_word' id='word_1_76' title='bbox 388 808 750 865; x_wconf 78' lang='grc' dir='ltr'><em>σχολαρίκιον</em></span> <span class='ocrx_word' id='word_1_77' title='bbox 799 814 965 851; x_wconf 85' lang='lat' dir='ltr'><strong>inauris.</strong></span> <span class='ocrx_word' id='word_1_78' title='bbox 1013 810 1142 850; x_wconf 87' lang='lat' dir='ltr'><strong>Gloss.</strong></span> <span class='ocrx_word' id='word_1_79' title='bbox 1182 825 1239 850; x_wconf 88' lang='lat' dir='ltr'><strong>ms</strong></span> <span class='ocrx_word' id='word_1_80' title='bbox 1259 825 1272 850; x_wconf 73' lang='grc' dir='ltr'><strong><em>ε</em></strong></span> <span class='ocrx_word' id='word_1_81' title='bbox 1323 810 1510 862; x_wconf 80' lang='grc' dir='ltr'><strong><em>ἐνώτιον,</em></strong></span> <span class='ocrx_word' id='word_1_82' title='bbox 1545 812 1697 862; x_wconf 82' lang='grc' dir='ltr'><em>σχολα-</em></span> 
     </span>
    </p>

    <p class='ocr_par' dir='ltr' id='par_1_6' title="bbox 282 877 1699 1066">
     <span class='ocr_line' id='line_1_13' title="bbox 311 877 426 904; baseline 0 0"><span class='ocrx_word' id='word_1_83' title='bbox 311 877 426 904; x_wconf 84' lang='grc' dir='ltr'><em>ικιον.</em></span> 
     </span>
     <span class='ocr_line' id='line_1_14' title="bbox 284 879 1699 971; baseline 0 -13"><span class='ocrx_word' id='word_1_84' title='bbox 284 879 307 919; x_wconf 72' lang='lat'><strong>(²</strong></span> <span class='ocrx_word' id='word_1_85' title='bbox 386 917 685 970; x_wconf 81' lang='grc' dir='ltr'><em>ταβελλίων</em></span> <span class='ocrx_word' id='word_1_86' title='bbox 726 919 906 960; x_wconf 82' lang='lat' dir='ltr'><strong>tabellio.</strong></span> <span class='ocrx_word' id='word_1_87' title='bbox 935 918 1152 970; x_wconf 85' lang='lat' dir='ltr'><strong>Procopius</strong></span> <span class='ocrx_word' id='word_1_88' title='bbox 1179 915 1361 958; x_wconf 77' lang='grc' dir='ltr'><em>ἆνεκδοτ.</em></span> <span class='ocrx_word' id='word_1_89' title='bbox 1406 933 1446 971; x_wconf 86' lang='lat' dir='ltr'><strong>p.</strong></span> <span class='ocrx_word' id='word_1_90' title='bbox 1484 920 1587 968; x_wconf 67' lang='lat'><strong>¹24²</strong></span> <span class='ocrx_word' id='word_1_91' title='bbox 1626 913 1699 958; x_wconf 75' lang='grc' dir='ltr'><strong>ὅν·</strong></span> 
     </span>
     <span class='ocr_line' id='line_1_15' title="bbox 282 971 1698 1025; baseline 0 -13"><span class='ocrx_word' id='word_1_92' title='bbox 282 986 358 1025; x_wconf 80' lang='grc' dir='ltr'><strong>περ</strong></span> <span class='ocrx_word' id='word_1_93' title='bbox 404 972 658 1025; x_wconf 75' lang='grc' dir='ltr'><em>ταβελλίωνα</em></span> <span class='ocrx_word' id='word_1_94' title='bbox 701 972 875 1014; x_wconf 80' lang='grc' dir='ltr'><em>καλοῦσι</em></span> <span class='ocrx_word' id='word_1_95' title='bbox 908 971 1119 1024; x_wconf 82' lang='grc' dir='ltr'><em>Ῥωμαῖοι.</em></span> <span class='ocrx_word' id='word_1_96' title='bbox 1181 973 1272 1013; x_wconf 90' lang='lat' dir='ltr'><strong>vide</strong></span> <span class='ocrx_word' id='word_1_97' title='bbox 1310 973 1572 1016; x_wconf 64' lang='lat' dir='ltr'><strong>&gt;Glossarium</strong></span> <span class='ocrx_word' id='word_1_98' title='bbox 1616 973 1698 1012; x_wconf 90' lang='lat' dir='ltr'><strong>No-</strong></span> 
     </span>
     <span class='ocr_line' id='line_1_16' title="bbox 282 1041 443 1066; baseline 0 0"><span class='ocrx_word' id='word_1_99' title='bbox 282 1041 443 1066; x_wconf 75' lang='lat' dir='ltr'><strong>micum.</strong></span> 
     </span>
    </p>

    <p class='ocr_par' dir='ltr' id='par_1_7' title="bbox 281 1079 1700 1350">
     <span class='ocr_line' id='line_1_17' title="bbox 388 1079 1700 1134; baseline 0 -14"><span class='ocrx_word' id='word_1_100' title='bbox 388 1081 611 1132; x_wconf 81' lang='grc' dir='ltr'><em>ταβλιόν</em></span> <span class='ocrx_word' id='word_1_101' title='bbox 654 1079 800 1133; x_wconf 81' lang='grc' dir='ltr'><em>κύβος,</em></span> <span class='ocrx_word' id='word_1_102' title='bbox 843 1081 979 1120; x_wconf 83' lang='lat' dir='ltr'><strong>tabula</strong></span> <span class='ocrx_word' id='word_1_103' title='bbox 1026 1095 1117 1134; x_wconf 86' lang='lat' dir='ltr'><strong>pag.</strong></span> <span class='ocrx_word' id='word_1_104' title='bbox 1159 1081 1251 1121; x_wconf 83' lang='lat'><strong>558.</strong></span> <span class='ocrx_word' id='word_1_105' title='bbox 1292 1083 1442 1121; x_wconf 83' lang='lat' dir='ltr'><strong>Auctor</strong></span> <span class='ocrx_word' id='word_1_106' title='bbox 1484 1082 1583 1120; x_wconf 88' lang='lat' dir='ltr'><strong>GB:</strong></span> <span class='ocrx_word' id='word_1_107' title='bbox 1627 1081 1700 1120; x_wconf 71' lang='grc' dir='ltr'><em>καὶ</em></span> 
     </span>
     <span class='ocr_line' id='line_1_18' title="bbox 281 1131 1700 1187; baseline -0.001 -13"><span class='ocrx_word' id='word_1_108' title='bbox 281 1133 333 1175; x_wconf 79' lang='grc' dir='ltr'><strong>τὰ</strong></span> <span class='ocrx_word' id='word_1_109' title='bbox 363 1137 513 1175; x_wconf 65' lang='lat' dir='ltr'><strong>tauma</strong></span> <span class='ocrx_word' id='word_1_110' title='bbox 539 1135 610 1175; x_wconf 85' lang='grc' dir='ltr'><em>καί</em></span> <span class='ocrx_word' id='word_1_111' title='bbox 636 1134 689 1175; x_wconf 79' lang='grc' dir='ltr'><strong>τὰ</strong></span> <span class='ocrx_word' id='word_1_112' title='bbox 718 1134 869 1186; x_wconf 80' lang='grc' dir='ltr'><em>χαρτία</em></span> <span class='ocrx_word' id='word_1_113' title='bbox 889 1136 960 1174; x_wconf 82' lang='grc' dir='ltr'><em>καί</em></span> <span class='ocrx_word' id='word_1_114' title='bbox 987 1135 1112 1187; x_wconf 63' lang='lat' dir='ltr'><strong>Capta</strong></span> <span class='ocrx_word' id='word_1_115' title='bbox 1148 1133 1200 1174; x_wconf 85' lang='grc' dir='ltr'><strong>νὰ</strong></span> <span class='ocrx_word' id='word_1_116' title='bbox 1228 1131 1280 1174; x_wconf 82' lang='grc' dir='ltr'><strong>τὰ</strong></span> <span class='ocrx_word' id='word_1_117' title='bbox 1309 1134 1505 1174; x_wconf 76' lang='grc' dir='ltr'><em>καύσουν.</em></span> <span class='ocrx_word' id='word_1_118' title='bbox 1538 1136 1700 1175; x_wconf 87' lang='lat' dir='ltr'><strong>Glossa-</strong></span> 
     </span>
     <span class='ocr_line' id='line_1_19' title="bbox 283 1184 1696 1242; baseline -0.003 -12"><span class='ocrx_word' id='word_1_119' title='bbox 283 1193 389 1230; x_wconf 85' lang='lat' dir='ltr'><strong>rium</strong></span> <span class='ocrx_word' id='word_1_120' title='bbox 416 1204 508 1229; x_wconf 88' lang='lat' dir='ltr'><strong>ms:</strong></span> <span class='ocrx_word' id='word_1_121' title='bbox 543 1191 680 1229; x_wconf 84' lang='grc' dir='ltr'><em>πεττοί</em></span> <span class='ocrx_word' id='word_1_122' title='bbox 707 1186 757 1229; x_wconf 73' lang='grc' dir='ltr'><strong>τά</strong></span> <span class='ocrx_word' id='word_1_123' title='bbox 785 1185 909 1240; x_wconf 79' lang='grc' dir='ltr'><em>βόλια</em></span> <span class='ocrx_word' id='word_1_124' title='bbox 951 1188 995 1228; x_wconf 80' lang='grc' dir='ltr'><strong>ἐν</strong></span> <span class='ocrx_word' id='word_1_125' title='bbox 1038 1184 1099 1235; x_wconf 80' lang='grc' dir='ltr'><strong>οἷς</strong></span> <span class='ocrx_word' id='word_1_126' title='bbox 1135 1188 1383 1238; x_wconf 82' lang='grc' dir='ltr'><em>ταβλίζουσι.</em></span> <span class='ocrx_word' id='word_1_127' title='bbox 1423 1189 1508 1242; x_wconf 84' lang='lat' dir='ltr'><strong>lege</strong></span> <span class='ocrx_word' id='word_1_128' title='bbox 1534 1188 1696 1239; x_wconf 80' lang='grc' dir='ltr'><em>ταβλία.</em></span> 
     </span>
     <span class='ocr_line' id='line_1_20' title="bbox 283 1240 1699 1297; baseline -0.001 -13"><span class='ocrx_word' id='word_1_129' title='bbox 283 1244 471 1284; x_wconf 83' lang='lat' dir='ltr'><strong>dicebant</strong></span> <span class='ocrx_word' id='word_1_130' title='bbox 514 1251 553 1283; x_wconf 86' lang='lat' dir='ltr'><strong>et</strong></span> <span class='ocrx_word' id='word_1_131' title='bbox 581 1240 758 1296; x_wconf 81' lang='grc' dir='ltr'><em>τάβλην,</em></span> <span class='ocrx_word' id='word_1_132' title='bbox 793 1252 838 1282; x_wconf 87' lang='lat' dir='ltr'><strong>ut</strong></span> <span class='ocrx_word' id='word_1_133' title='bbox 868 1244 908 1281; x_wconf 90' lang='lat' dir='ltr'><strong>in</strong></span> <span class='ocrx_word' id='word_1_134' title='bbox 937 1244 1133 1295; x_wconf 73' lang='lat' dir='ltr'><strong>Agathino</strong></span> <span class='ocrx_word' id='word_1_135' title='bbox 1160 1243 1388 1282; x_wconf 81' lang='lat' dir='ltr'><strong>scholastici</strong></span> <span class='ocrx_word' id='word_1_136' title='bbox 1419 1247 1699 1297; x_wconf 78' lang='lat' dir='ltr'><strong>epigrammate</strong></span> 
     </span>
     <span class='ocr_line' id='line_1_21' title="bbox 282 1294 1442 1350; baseline -0.003 -11"><span class='ocrx_word' id='word_1_137' title='bbox 282 1298 498 1350; x_wconf 87' lang='lat' dir='ltr'><strong>Antholog.</strong></span> <span class='ocrx_word' id='word_1_138' title='bbox 529 1298 596 1336; x_wconf 91' lang='lat' dir='ltr'><strong>lib.</strong></span> <span class='ocrx_word' id='word_1_139' title='bbox 633 1312 645 1336; x_wconf 86' lang='lat'>1</span> <span class='ocrx_word' id='word_1_140' title='bbox 681 1312 765 1350; x_wconf 86' lang='lat' dir='ltr'><strong>cap.</strong></span> <span class='ocrx_word' id='word_1_141' title='bbox 792 1298 870 1336; x_wconf 84' lang='lat'><strong>61:</strong></span> <span class='ocrx_word' id='word_1_142' title='bbox 901 1295 1054 1348; x_wconf 81' lang='grc' dir='ltr'><em>ταύλην</em></span> <span class='ocrx_word' id='word_1_143' title='bbox 1083 1294 1253 1348; x_wconf 78' lang='grc' dir='ltr'><em>φεύγετε</em></span> <span class='ocrx_word' id='word_1_144' title='bbox 1282 1295 1442 1344; x_wconf 81' lang='grc' dir='ltr'><em>πάντες.</em></span> 
     </span>
    </p>

    <p class='ocr_par' dir='ltr' id='par_1_8' title="bbox 390 1350 1306 1403">
     <span class='ocr_line' id='line_1_22' title="bbox 390 1350 1306 1403; baseline -0.002 -13"><span class='ocrx_word' id='word_1_145' title='bbox 390 1366 414 1391; x_wconf 84' lang='grc' dir='ltr'><em>τ</em></span> <span class='ocrx_word' id='word_1_146' title='bbox 431 1350 702 1402; x_wconf 81' lang='grc' dir='ltr'><em>αβλισμός</em></span> <span class='ocrx_word' id='word_1_147' title='bbox 730 1358 926 1403; x_wconf 83' lang='lat' dir='ltr'><strong>stuprum.</strong></span> <span class='ocrx_word' id='word_1_148' title='bbox 954 1352 1046 1389; x_wconf 86' lang='lat' dir='ltr'><strong>vide</strong></span> <span class='ocrx_word' id='word_1_149' title='bbox 1070 1352 1306 1389; x_wconf 82' lang='lat' dir='ltr'><strong>Meursium.</strong></span> 
     </span>
    </p>

    <p class='ocr_par' dir='ltr' id='par_1_9' title="bbox 284 1402 1700 1558">
     <span class='ocr_line' id='line_1_23' title="bbox 386 1402 1700 1458; baseline -0.001 -13"><span class='ocrx_word' id='word_1_150' title='bbox 386 1404 623 1452; x_wconf 76' lang='grc' dir='ltr'><em>ταξίδιον</em></span> <span class='ocrx_word' id='word_1_151' title='bbox 649 1405 712 1444; x_wconf 87' lang='lat' dir='ltr'><strong>vel</strong></span> <span class='ocrx_word' id='word_1_152' title='bbox 740 1402 1038 1453; x_wconf 58' lang='grc' dir='ltr'><em>ταξείδιονὼεο</em></span> <span class='ocrx_word' id='word_1_153' title='bbox 1054 1407 1376 1444; x_wconf 80' lang='lat' dir='ltr'><strong>Grammaticus:</strong></span> <span class='ocrx_word' id='word_1_154' title='bbox 1405 1402 1576 1458; x_wconf 70' lang='grc' dir='ltr'><em>ἀφόβως</em></span> <span class='ocrx_word' id='word_1_155' title='bbox 1602 1418 1700 1444; x_wconf 89' lang='grc' dir='ltr'><em>συν-</em></span> 
     </span>
     <span class='ocr_line' id='line_1_24' title="bbox 284 1457 1699 1512; baseline -0.002 -10"><span class='ocrx_word' id='word_1_156' title='bbox 284 1462 463 1510; x_wconf 75' lang='grc' dir='ltr'><strong>εξελθεῖν</strong></span> <span class='ocrx_word' id='word_1_157' title='bbox 506 1460 592 1511; x_wconf 83' lang='grc' dir='ltr'><em>μετ’</em></span> <span class='ocrx_word' id='word_1_158' title='bbox 628 1457 763 1499; x_wconf 70' lang='grc' dir='ltr'><em>αὐτῶν</em></span> <span class='ocrx_word' id='word_1_159' title='bbox 804 1458 848 1498; x_wconf 78' lang='grc' dir='ltr'><strong>ἐν</strong></span> <span class='ocrx_word' id='word_1_160' title='bbox 884 1459 940 1512; x_wconf 77' lang='grc' dir='ltr'><strong>τῷ</strong></span> <span class='ocrx_word' id='word_1_161' title='bbox 980 1457 1185 1512; x_wconf 57' lang='grc' dir='ltr'><em>ταξειὸιῖἱ).</em></span> <span class='ocrx_word' id='word_1_162' title='bbox 1226 1458 1317 1498; x_wconf 90' lang='lat' dir='ltr'><strong>vide</strong></span> <span class='ocrx_word' id='word_1_163' title='bbox 1348 1458 1590 1498; x_wconf 81' lang='lat' dir='ltr'><strong>Glossarium</strong></span> <span class='ocrx_word' id='word_1_164' title='bbox 1620 1459 1699 1499; x_wconf 88' lang='lat' dir='ltr'><strong>Ce-</strong></span> 
     </span>
     <span class='ocr_line' id='line_1_25' title="bbox 287 1517 414 1558; baseline 0.008 -1"><span class='ocrx_word' id='word_1_165' title='bbox 287 1517 414 1558; x_wconf 83' lang='lat' dir='ltr'><strong>dreni.</strong></span> 
     </span>
    </p>

    <p class='ocr_par' dir='ltr' id='par_1_10' title="bbox 292 1562 1696 1673">
     <span class='ocr_line' id='line_1_26' title="bbox 393 1562 1696 1620; baseline -0.002 -12"><span class='ocrx_word' id='word_1_166' title='bbox 393 1566 617 1617; x_wconf 79' lang='grc' dir='ltr'><em>ταρίὸες</em></span> <span class='ocrx_word' id='word_1_167' title='bbox 655 1565 879 1607; x_wconf 84' lang='lat' dir='ltr'><strong>dromones.</strong></span> <span class='ocrx_word' id='word_1_168' title='bbox 923 1581 962 1619; x_wconf 89' lang='lat' dir='ltr'><strong>p.</strong></span> <span class='ocrx_word' id='word_1_169' title='bbox 995 1567 1072 1620; x_wconf 72' lang='grc'><strong>547</strong></span> <span class='ocrx_word' id='word_1_170' title='bbox 1105 1565 1131 1604; x_wconf 84' lang='grc'><strong>(1</strong></span> <span class='ocrx_word' id='word_1_171' title='bbox 1172 1563 1392 1618; x_wconf 71' lang='grc' dir='ltr'><em>ὃρομώνων</em></span> <span class='ocrx_word' id='word_1_172' title='bbox 1423 1562 1696 1618; x_wconf 69' lang='grc' dir='ltr'><em>ἱππαγωγῶνε</em></span> 
     </span>
     <span class='ocr_line' id='line_1_27' title="bbox 292 1619 731 1673; baseline -0.011 -8"><span class='ocrx_word' id='word_1_173' title='bbox 292 1625 415 1664; x_wconf 88' lang='lat' dir='ltr'><strong>codex</strong></span> <span class='ocrx_word' id='word_1_174' title='bbox 447 1622 517 1660; x_wconf 90' lang='lat' dir='ltr'><strong>GB</strong></span> <span class='ocrx_word' id='word_1_175' title='bbox 544 1619 731 1673; x_wconf 76' lang='grc' dir='ltr'><em>ταρίδων.</em></span> 
     </span>
    </p>

    <p class='ocr_par' dir='ltr' id='par_1_11' title="bbox 289 1673 1702 2321">
     <span class='ocr_line' id='line_1_28' title="bbox 396 1673 1698 1727; baseline -0.002 -13"><span class='ocrx_word' id='word_1_176' title='bbox 396 1675 558 1715; x_wconf 78' lang='grc' dir='ltr'><em>τένὸα</em></span> <span class='ocrx_word' id='word_1_177' title='bbox 605 1682 675 1714; x_wconf 83' lang='lat' dir='ltr'><strong>aut</strong></span> <span class='ocrx_word' id='word_1_178' title='bbox 699 1678 817 1714; x_wconf 77' lang='grc' dir='ltr'><em>τὲντα</em></span> <span class='ocrx_word' id='word_1_179' title='bbox 843 1674 1059 1713; x_wconf 87' lang='lat' dir='ltr'><strong>tentorium</strong></span> <span class='ocrx_word' id='word_1_180' title='bbox 1075 1703 1086 1719; x_wconf 87' lang='lat'><strong>‚</strong></span> <span class='ocrx_word' id='word_1_181' title='bbox 1114 1673 1439 1722; x_wconf 86' lang='lat' dir='ltr'><strong>tabernaculum,</strong></span> <span class='ocrx_word' id='word_1_182' title='bbox 1469 1673 1628 1727; x_wconf 86' lang='lat' dir='ltr'><strong>papilio.</strong></span> <span class='ocrx_word' id='word_1_183' title='bbox 1657 1688 1698 1726; x_wconf 84' lang='lat' dir='ltr'><strong>p,</strong></span> 
     </span>
     <span class='ocr_line' id='line_1_29' title="bbox 290 1725 1696 1784; baseline -0.003 -14"><span class='ocrx_word' id='word_1_184' title='bbox 290 1732 369 1784; x_wconf 67' lang='lat'><strong>240</strong></span> <span class='ocrx_word' id='word_1_185' title='bbox 401 1731 428 1770; x_wconf 92' lang='lat' dir='ltr'>b</span> <span class='ocrx_word' id='word_1_186' title='bbox 451 1726 527 1780; x_wconf 68' lang='grc' dir='ltr'><strong>τήν</strong></span> <span class='ocrx_word' id='word_1_187' title='bbox 552 1726 703 1781; x_wconf 70' lang='grc' dir='ltr'><em>σκηνήν</em></span> <span class='ocrx_word' id='word_1_188' title='bbox 736 1725 899 1768; x_wconf 75' lang='grc' dir='ltr'><em>εἰσιώνε</em></span> <span class='ocrx_word' id='word_1_189' title='bbox 929 1729 1048 1766; x_wconf 82' lang='lat' dir='ltr'><strong>codex</strong></span> <span class='ocrx_word' id='word_1_190' title='bbox 1078 1729 1147 1766; x_wconf 91' lang='lat' dir='ltr'><strong>GB</strong></span> <span class='ocrx_word' id='word_1_191' title='bbox 1172 1727 1324 1767; x_wconf 82' lang='grc' dir='ltr'><em>τένταν.</em></span> <span class='ocrx_word' id='word_1_192' title='bbox 1355 1729 1435 1766; x_wconf 88' lang='lat' dir='ltr'><strong>Leo</strong></span> <span class='ocrx_word' id='word_1_193' title='bbox 1464 1729 1578 1766; x_wconf 82' lang='lat' dir='ltr'><strong>Tact.</strong></span> <span class='ocrx_word' id='word_1_194' title='bbox 1608 1743 1696 1780; x_wconf 89' lang='lat' dir='ltr'><strong>cap.</strong></span> 
     </span>
     <span class='ocr_line' id='line_1_30' title="bbox 290 1778 1702 1838; baseline -0.002 -15"><span class='ocrx_word' id='word_1_195' title='bbox 290 1788 314 1828; x_wconf 87' lang='lat'><strong>5</strong></span> <span class='ocrx_word' id='word_1_196' title='bbox 339 1791 363 1835; x_wconf 83' lang='lat'>§</span> <span class='ocrx_word' id='word_1_197' title='bbox 393 1798 438 1838; x_wconf 75' lang='lat'><strong>9:</strong></span> <span class='ocrx_word' id='word_1_198' title='bbox 472 1783 703 1836; x_wconf 65' lang='lat' dir='ltr'><strong>‹ppov-ct&#39;oetg</strong></span> <span class='ocrx_word' id='word_1_199' title='bbox 735 1783 780 1822; x_wconf 74' lang='grc' dir='ltr'><strong>δὲ</strong></span> <span class='ocrx_word' id='word_1_200' title='bbox 809 1782 878 1821; x_wconf 86' lang='grc' dir='ltr'><em>καί</em></span> <span class='ocrx_word' id='word_1_201' title='bbox 903 1778 1133 1831; x_wconf 77' lang='grc' dir='ltr'><em>ἑτοιμάσεις</em></span> <span class='ocrx_word' id='word_1_202' title='bbox 1159 1781 1231 1820; x_wconf 83' lang='grc' dir='ltr'><strong><em>καί</em></strong></span> <span class='ocrx_word' id='word_1_203' title='bbox 1258 1779 1333 1827; x_wconf 83' lang='grc' dir='ltr'><strong>τὰς</strong></span> <span class='ocrx_word' id='word_1_204' title='bbox 1359 1782 1573 1832; x_wconf 78' lang='grc' dir='ltr'><em>λεγομένας</em></span> <span class='ocrx_word' id='word_1_205' title='bbox 1613 1783 1702 1821; x_wconf 83' lang='grc' dir='ltr'><em>τέν-</em></span> 
     </span>
     <span class='ocr_line' id='line_1_31' title="bbox 289 1831 1699 1899; baseline -0.005 -19"><span class='ocrx_word' id='word_1_206' title='bbox 289 1841 365 1887; x_wconf 79' lang='grc' dir='ltr'><em>δας</em></span> <span class='ocrx_word' id='word_1_207' title='bbox 393 1837 463 1877; x_wconf 86' lang='grc' dir='ltr'><em>καί</em></span> <span class='ocrx_word' id='word_1_208' title='bbox 489 1834 702 1888; x_wconf 70' lang='grc' dir='ltr'><em>οἷτεγείας,</em></span> <span class='ocrx_word' id='word_1_209' title='bbox 733 1838 867 1876; x_wconf 81' lang='lat' dir='ltr'><strong>tendas</strong></span> <span class='ocrx_word' id='word_1_210' title='bbox 904 1845 942 1875; x_wconf 83' lang='lat' dir='ltr'><strong>et</strong></span> <span class='ocrx_word' id='word_1_211' title='bbox 975 1837 1137 1887; x_wconf 78' lang='lat' dir='ltr'><strong>ategias.</strong></span> <span class='ocrx_word' id='word_1_212' title='bbox 1181 1838 1330 1887; x_wconf 81' lang='lat' dir='ltr'><strong>ategiae</strong></span> <span class='ocrx_word' id='word_1_213' title='bbox 1357 1843 1450 1874; x_wconf 85' lang='lat' dir='ltr'><strong>sunt</strong></span> <span class='ocrx_word' id='word_1_214' title='bbox 1492 1831 1699 1899; x_wconf 67' lang='grc' dir='ltr'><em>καλύβαι,</em></span> 
     </span>
     <span class='ocr_line' id='line_1_32' title="bbox 289 1887 1702 1946; baseline -0.003 -13"><span class='ocrx_word' id='word_1_215' title='bbox 289 1892 448 1946; x_wconf 78' lang='grc' dir='ltr'><em>σκηναί.</em></span> <span class='ocrx_word' id='word_1_216' title='bbox 491 1891 678 1943; x_wconf 84' lang='lat' dir='ltr'><strong>losephus</strong></span> <span class='ocrx_word' id='word_1_217' title='bbox 721 1890 784 1930; x_wconf 72' lang='grc' dir='ltr'><strong>ἄλ.</strong></span> <span class='ocrx_word' id='word_1_218' title='bbox 816 1891 842 1930; x_wconf 88' lang='grc'>6</span> <span class='ocrx_word' id='word_1_219' title='bbox 869 1904 901 1928; x_wconf 89' lang='lat' dir='ltr'><strong>c.</strong></span> <span class='ocrx_word' id='word_1_220' title='bbox 933 1891 1006 1928; x_wconf 80' lang='lat'><strong>51:</strong></span> <span class='ocrx_word' id='word_1_221' title='bbox 1049 1887 1139 1928; x_wconf 75' lang='grc' dir='ltr'><strong>ἐπεὶ</strong></span> <span class='ocrx_word' id='word_1_222' title='bbox 1173 1891 1505 1942; x_wconf 77' lang='grc' dir='ltr'><em>σκηνοποιεῖσθαι</em></span> <span class='ocrx_word' id='word_1_223' title='bbox 1546 1903 1702 1936; x_wconf 85' lang='grc' dir='ltr'><em>παντας</em></span> 
     </span>
     <span class='ocr_line' id='line_1_33' title="bbox 290 1943 1699 2000; baseline -0.001 -15"><span class='ocrx_word' id='word_1_224' title='bbox 290 1946 386 1993; x_wconf 72' lang='grc' dir='ltr'><em>ἔθος</em></span> <span class='ocrx_word' id='word_1_225' title='bbox 412 1944 468 1999; x_wconf 70' lang='grc' dir='ltr'><strong>τῷ</strong></span> <span class='ocrx_word' id='word_1_226' title='bbox 494 1946 593 2000; x_wconf 73' lang='grc' dir='ltr'><strong>θεῷ.</strong></span> <span class='ocrx_word' id='word_1_227' title='bbox 641 1947 804 1984; x_wconf 83' lang='lat' dir='ltr'><strong>Rufinus</strong></span> <span class='ocrx_word' id='word_1_228' title='bbox 832 1943 1095 1997; x_wconf 87' lang='lat' dir='ltr'><strong>Aquileiensis</strong></span> <span class='ocrx_word' id='word_1_229' title='bbox 1122 1944 1178 1982; x_wconf 85' lang='lat' dir='ltr'><strong>ita</strong></span> <span class='ocrx_word' id='word_1_230' title='bbox 1207 1945 1324 1983; x_wconf 88' lang='lat' dir='ltr'><strong>vertit</strong></span> <span class='ocrx_word' id='word_1_231' title='bbox 1350 1944 1419 1986; x_wconf 83' lang='lat' dir='ltr'><strong>lib,</strong></span> <span class='ocrx_word' id='word_1_232' title='bbox 1450 1958 1471 1996; x_wconf 90' lang='lat'><strong>7</strong></span> <span class='ocrx_word' id='word_1_233' title='bbox 1501 1957 1584 1995; x_wconf 88' lang='lat' dir='ltr'><strong>cap.</strong></span> <span class='ocrx_word' id='word_1_234' title='bbox 1619 1956 1666 1982; x_wconf 70' lang='grc' dir='ltr'><strong>ια</strong></span> <span class='ocrx_word' id='word_1_235' title='bbox 1685 1958 1699 1983; x_wconf 88' lang='lat'>:</span> 
     </span>
     <span class='ocr_line' id='line_1_34' title="bbox 289 1998 1701 2056; baseline -0.002 -17"><span class='ocrx_word' id='word_1_236' title='bbox 289 2002 478 2056; x_wconf 78' lang='lat' dir='ltr'><strong>quoniam</strong></span> <span class='ocrx_word' id='word_1_237' title='bbox 505 2003 651 2053; x_wconf 79' lang='lat' dir='ltr'><strong>ategias</strong></span> <span class='ocrx_word' id='word_1_238' title='bbox 678 2001 720 2038; x_wconf 85' lang='lat' dir='ltr'><strong>in</strong></span> <span class='ocrx_word' id='word_1_239' title='bbox 746 2001 925 2038; x_wconf 78' lang='lat' dir='ltr'><strong>honorem</strong></span> <span class='ocrx_word' id='word_1_240' title='bbox 954 1998 1024 2035; x_wconf 83' lang='lat' dir='ltr'><strong>dei</strong></span> <span class='ocrx_word' id='word_1_241' title='bbox 1048 1999 1229 2051; x_wconf 83' lang='lat' dir='ltr'><strong>componi</strong></span> <span class='ocrx_word' id='word_1_242' title='bbox 1252 1999 1296 2036; x_wconf 86' lang='lat' dir='ltr'><strong>in</strong></span> <span class='ocrx_word' id='word_1_243' title='bbox 1324 1998 1465 2051; x_wconf 81' lang='lat' dir='ltr'><strong>templo</strong></span> <span class='ocrx_word' id='word_1_244' title='bbox 1493 1998 1543 2035; x_wconf 85' lang='lat' dir='ltr'><strong>ab</strong></span> <span class='ocrx_word' id='word_1_245' title='bbox 1570 1999 1701 2036; x_wconf 80' lang='lat' dir='ltr'><strong>onmi-</strong></span> 
     </span>
     <span class='ocr_line' id='line_1_35' title="bbox 290 2050 1700 2106; baseline -0.004 -12"><span class='ocrx_word' id='word_1_246' title='bbox 290 2058 358 2094; x_wconf 82' lang='lat' dir='ltr'><strong>bus</strong></span> <span class='ocrx_word' id='word_1_247' title='bbox 385 2068 468 2093; x_wconf 79' lang='lat' dir='ltr'><strong>mos</strong></span> <span class='ocrx_word' id='word_1_248' title='bbox 493 2063 559 2092; x_wconf 84' lang='lat' dir='ltr'><strong>est.</strong></span> <span class='ocrx_word' id='word_1_249' title='bbox 601 2054 655 2093; x_wconf 89' lang='lat' dir='ltr'><strong>sic</strong></span> <span class='ocrx_word' id='word_1_250' title='bbox 682 2053 907 2106; x_wconf 82' lang='lat' dir='ltr'><strong>legendum.</strong></span> <span class='ocrx_word' id='word_1_251' title='bbox 954 2053 1235 2090; x_wconf 85' lang='lat' dir='ltr'><strong>Constantinus</strong></span> <span class='ocrx_word' id='word_1_252' title='bbox 1262 2052 1374 2090; x_wconf 75' lang='lat' dir='ltr'><strong>Tact.</strong></span> <span class='ocrx_word' id='word_1_253' title='bbox 1403 2066 1444 2104; x_wconf 90' lang='lat' dir='ltr'><strong>p.</strong></span> <span class='ocrx_word' id='word_1_254' title='bbox 1480 2064 1525 2090; x_wconf 83' lang='lat'><strong>12</strong></span> <span class='ocrx_word' id='word_1_255' title='bbox 1562 2058 1602 2090; x_wconf 87' lang='lat' dir='ltr'><strong>et</strong></span> <span class='ocrx_word' id='word_1_256' title='bbox 1629 2050 1700 2102; x_wconf 73' lang='grc'><strong>44.</strong></span> 
     </span>
     <span class='ocr_line' id='line_1_36' title="bbox 290 2101 1700 2159; baseline -0.004 -10"><span class='ocrx_word' id='word_1_257' title='bbox 290 2109 554 2159; x_wconf 82' lang='lat' dir='ltr'><strong>Theophanes</strong></span> <span class='ocrx_word' id='word_1_258' title='bbox 583 2108 624 2146; x_wconf 86' lang='lat' dir='ltr'><strong>in</strong></span> <span class='ocrx_word' id='word_1_259' title='bbox 650 2107 889 2147; x_wconf 87' lang='lat' dir='ltr'><strong>Theodosio.</strong></span> <span class='ocrx_word' id='word_1_260' title='bbox 927 2107 1008 2144; x_wconf 90' lang='lat' dir='ltr'><strong>Leo</strong></span> <span class='ocrx_word' id='word_1_261' title='bbox 1035 2107 1348 2144; x_wconf 84' lang='lat' dir='ltr'><strong>Grammaticus:</strong></span> <span class='ocrx_word' id='word_1_262' title='bbox 1388 2104 1460 2144; x_wconf 86' lang='grc' dir='ltr'>καί</span> <span class='ocrx_word' id='word_1_263' title='bbox 1488 2101 1700 2143; x_wconf 70' lang='grc' dir='ltr'><em>κατελθών</em></span> 
     </span>
     <span class='ocr_line' id='line_1_37' title="bbox 291 2154 1699 2213; baseline -0.006 -11"><span class='ocrx_word' id='word_1_264' title='bbox 291 2163 351 2207; x_wconf 84' lang='grc' dir='ltr'><strong>εἰς</strong></span> <span class='ocrx_word' id='word_1_265' title='bbox 377 2161 450 2213; x_wconf 74' lang='grc' dir='ltr'><strong>τὴν</strong></span> <span class='ocrx_word' id='word_1_266' title='bbox 476 2162 552 2199; x_wconf 82' lang='grc' dir='ltr'><strong>τοῦ</strong></span> <span class='ocrx_word' id='word_1_267' title='bbox 571 2162 785 2212; x_wconf 75' lang='grc' dir='ltr'><em>Καίσαρος</em></span> <span class='ocrx_word' id='word_1_268' title='bbox 810 2160 961 2200; x_wconf 81' lang='grc' dir='ltr'><em>τένταν.</em></span> <span class='ocrx_word' id='word_1_269' title='bbox 989 2159 1117 2198; x_wconf 85' lang='lat' dir='ltr'><strong>Gloss.</strong></span> <span class='ocrx_word' id='word_1_270' title='bbox 1147 2161 1268 2198; x_wconf 86' lang='lat' dir='ltr'><strong>luris:</strong></span> <span class='ocrx_word' id='word_1_271' title='bbox 1299 2158 1420 2198; x_wconf 81' lang='grc' dir='ltr'><em>τένδα</em></span> <span class='ocrx_word' id='word_1_272' title='bbox 1447 2154 1494 2196; x_wconf 79' lang='grc' dir='ltr'><strong>τὸ</strong></span> <span class='ocrx_word' id='word_1_273' title='bbox 1527 2171 1699 2210; x_wconf 82' lang='grc' dir='ltr'><em>σφαιρι-</em></span> 
     </span>
     <span class='ocr_line' id='line_1_38' title="bbox 292 2209 1699 2267; baseline -0.005 -12"><span class='ocrx_word' id='word_1_274' title='bbox 292 2213 363 2256; x_wconf 80' lang='grc' dir='ltr'><strong>κὸν</strong></span> <span class='ocrx_word' id='word_1_275' title='bbox 391 2215 666 2264; x_wconf 82' lang='grc' dir='ltr'><em>ὸιετεταμένος</em></span> <span class='ocrx_word' id='word_1_276' title='bbox 693 2211 884 2267; x_wconf 73' lang='grc' dir='ltr'><em>ὕφασμα·</em></span> <span class='ocrx_word' id='word_1_277' title='bbox 940 2212 1069 2252; x_wconf 79' lang='grc' dir='ltr'><em>τένδω</em></span> <span class='ocrx_word' id='word_1_278' title='bbox 1097 2210 1173 2264; x_wconf 79' lang='grc' dir='ltr'><strong>γὰρ</strong></span> <span class='ocrx_word' id='word_1_279' title='bbox 1201 2209 1244 2252; x_wconf 81' lang='grc' dir='ltr'><strong>τὸ</strong></span> <span class='ocrx_word' id='word_1_280' title='bbox 1296 2212 1499 2250; x_wconf 75' lang='grc' dir='ltr'><em>ὃιατείνω.</em></span> <span class='ocrx_word' id='word_1_281' title='bbox 1546 2212 1699 2263; x_wconf 87' lang='lat' dir='ltr'><strong>promi-</strong></span> 
     </span>
     <span class='ocr_line' id='line_1_39' title="bbox 292 2265 1563 2321; baseline -0.006 -10"><span class='ocrx_word' id='word_1_282' title='bbox 292 2284 384 2311; x_wconf 85' lang='lat' dir='ltr'><strong>seue</strong></span> <span class='ocrx_word' id='word_1_283' title='bbox 410 2270 527 2321; x_wconf 82' lang='lat' dir='ltr'><strong>igitur</strong></span> <span class='ocrx_word' id='word_1_284' title='bbox 556 2267 676 2306; x_wconf 80' lang='grc' dir='ltr'><em>τένδα</em></span> <span class='ocrx_word' id='word_1_285' title='bbox 708 2269 770 2307; x_wconf 88' lang='lat' dir='ltr'><strong>vel</strong></span> <span class='ocrx_word' id='word_1_286' title='bbox 795 2268 927 2307; x_wconf 84' lang='grc' dir='ltr'><em>τέντα.</em></span> <span class='ocrx_word' id='word_1_287' title='bbox 953 2267 1010 2306; x_wconf 91' lang='lat' dir='ltr'><strong>sic</strong></span> <span class='ocrx_word' id='word_1_288' title='bbox 1039 2266 1143 2305; x_wconf 89' lang='lat' dir='ltr'><strong>Galli</strong></span> <span class='ocrx_word' id='word_1_289' title='bbox 1170 2276 1283 2313; x_wconf 75' lang='lat' dir='ltr'><strong>teate,</strong></span> <span class='ocrx_word' id='word_1_290' title='bbox 1314 2265 1402 2304; x_wconf 88' lang='lat' dir='ltr'><strong>Itali</strong></span> <span class='ocrx_word' id='word_1_291' title='bbox 1430 2265 1563 2303; x_wconf 84' lang='lat' dir='ltr'><strong>tenda.</strong></span> 
     </span>
    </p>

    <p class='ocr_par' dir='ltr' id='par_1_12' title="bbox 294 2318 1699 2431">
     <span class='ocr_line' id='line_1_40' title="bbox 399 2318 1699 2373; baseline -0.004 -11"><span class='ocrx_word' id='word_1_292' title='bbox 399 2325 732 2373; x_wconf 79' lang='grc' dir='ltr'><em>τετραρεῖαι</em></span> <span class='ocrx_word' id='word_1_293' title='bbox 786 2335 874 2373; x_wconf 86' lang='lat' dir='ltr'><strong>pag.</strong></span> <span class='ocrx_word' id='word_1_294' title='bbox 930 2334 1030 2373; x_wconf 87' lang='lat'>119,</span> <span class='ocrx_word' id='word_1_295' title='bbox 1080 2321 1148 2360; x_wconf 91' lang='lat' dir='ltr'><strong>sed</strong></span> <span class='ocrx_word' id='word_1_296' title='bbox 1189 2320 1382 2359; x_wconf 86' lang='lat' dir='ltr'><strong>Meursius</strong></span> <span class='ocrx_word' id='word_1_297' title='bbox 1417 2318 1510 2371; x_wconf 82' lang='lat' dir='ltr'><strong>legit</strong></span> <span class='ocrx_word' id='word_1_298' title='bbox 1550 2330 1699 2369; x_wconf 80' lang='grc' dir='ltr'><em>πετρα-</em></span> 
     </span>
     <span class='ocr_line' id='line_1_41' title="bbox 294 2374 1345 2431; baseline -0.005 -15"><span class='ocrx_word' id='word_1_299' title='bbox 294 2379 414 2431; x_wconf 80' lang='grc' dir='ltr'><em>ρεῖαι.</em></span> <span class='ocrx_word' id='word_1_300' title='bbox 444 2383 535 2415; x_wconf 79' lang='lat' dir='ltr'><strong>sunt</strong></span> <span class='ocrx_word' id='word_1_301' title='bbox 560 2383 689 2413; x_wconf 89' lang='lat' dir='ltr'><strong>autem</strong></span> <span class='ocrx_word' id='word_1_302' title='bbox 717 2376 911 2427; x_wconf 86' lang='lat' dir='ltr'><strong>petrariae</strong></span> <span class='ocrx_word' id='word_1_303' title='bbox 940 2374 1145 2414; x_wconf 88' lang='lat' dir='ltr'><strong>machinae</strong></span> <span class='ocrx_word' id='word_1_304' title='bbox 1168 2374 1345 2413; x_wconf 81' lang='lat' dir='ltr'><strong>bellicae.</strong></span> 
     </span>
    </p>

    <p class='ocr_par' dir='ltr' id='par_1_13' title="bbox 292 2426 1698 2579">
     <span class='ocr_line' id='line_1_42' title="bbox 397 2426 1696 2481; baseline -0.005 -12"><span class='ocrx_word' id='word_1_305' title='bbox 397 2427 598 2481; x_wconf 79' lang='grc' dir='ltr'><em>τετράς</em></span> <span class='ocrx_word' id='word_1_306' title='bbox 639 2429 719 2468; x_wconf 89' lang='lat' dir='ltr'><strong>dies</strong></span> <span class='ocrx_word' id='word_1_307' title='bbox 763 2428 970 2467; x_wconf 89' lang='lat' dir='ltr'><strong>Mercurii.</strong></span> <span class='ocrx_word' id='word_1_308' title='bbox 999 2428 1146 2467; x_wconf 90' lang='lat' dir='ltr'><strong>Petrus</strong></span> <span class='ocrx_word' id='word_1_309' title='bbox 1172 2427 1459 2467; x_wconf 86' lang='lat' dir='ltr'><strong>Alexandrinus</strong></span> <span class='ocrx_word' id='word_1_310' title='bbox 1499 2440 1588 2465; x_wconf 88' lang='lat' dir='ltr'><strong>can.</strong></span> <span class='ocrx_word' id='word_1_311' title='bbox 1622 2426 1696 2464; x_wconf 80' lang='lat'><strong>15:</strong></span> 
     </span>
     <span class='ocr_line' id='line_1_43' title="bbox 292 2478 1698 2536; baseline -0.005 -12"><span class='ocrx_word' id='word_1_312' title='bbox 292 2482 466 2536; x_wconf 71' lang='grc' dir='ltr'><em>τετράὸη</em></span> <span class='ocrx_word' id='word_1_313' title='bbox 494 2479 571 2535; x_wconf 79' lang='grc' dir='ltr'><strong>γὰρ</strong></span> <span class='ocrx_word' id='word_1_314' title='bbox 601 2483 672 2522; x_wconf 85' lang='grc' dir='ltr'><strong><em>καί</em></strong></span> <span class='ocrx_word' id='word_1_315' title='bbox 698 2480 937 2535; x_wconf 81' lang='grc' dir='ltr'><em>παρασκευῇ</em></span> <span class='ocrx_word' id='word_1_316' title='bbox 963 2481 1216 2534; x_wconf 82' lang='grc' dir='ltr'><em>νηστευτέον,</em></span> <span class='ocrx_word' id='word_1_317' title='bbox 1243 2481 1310 2520; x_wconf 81' lang='lat' dir='ltr'><strong>die</strong></span> <span class='ocrx_word' id='word_1_318' title='bbox 1328 2481 1527 2521; x_wconf 80' lang='lat' dir='ltr'><strong>Mercurii</strong></span> <span class='ocrx_word' id='word_1_319' title='bbox 1553 2487 1590 2518; x_wconf 84' lang='lat' dir='ltr'><strong>et</strong></span> <span class='ocrx_word' id='word_1_320' title='bbox 1616 2478 1698 2518; x_wconf 83' lang='lat' dir='ltr'><strong>Ve-</strong></span> 
     </span>
     <span class='ocr_line' id='line_1_44' title="bbox 293 2537 692 2579; baseline -0.013 0"><span class='ocrx_word' id='word_1_321' title='bbox 293 2541 398 2579; x_wconf 85' lang='lat' dir='ltr'><strong>neris</strong></span> <span class='ocrx_word' id='word_1_322' title='bbox 425 2537 692 2576; x_wconf 78' lang='lat' dir='ltr'><strong>ieiunandum.</strong></span> 
     </span>
    </p>

    <p class='ocr_par' dir='ltr' id='par_1_14' title="bbox 294 2585 1698 2752">
     <span class='ocr_line' id='line_1_45' title="bbox 400 2585 1695 2641; baseline -0.005 -11"><span class='ocrx_word' id='word_1_323' title='bbox 400 2587 810 2641; x_wconf 76' lang='grc' dir='ltr'><em>τζαγγράτορες</em></span> <span class='ocrx_word' id='word_1_324' title='bbox 849 2588 1069 2639; x_wconf 81' lang='lat' dir='ltr'><strong>sagittarii:</strong></span> <span class='ocrx_word' id='word_1_325' title='bbox 1100 2595 1157 2626; x_wconf 89' lang='lat' dir='ltr'><strong>est</strong></span> <span class='ocrx_word' id='word_1_326' title='bbox 1201 2589 1305 2627; x_wconf 90' lang='lat' dir='ltr'><strong>enim</strong></span> <span class='ocrx_word' id='word_1_327' title='bbox 1336 2585 1514 2639; x_wconf 80' lang='grc' dir='ltr'><em>τζάγγρα</em></span> <span class='ocrx_word' id='word_1_328' title='bbox 1547 2598 1695 2625; x_wconf 82' lang='lat' dir='ltr'><strong>arcus:</strong></span> 
     </span>
     <span class='ocr_line' id='line_1_46' title="bbox 294 2637 1698 2699; baseline -0.005 -16"><span class='ocrx_word' id='word_1_329' title='bbox 294 2661 334 2699; x_wconf 88' lang='lat' dir='ltr'><strong>p.</strong></span> <span class='ocrx_word' id='word_1_330' title='bbox 367 2646 419 2685; x_wconf 80' lang='lat'><strong>53</strong></span> <span class='ocrx_word' id='word_1_331' title='bbox 448 2661 482 2683; x_wconf 86' lang='lat' dir='ltr'><strong>a.</strong></span> <span class='ocrx_word' id='word_1_332' title='bbox 510 2646 613 2683; x_wconf 90' lang='lat' dir='ltr'><strong>idem</strong></span> <span class='ocrx_word' id='word_1_333' title='bbox 643 2659 679 2698; x_wconf 88' lang='lat' dir='ltr'><strong>p.</strong></span> <span class='ocrx_word' id='word_1_334' title='bbox 708 2644 770 2696; x_wconf 91' lang='lat'><strong>87.</strong></span> <span class='ocrx_word' id='word_1_335' title='bbox 799 2638 983 2694; x_wconf 71' lang='grc' dir='ltr'><em>ἑκηβόλοι</em></span> <span class='ocrx_word' id='word_1_336' title='bbox 1003 2640 1231 2690; x_wconf 69' lang='grc' dir='ltr'><em>Ῥωμαῖοις</em></span> <span class='ocrx_word' id='word_1_337' title='bbox 1262 2643 1351 2682; x_wconf 87' lang='lat' dir='ltr'><strong>cod.</strong></span> <span class='ocrx_word' id='word_1_338' title='bbox 1377 2643 1443 2680; x_wconf 77' lang='grc' dir='ltr'><strong>ΟΒ</strong></span> <span class='ocrx_word' id='word_1_339' title='bbox 1470 2637 1569 2691; x_wconf 75' lang='grc' dir='ltr'><em>μετὰ</em></span> <span class='ocrx_word' id='word_1_340' title='bbox 1600 2639 1698 2688; x_wconf 65' lang='lat' dir='ltr'><strong>[jay-</strong></span> 
     </span>
     <span class='ocr_line' id='line_1_47' title="bbox 294 2693 1694 2752; baseline -0.006 -13"><span class='ocrx_word' id='word_1_341' title='bbox 294 2700 416 2752; x_wconf 78' lang='grc' dir='ltr'><em>γραῖν.</em></span> <span class='ocrx_word' id='word_1_342' title='bbox 461 2698 655 2738; x_wconf 85' lang='lat' dir='ltr'><strong>Iohannes</strong></span> <span class='ocrx_word' id='word_1_343' title='bbox 695 2699 995 2738; x_wconf 80' lang='lat' dir='ltr'><strong>Cantacuzenus</strong></span> <span class='ocrx_word' id='word_1_344' title='bbox 1037 2695 1129 2735; x_wconf 85' lang='lat' dir='ltr'><strong>hist.</strong></span> <span class='ocrx_word' id='word_1_345' title='bbox 1170 2696 1236 2735; x_wconf 90' lang='lat' dir='ltr'><strong>lib.</strong></span> <span class='ocrx_word' id='word_1_346' title='bbox 1278 2711 1291 2736; x_wconf 88' lang='lat'>1</span> <span class='ocrx_word' id='word_1_347' title='bbox 1339 2710 1422 2749; x_wconf 86' lang='lat' dir='ltr'><strong>cap.</strong></span> <span class='ocrx_word' id='word_1_348' title='bbox 1450 2697 1473 2736; x_wconf 84' lang='lat'><strong>5</strong></span> <span class='ocrx_word' id='word_1_349' title='bbox 1515 2710 1555 2749; x_wconf 85' lang='lat' dir='ltr'><strong>p.</strong></span> <span class='ocrx_word' id='word_1_350' title='bbox 1593 2693 1694 2733; x_wconf 83' lang='lat'>108:</span> 
     </span>
    </p>
   </div>
  </div>
 </body>
</html>
