1878 3230
392 169 463 210 DE
503 167 823 210 ANDRoNJco
866 166 1126 210 coMNENo
1167 167 1264 209 Lm.
1311 170 1345 208 1.
1475 146 1588 220 359

259 265 330 316 Ὡς
359 267 403 308 δὲ
431 265 482 308 τὰ
510 267 616 308 κατὰ
644 265 716 321 τὴν
757 267 988 322 ἀνάρρησιν
1014 268 1092 308 τοῦ
1115 266 1387 320 ’Λνδρονίκου
1414 264 1486 306 καί
1513 261 1590 318 τήν

157 333 370 386 ἀναίρεσιν
384 328 578 383 Ἀλεξίου
597 335 674 375 τοῦ
691 335 894 385 βασιλέως
913 333 1020 385 δῆλα
1039 327 1144 386 ἦσαν
1156 326 1326 387 ’.Αλεξίῳ
1338 345 1383 372 τε
1402 330 1462 388 τῷ
1471 332 1588 384 Βρα-

157 399 211 454 νᾷ
239 396 313 439 καί
337 399 589 455 Ἀνδρονικῳ
622 401 678 454 τῷ
703 398 921 453 Λαπαρδᾷ
948 402 1034 446 τοῖς
1062 397 1143 439 τῶν
1171 394 1389 450 ταγμάτων
1416 396 1590 450 στρατη-

158 469 246 518 γοῖς
275 460 379 518 ἅπερ
425 463 675 519 ἀπεφέρετο
700 462 804 505 κατὰ
842 462 916 504 τὸν
944 465 1075 505 Νίσον
1102 463 1175 504 καί
1200 461 1277 516 τὴν
1302 462 1591 516 Βρανίτζοβαν

126 531 219 585 5τῷ
243 531 316 585 τῆς
354 525 561 583 Οὗγγρίας
589 526 689 583 ῥηγί
715 530 773 585 τῷ
804 529 941 585 Βελᾷ,
971 529 1201 582 πορθοῦντι
1241 524 1293 568 τιὶ
1330 528 1421 568 ἐκεῖ·
1453 524 1590 570 πάντα

159 596 234 637 καί
260 596 445 636 ποιοῦντι
472 595 607 643 κακῶς
634 599 723 643 τοῖς
746 592 935 649 ξίφεσιν,
974 590 1120 648 ἅτερος
1159 592 1237 645 μὲν
1272 594 1354 634 τῶν
1393 588 1591 647 ἇρχηγῶν

157 661 179 702 ὅ
194 660 435 714 Λαπαρδᾶς
466 658 718 714 ἅπειρητέαν
739 662 896 711 κέκρικε
910 656 984 712 τήν
1012 657 1125 712 ζωήν
1154 657 1228 700 καί
1249 656 1324 712 τὴν
1349 653 1591 711 εὖρυχανδῆ

155 728 277 780 γένυν
302 723 572 780 Ἀνδρονίκου
600 723 670 766 διὰ
699 723 851 773 παντὸς
870 723 1121 776 ὖπεβλέπετο
1150 722 1427 776 καταχάσκειν
1453 720 1627 767 ἔκτοτεΒ

82 836 91 842 ,
155 791 389 843 μέλλουσαν
414 792 484 831 καί
505 787 649 843 αὐτοῦ,
683 789 704 830 ὃ
724 791 770 832 δέ
785 805 830 843 γε
850 790 1023 843 Βρανᾶς
1050 790 1240 841 α’σμένως
1261 788 1336 842 τήν
1363 785 1591 840 μετάθεσιν

100 875 146 901 10
158 857 230 910 τῆς
246 857 462 908 βασιλείας
488 854 718 911 ὖπέφερεν,
747 851 827 910 ἤδη
857 856 914 911 τῷ
930 856 1043 910 χορῷ
1066 852 1288 910 ἐγγραφείς
1312 849 1373 903 οἷς
1404 849 1591 906 Ἀνὸρό-

156 936 266 970 νικος
287 923 567 975 προσέβλεπεν
588 917 756 976 ἥμερον.
788 920 941 970 πολλὰς
970 917 1044 963 οὖν
1067 919 1089 963 ὃ
1105 921 1346 974 Λαπαρδᾶς
1374 917 1590 972 Ἀνδρόνι-

155 1003 227 1036 κος
244 984 369 1036 ὂδοὺς
391 985 644 1040 τραπόμενος
675 985 958 1042 ἐνθυμήσεων,
973 984 1160 1038 καὶκατὰ
1179 983 1285 1026 κύνα
1303 982 1524 1026 Λάκαιναν
1543 981 1592 1038 ἢν

154 1049 676 1107 θευσεῖταιῖχνηλατήσας,
697 1053 799 1105 μιάν
824 1049 992 1107 εὕρισκε
1013 1051 1232 1103 σώζουσαν
1246 1047 1436 1104 α’τραπόν
1459 1046 1592 1103 τὸτῆς

157 1113 296 1171 ὄψεως
329 1120 400 1160 καί
434 1118 623 1168 ἐξουσίας
645 1113 962 1169 ἇποπλάζεσθαι
989 1116 1291 1170 Ἀνδρονύεουι
1316 1113 1389 1156 καί
1410 1111 1523 1167 εἶχεν
1541 1110 1593 1155 ἂν

98 1181 307 1227 ι5ἒαυτὸν
342 1180 489 1237 ἆπαθῆ
502 1184 638 1224 κακῶν
673 1182 952 1238 διατηρήσας,
990 1184 1032 1225 εἰ
1049 1185 1100 1238 τῇ
1117 1183 1251 1237 βουλῇ
1271 1178 1399 1236 ταύτῃ
1423 1180 1591 1231 ἐπέμενε

155 1250 229 1291 καί
242 1250 302 1304 μή
329 1249 430 1303 πρὸς
456 1249 606 1303 πρᾶξιν
625 1243 771 1304 ἑτέραν
797 1247 1138 1303 μετακεκύβευτο,
1169 1244 1367 1303 ἐρασθείς
1385 1246 1430 1287 δὲ
1458 1246 1592 1295 κακῶς

156 1314 326 1370 δράσειν
351 1314 623 1367 Ἀνδρόνικον
651 1313 724 1356 καί
748 1317 820 1370 τῆς
850 1315 909 1364 εἷς
936 1313 1010 1357 τὸν
1034 1314 1178 1369 κύριον
1205 1313 1277 1354 καί
1306 1313 1483 1368 βασιλέα
1510 1327 1591 1352 πα-

156 1379 359 1434 ρανομίας
384 1379 641 1433 ἀμύνασθαι,
670 1383 828 1434 θαρρεῖ
849 1379 926 1434 τὴν
953 1378 1199 1432 α’πόστασιν,
1227 1380 1301 1421 καί
1326 1376 1400 1434 τήν
1428 1374 1592 1431 ὁύσμῆν

156 1444 267 1500 ὁρῶν
294 1441 343 1486 οὗ
369 1444 647 1500 χωρήσουσαν
668 1444 798 1488 αὐτὸν
816 1445 919 1500 μήτε
935 1444 1020 1500 μὴν
1037 1446 1370 1500 παραδεξομένην
1397 1442 1475 1497 τὴν
1501 1443 1590 1484 κατ’
1604 1453 1633 1486 C

92 1510 428 1565 20Ἀνδρονι’κου
458 1509 591 1564 ὁρμὴν
619 1509 689 1552 διὰ
719 1510 792 1553 τὸν
808 1511 996 1565 παρόντα
1017 1514 1090 1553 καί
1107 1511 1464 1564 συστρατηγοῦντα
1476 1511 1594 1563 Βρα·

156 1577 245 1628 νᾶν,
272 1574 346 1631 τὴν
374 1578 429 1618 ἕω
443 1575 701 1630 φαντάζεται
721 1576 792 1618 καί
817 1575 923 1632 πρὸς
943 1578 1103 1630 ἐκείνην
1119 1576 1285 1618 ἐκτείνει
1314 1573 1411 1622 τούς
1430 1572 1593 1628 ὀφθαλ-

155 1640 286 1695 μούς,
315 1644 386 1683 καί
425 1639 482 1690 ὥς
524 1644 835 1696 συνηθεστέραν
861 1645 940 1695 μὲν
974 1641 1111 1698 ἑαυτῷ
1141 1638 1314 1696 ἄρξαντι
1340 1641 1428 1680 κατ’
1458 1637 1591 1692 αὐτὴν

157 1706 353 1755 πολλάκις
380 1705 458 1754 τὰς
484 1707 681 1760 μεγίστας
709 1705 870 1762 ἀρχάς,
909 1709 982 1748 καί
1008 1704 1066 1755 ὦς
1092 1705 1233 1760 θερμὰ
1269 1706 1315 1746 δὲ
1344 1702 1449 1758 πρὸς
1473 1703 1590 1744 ἄντι-

249 1829 282 1872 4.
308 1830 417 1872 οἵπερ
442 1827 693 1873 ἀντεφέροντο
718 1829 757 1861 Α.
921 1829 953 1861 6.
983 1828 1175 1872 ποιοῦντι]
1206 1826 1349 1862 τιθέντι
1375 1828 1412 1859 Α.
1556 1828 1589 1862 8.

248 1872 376 1919 ιῗπεβλ.
411 1875 459 1912 ὥς
484 1876 727 1920 κατιιχαίνειν
759 1874 882 1908 ἔκτοτε
908 1874 1086 1909 κᾶκείνου
1108 1875 1322 1920 μέλλουσαν
1348 1875 1386 1906 A.
1536 1874 1588 1907 15-

249 1922 422 1968 ἔπέμεινε
448 1923 487 1954 A.
588 1933 637 1967 ¹9·
661 1920 966 1967 προσδεξομένην
989 1923 1028 1955 A.
1137 1932 1192 1954 20.
1219 1915 1357 1966 ὁρμὴν]
1389 1921 1537 1961 κίνησιν
1550 1919 1589 1951 Α.

249 1979 305 2001 22.
330 1971 391 2001 καὶ
418 1973 454 2000 et
478 1967 551 2014 μὲν
570 1980 627 2001 om
646 1968 685 2000 A.
760 1968 838 2001 κατ’
862 1965 978 2008 αὐτήν
992 1979 1031 2001 π.
1045 1968 1089 2014 n]
1110 1967 1288 2004 πολλάκις
1311 1968 1434 2001 ἐκεῖσε
1461 1963 1527 2004 τὰς
1551 1966 1591 1999 A.

249 2015 304 2048 23.
330 2014 369 2049 δὲ
392 2025 450 2047 om
477 2015 517 2047 A.
611 2012 872 2061 ἀντιστασίαν]
898 2011 1114 2049 ἀπόστασιν
1139 2015 1178 2047 A.

190 2153 193 2155 Α
248 2117 296 2149 Ut
331 2120 451 2148 autem
476 2115 672 2149 Andronici
710 2115 909 2160 designatio
950 2121 987 2150 et
1010 2116 1128 2149 Alexii
1152 2114 1378 2159 imperatoris
1406 2114 1592 2147 suffocatio

155 2162 282 2196 Alexio
307 2163 442 2196 Branae
467 2168 503 2195 et
525 2162 730 2196 Andronico
766 2162 950 2207 Lapardae
978 2163 1161 2208 legionum
1191 2161 1355 2202 ducibus,
1378 2161 1440 2205 qui
1467 2160 1513 2193 ad
1526 2160 1592 2193 Ni-

155 2221 234 2242 sum
258 2214 295 2242 et
314 2209 547 2242 Branizobam
572 2209 774 2254 Hungariae
799 2210 874 2253 regi
899 2210 1005 2242 Belae
1038 2208 1255 2242 resistebant
1277 2208 1358 2240 loca
1382 2207 1445 2239 illa
1471 2207 1591 2239 omnia

155 2255 250 2288 ferro
276 2261 314 2289 et
339 2256 412 2300 igni
435 2256 611 2296 vastanti,
636 2256 835 2300 significata
862 2261 927 2296 est,
954 2255 1134 2300 Lapardas
1157 2255 1253 2288 vitae
1277 2265 1339 2299 spe
1363 2253 1504 2286 abiecta
1529 2264 1592 2285 va-

156 2306 228 2334 stas
252 2302 448 2335 Andronici
471 2302 635 2346 maxillas
674 2307 851 2347 perpetuo
876 2302 1116 2343 formidabat,
1145 2306 1186 2334 ut
1215 2302 1358 2333 iamiam
1389 2300 1434 2332 ab
1459 2300 1503 2332 iis
1529 2298 1593 2332 de·-

155 2348 355 2392 vorandus,
380 2350 510 2382 Branas
533 2359 617 2382 vero
644 2349 715 2382 iam
740 2350 778 2389 in
802 2351 989 2382 nu'merum
1016 2349 1209 2381 amicorum
1234 2347 1431 2381 Andronici
1455 2357 1592 2379 assum-

155 2399 237 2438 ptus
261 2395 404 2441 imperii
442 2396 679 2429 mutationem
703 2395 811 2429 alacri
846 2396 964 2429 animo
993 2395 1143 2428 ferebat.
1172 2395 1263 2428 alter
1291 2405 1377 2427 vero
1400 2393 1508 2426 variis
1536 2404 1592 2425 ra-

155 2440 316 2475 tionibus
343 2441 439 2486 apud
467 2442 624 2474 animum
649 2454 752 2475 suum
777 2443 877 2475 initis
893 2469 902 2483 ,
930 2448 966 2475 et
997 2452 1096 2475 more
1123 2441 1292 2474 Laconici
1318 2440 1415 2473 canis
1439 2439 1593 2483 vestiga-

156 2491 194 2519 ta
217 2487 275 2519 via
313 2500 419 2533 quam
444 2489 627 2521 insisteret
646 2514 656 2530 ,
691 2490 729 2522 in
767 2500 808 2521 eo
839 2490 991 2522 salutem
1015 2500 1116 2521 suam
1146 2499 1223 2521 esse
1247 2487 1401 2532 positam
1430 2484 1593 2519 animad-

154 2533 275 2574 vertit,
298 2540 339 2567 ut
363 2545 382 2567 e
407 2541 599 2579 conspectu
626 2540 662 2568 et
687 2540 867 2580 potestate
882 2535 1078 2569 Andronici
1105 2546 1212 2579 quam
1234 2534 1440 2578 longissime
1465 2531 1592 2564 abiret.

156 2578 255 2623 quod
278 2580 466 2613 consilium
482 2582 511 2614 si
535 2587 742 2626 persecutus
768 2588 863 2615 esset
888 2593 955 2614 nec
979 2582 1059 2615 aliis
1087 2581 1193 2614 rebus
1210 2581 1367 2613 animum
1391 2578 1594 2616 adiecisset,

156 2625 328 2658 evasisset
343 2626 542 2660 incolumis.
565 2639 688 2661 verum
706 2640 784 2660 cum
805 2624 934 2662 nocere
951 2634 1098 2674 cuperet
1110 2628 1314 2661 Andronico
1340 2631 1376 2659 et
1401 2625 1595 2668 imperato-

156 2670 204 2703 ris
230 2671 462 2716 parricidium
497 2673 641 2715 ulcisci,
677 2674 808 2707 deficit.
834 2680 871 2711 et
894 2675 979 2719 quia
1009 2674 1157 2708 videbat
1181 2674 1219 2707 in
1251 2672 1447 2707 Occidente
1472 2670 1591 2702 locum

157 2716 228 2751 sibi
252 2729 325 2753 non
362 2719 544 2761 futurum,
576 2731 643 2754 nec
679 2721 852 2767 collegam
879 2722 1045 2756 Alexium
1068 2722 1218 2756 Eranam
1241 2729 1429 2765 passurum
1451 2715 1589 2750 moveri
