1878 3230
491 200 716 245 ALExms
753 202 1026 247 MANums
1065 203 1307 249 commi
1344 206 1391 247 r.
1540 186 1645 244 331

217 300 446 344 α’νεύθυνον
466 302 511 344 ἐκ
538 303 743 355 βασιλέως
770 305 840 345 καί
865 303 912 346 τό
933 298 1026 346 ὅλον
1054 304 1296 359 ἀνέγκλητον
1321 300 1434 359 εἶχον
1460 304 1504 348 τό
1522 319 1654 360 προσ..

217 367 325 408 ιὲναι
357 366 602 425 Ἀνδρονίκῳ
633 367 706 409 καί
746 373 832 416 τοῖς
860 370 1018 410 ἐκείνου
1045 372 1317 424 προσανέχειν
1343 369 1652 424 βουλεύμασιν,

214 432 298 484 ὀψέ
319 447 421 474 ποτε
449 431 523 475 καὶ
547 432 676 483 αὐτὸς
703 431 965 489 Ἀνδρόνικος
992 434 1210 489 ὖποχωρεῖ
1230 437 1305 491 τῆς
1319 433 1554 489 Δαμὰλεως
1569 436 1669 478 εἰσ--4

213 497 291 540 ιών
327 496 475 553 τριήρη
512 499 589 541 καί
617 497 843 552 ύποψήλας
869 498 915 540 τό
948 500 1027 541 τοῦ
1043 501 1187 554 Δαβὶδ
1209 501 1254 543 ἐν
1282 504 1341 558 τῷ
1366 499 1438 543 τόν
1463 499 1697 555 πορθμὸνΡ.
1714 508 1773 543 ι65

178 563 446 616 5διαβαίνειν
484 565 558 618 τῆς
598 564 814 617 βασιλίδος
844 565 934 609 ζτῶν
973 562 1140 606 πόλεων
1179 567 1252 607 καὶ
1282 565 1654 621 ὑποφθεγξάμενος

212 627 318 681 μετὰ
347 627 582 683 διαχύσεως
609 628 911 684 ,,ἔπι’στρεψον,
940 627 1061 685 ψυχή
1093 645 1199 683 μου,
1228 631 1288 680 εἰς
1313 630 1390 686 τὴν
1416 629 1653 675 οἷνάπαυσίν

212 708 316 747 σου,
338 690 410 735 ’ὅτι
445 692 588 750 κύριος
612 693 861 749 εύηργέτησέ
889 709 965 747 σε,
1007 691 1068 736 ὅτι
1097 696 1270 745 ἐξείλετο
1294 695 1370 750 τὴν
1397 696 1541 751 ψυχήν
1566 711 1650 749 μου

212 759 259 800 ἐκ
287 756 497 812 θανάτου,
533 758 634 808 τούς
671 757 922 814 ὀφθαλμούς
964 774 1051 813 μου
1097 760 1178 802 α’πό
1222 760 1417 815 δακρύων
1455 763 1529 804 καί
1552 760 1652 810 τούς

212 822 347 872 πόδας
371 840 453 877 μου
482 823 566 866 α’πὸ
601 822 913 878 ὀλισθήματος.”
957 827 1035 868 τοῦ
1061 827 1108 869 δὲ
1135 828 1342 879 βασιλέως
1368 827 1553 878 Ἀλεξίου
1579 825 1653 868 καὶ

151 892 284 945 ιοτῆς
315 891 475 932 ἐκείνου
515 889 674 947 μητρός
706 889 838 946 Ξὲνης
874 889 1068 942 ἐξιόντων
1105 894 1182 944 μὲν
1226 894 1272 934 ἐκ
1315 894 1397 935 τῶν
1423 894 1648 945 βασιλεύοι·

209 953 318 998 και-οὶ
347 955 425 1010 τὴν
452 957 724 1011 Ἀνδρονίκου
751 954 962 1012 βούλησιν,
988 958 1048 1006 εἷς
1075 958 1122 999 δὲ
1150 956 1223 1007 τὰς
1248 959 1293 1000 ἐν
1319 960 1377 1014 τῷ
1406 959 1648 1014 Φιλοηατίῳ

207 1020 430 1074 βασιλικὰς
450 1023 878 1077 μετασκηνησαμένων
908 1020 1130 1075 οἰκοδομάς
1158 1023 1208 1065 αἳ
1223 1026 1300 1065 τοῦ
1316 1021 1527 1077 Μαγγάνη
1555 1025 1644 1064 ἑλέ-

209 1102 352 1141 γοντο,
383 1084 600 1141 πρόσεισιν
627 1088 760 1130 ἐκεῖσε
782 1083 1066 1143 Ἀνδρόνικος,
1093 1088 1166 1130 καὶ
1187 1089 1244 1146 τῷ
1268 1091 1347 1142 μὲν
1371 1092 1544 1142 βασιλεῖ
1564 1090 1645 1140 βα-

207 1156 332 1195 θεῖαν
371 1154 571 1206 α’πονέμει
601 1150 878 1208 προσκύνησιν
909 1152 982 1195 ἐπὶ
1004 1154 1103 1205 γόνυ
1132 1154 1289 1208 πεσών,
1317 1156 1391 1196 καί
1414 1152 1512 1203 τούς
1542 1152 1649 1195 ἐκεί-

152 1214 282 1260 ι5νου
310 1215 445 1267 πόδας
473 1215 824 1272 προσπτύσσεται,
846 1217 905 1267 ὥς
931 1216 1092 1275 εἷῴθει,
1121 1217 1357 1272 κοψάμενος
1381 1221 1454 1261 καί
1482 1215 1648 1272 δάκρυα

209 1282 438 1338 χεάμενος,
469 1286 522 1339 τῇ
551 1285 597 1325 δὲ
627 1285 778 1326 τούτου
795 1286 926 1340 μητρί
949 1283 1055 1341 Ξένῃ
1085 1282 1166 1327 ὅσα
1189 1287 1263 1326 καί
1283 1282 1444 1342 ἇπούσῃ
1473 1283 1550 1339 τὴν
1583 1294 1684 1327 τι-Β

207 1347 293 1404 μὴν
320 1349 667 1405 ἀφοσιωσάμενος
695 1348 769 1392 καὶ
792 1352 866 1406 τῆς
896 1352 1029 1394 ἐκεῖσε
1049 1352 1283 1407 παρουσίας
1309 1349 1515 1407 πάρεργον
1541 1349 1648 1392 ἀπο-

207 1417 355 1468 νείμας
379 1414 452 1470 τὴν
496 1414 847 1470 προσαγόρευσιν,
887 1415 961 1459 καὶ
985 1415 1141 1472 ταύτην
1182 1415 1371 1470 ὑποψίας
1397 1416 1555 1471 μεστὴν
1577 1416 1652 1457 καὶ

207 1482 283 1523 τοῦ
306 1482 456 1533 μίσους
486 1481 741 1537 ἑνδεικτικὴν
769 1479 870 1538 ὅπερ
903 1485 991 1524 κατ’
1021 1484 1154 1538 αὐτῆς
1183 1484 1229 1526 ἐκ
1255 1485 1424 1538 μακροῦ
1446 1485 1496 1539 τῇ
1524 1482 1649 1537 ψυχῇ

144 1560 198 1587 20
209 1547 456 1600 ἐναπέθετο,
490 1550 634 1602 βραχύ
673 1563 715 1590 τι
748 1549 1084 1603 προσδιατρίψας
1122 1555 1374 1603 μεταχωρεῖ.
1444 1546 1518 1588 καί
1542 1544 1646 1589 κατὰ

207 1610 283 1667 τήν
309 1617 721 1669 προηυτρεπισμένην
747 1614 861 1672 αὐτῷ
883 1615 974 1655 ἐκεῖ
987 1630 1068 1656 που
1097 1614 1249 1670 σκηνὴν
1278 1612 1533 1669 ἀφικόμενος
1559 1608 1646 1665 εἶχε

207 1676 308 1732 περὶ
335 1676 466 1719 αὐτόν
505 1678 580 1727 τὰς
618 1679 803 1729 αὐλαίας
839 1682 1117 1734 πηξαμένους,
1157 1678 1203 1722 ὃν
1242 1678 1394 1735 τρόπον
1432 1678 1476 1720 αἱ
1514 1673 1648 1732 ὄρνεις

209 1739 293 1782 ὗπὸ
323 1741 398 1791 τὰς
436 1741 597 1785 ἑαυτῶν
642 1745 938 1798 ἐπισυνάγουσι
978 1747 1185 1800 πτέρυγας
1213 1745 1267 1787 τὰ
1296 1742 1480 1795 νεόττια,
1507 1741 1646 1783 πάντα

209 1803 346 1863 ἄνδρα
384 1805 532 1863 εύγενῆ
567 1811 641 1851 καί
677 1811 918 1864 περίδοξον,
958 1806 1026 1852 ὅτε
1071 1813 1145 1852 καί
1165 1827 1228 1859 τις
1258 1809 1363 1866 α’νὴρ
1387 1805 1494 1863 Ἶρος
1521 1804 1647 1857 ἄλλος

145 1869 450 1930 25Ὁμηρικός,
478 1873 684 1929 μολοβρὸς
726 1874 800 1916 καί
827 1874 1032 1929 ἀνέστιος,
1061 1873 1138 1925 τοὶς
1162 1878 1246 1918 τῶν
1275 1878 1484 1917 πλουσίων
1509 1871 1648 1928 θύρας

305 1999 356 2043 ¹4·
381 1998 444 2032 ἐπὶ
458 1999 552 2044 γόνυ
566 1998 693 2035 πεσών
709 2010 767 2032 om
783 2001 824 2033 A.
901 2001 951 2034 16.
975 2000 1058 2043 ξένη
1072 2004 1250 2046 τραχεῖαν
1274 1998 1486 2046 ἀπονείμας
1503 2006 1647 2045 προση-

299 2046 438 2092 γορίαν
459 2047 499 2079 A.
619 2056 672 2081 20.
695 2045 746 2094 τι]
771 2059 808 2080 τι
829 2048 926 2092 γοῦν
947 2047 988 2080 Α.

208 2155 289 2186 eius
315 2152 510 2187 accedendi
539 2158 576 2187 et
591 2155 668 2187 eius
686 2154 865 2187 voluntati
883 2165 920 2187 se
936 2154 1229 2187 accommodandi
1245 2158 1425 2199 potestate
1440 2153 1543 2194 data,
1567 2158 1648 2187 tan-

210 2201 293 2233 dem
315 2201 393 2244 ipse
432 2211 578 2245 quoque
602 2201 827 2234 Andronicus
851 2202 993 2234 Damali
1018 2201 1183 2234 discedit.
1211 2212 1252 2233 ac
1274 2201 1412 2234 triremi
1441 2211 1648 2242 conscensa,

210 2246 296 2279 dum
321 2258 386 2292 per
406 2247 537 2279 fretum
570 2248 608 2280 in
632 2247 759 2280 urbem
795 2248 951 2289 traiicit‚
985 2247 1200 2281 Davidicum
1226 2247 1319 2280 illud
1342 2247 1509 2280 hilariter
1532 2248 1649 2280 succi-

208 2294 309 2326 nuit:
333 2299 536 2334 „revertere
563 2294 681 2326 anima
704 2305 783 2327 mea
808 2295 847 2327 in
869 2295 1031 2338 requiem
1056 2300 1166 2334 tuam,
1190 2295 1361 2338 quoniam
1389 2294 1554 2327 dominus
1577 2293 1649 2326 tibi

209 2339 411 2380 benefecit,
439 2346 562 2384 erepta
586 2341 660 2373 vita
682 2352 762 2373 mea
789 2352 834 2373 ex
860 2347 994 2382 morte,
1031 2341 1144 2374 oculis
1171 2341 1260 2373 meis
1285 2352 1306 2372 a
1334 2341 1512 2381 lacrimis,
1542 2339 1651 2385 pedi-

208 2385 279 2418 bus
301 2386 390 2419 meis
419 2397 438 2419 a
463 2387 565 2431 lapsu
588 2387 813 2420 vindicatis.''
848 2388 1063 2432 imperatore
1092 2387 1218 2420 Alexio
1245 2392 1281 2419 et
1306 2393 1419 2420 matre
1445 2387 1522 2420 eius
1546 2387 1648 2419 Xeno

210 2443 232 2463 e
259 2433 414 2475 palatio,
449 2439 491 2466 ut
523 2433 686 2467 voluerat
709 2434 957 2473 Andronicus,
992 2435 1032 2467 in
1055 2434 1283 2477 Manganicas
1309 2434 1444 2479 regales
1469 2431 1576 2466 aedes
1601 2432 1650 2465 ad

209 2477 451 2523 Philopatium
488 2479 671 2524 digressis:
708 2491 749 2513 eo
786 2492 823 2513 se
859 2480 1016 2522 confert3
1054 2492 1094 2513 ac
1131 2481 1348 2524 imperatore
1383 2480 1561 2514 submisse
1584 2478 1650 2511 ad-

213 2529 315 2556 orato
339 2525 449 2568 pedes
475 2527 551 2559 eius
573 2527 807 2571 *amplectitur
831 2538 910 2559 cum
937 2527 1046 2560 solito
1072 2527 1220 2571 planctu
1240 2532 1277 2560 et
1300 2527 1399 2560 ssetu.
1427 2532 1543 2560 matre
1564 2536 1648 2559 vero

212 2570 290 2602 eius
325 2570 443 2604 obiter
481 2579 518 2606 et
549 2574 783 2618 contemptim
820 2574 996 2614 salutata,
1037 2574 1114 2606 sine
1140 2573 1429 2606 dissimulatione
1454 2573 1585 2606 veteris
1610 2571 1650 2604 in

213 2626 293 2649 eam
316 2616 410 2657 odii,
437 2619 527 2651 citra
552 2631 688 2653 moram
712 2620 911 2664 longiorem
935 2621 974 2652 in
1009 2621 1205 2653 tentorium
1228 2632 1302 2653 non
1326 2620 1451 2664 procul
1474 2618 1558 2652 inde
1585 2628 1650 2661 pa-

213 2666 329 2694 ratum
353 2662 506 2697 discedit
521 2690 530 2705 ,
569 2666 633 2699 ubi
658 2677 781 2700 omnes
821 2667 887 2700 viri
911 2666 1053 2699 nobiles
1080 2672 1117 2699 et
1139 2667 1307 2699 honorati
1337 2678 1400 2700 sua
1426 2674 1571 2710 quoque
1593 2668 1650 2696 til-.-

213 2707 407 2742 beruacula
430 2718 639 2752 erexerunt,
665 2712 967 2757 quemadmodum
1002 2713 1096 2757 pulli
1121 2713 1188 2746 sub
1212 2713 1369 2757 gallinae
1387 2712 1461 2745 alas
1484 2709 1650 2752 confugi-

212 2759 289 2790 unt.
315 2760 392 2791 tum
427 2755 532 2791 homo
567 2758 734 2804 quidam,
772 2759 863 2794 alter
903 2761 980 2794 Irus
1007 2760 1237 2800 Homericus,
1263 2764 1355 2794 teter
1374 2783 1382 2798 ‚
1411 2759 1488 2792 siue
1515 2756 1642 2795 domo,
