1878 3230
288 142 398 219 766
704 158 929 199 NicETAn
969 158 1276 200 cnoNJATAE

91 251 96 254 .
148 264 184 299 Ρ.
205 266 270 313 372
283 260 425 314 πόρρω
455 271 535 298 που
563 256 644 297 τῶν
680 258 765 296 σῶν
794 254 1078 311 φατνωμάτων
1104 256 1408 306 ἐκτοπισθέντες
1425 289 1438 310 ,
1480 263 1696 311 πεινῶντες

281 324 354 366 καὶ
380 323 612 374 διψῶντες,
641 319 881 373 αὖχμῶντες
910 319 982 361 καί
1010 320 1226 375 ριγῶντες,
1261 321 1332 362 καί
1366 320 1471 375 πρὸς
1508 328 1697 380 φθειρῶν

280 387 476 435 πολλάκις
519 384 776 439 κειρόμενοι,
822 386 893 426 καί
931 383 1005 433 τὰς
1034 383 1177 438 ψυχὰς
1209 386 1252 427 ἐν
1289 391 1426 435 κακοῖς
1453 388 1697 443 τηκόμενοι,

281 450 379 493 ὁδόν
404 466 446 493 τε
472 452 619 505 μηκέτι
647 450 903 499 κατοικεσίας
930 450 1186 504 εὑρίσκοντες
1212 447 1392 505 πόλεως,
1431 451 1536 494 ἀλλὰ
1570 455 1698 495 πολύ..

278 521 476 570 πλαγκτοι
509 514 731 570 φερόμενοι
756 515 812 563 ὥς
844 510 1006 569 ὄρνιθες
1026 514 1062 556 οἱ
1092 511 1281 568 ἇβέβαιοι
1310 517 1382 558 καί
1407 519 1489 559 τῶν
1519 518 1736 573 dampna-115

280 581 317 622 οἱ
349 582 564 635 πλάνητες.
624 577 653 634 ἢ
679 582 752 621 καί
779 577 911 628 οὕτως
938 582 1086 633 εἰπεῖν,
1117 576 1322 632 ἑνούμεθά
1352 596 1418 623 σοι
1449 583 1701 639 διῃρημένως

279 648 350 687 καί
371 644 694 698 συμπλεκόμεθοὶ
719 660 786 687 σοι
814 647 1145 700 κεχωρισμένως,
1173 644 1277 686 κατὰ
1305 645 1403 695 τούς
1426 650 1548 704 ψυχῇ
1573 664 1702 690 συνα-

278 712 506 763 πτομένους
534 713 605 752 καί
631 712 921 763 διισταμένους
953 710 1130 763 σώματι,
1159 711 1232 752 καί
1261 710 1580 765 προσπάσχομεν
1609 714 1703 755 οἵτε,-

275 777 384 829 χνῶς
413 773 437 816 ὃ
467 778 539 817 καί
566 773 655 816 ἔνια
686 777 767 816 τῶν
797 773 913 825 ζώων
951 775 1055 830 πρὸς
1087 773 1138 816 τοὶ
1180 775 1485 828 παγιδευόμενα
1513 779 1558 819 ἐκ
1583 780 1703 833 σφῶν

279 839 361 881 ὑπὸ
391 842 610 895 θηρευτῶν
638 839 709 881 καί
739 838 1002 894 ἐγκλειόμενα
1035 841 1280 895 διαφανέσιν
1309 840 1485 890 ὗελίνοις
1525 837 1766 896 ἄγγεσιν.ιο

280 906 413 947 ἐκεῖνά
442 920 486 946 τε
515 905 594 959 γὰρ
619 907 674 962 τῷ
699 907 772 946 τοῦ
799 904 971 953 σκεύους
998 907 1215 960 εἰλικρινεῖ
1234 907 1307 946 καί
1332 909 1511 964 στιλπνῷ
1532 906 1605 961 τὴν
1629 910 1705 950 τοῦ

242 969 484 1022 Βσυννόμου
516 967 623 1020 ζώου
654 970 760 1011 θέαν
803 968 1125 1023 ἐνοπτριζόμενα
1170 974 1377 1023 συμμῖξαι
1426 971 1498 1014 καί
1540 970 1596 1015 ἐν’
1615 974 1706 1031 χρῷ

279 1035 475 1088 γενέσθαι
506 1032 610 1084 ὅλως
638 1037 853 1088 α’δυνατεΐ,
885 1035 955 1077 καί
982 1034 1204 1077 διὰ-τοῦτο
1229 1036 1365 1090 μάτην
1393 1038 1490 1092 περὶ
1510 1035 1555 1079 τὰ
1584 1033 1705 1092 ἄγγος

280 1101 563 1155 ἀδημονοῦντα
591 1101 841 1156 στρέφεται,
867 1103 922 1156 τῷ
952 1102 1230 1158 ἐξηλλαγμένῳ
1256 1102 1329 1155 τῆς
1357 1096 1496 1154 ὅψεως
1524 1102 1580 1151 ὥς
1603 1104 1704 1144 α’πε-

281 1164 429 1222 ναντίῳ
472 1168 544 1219 τῆς
586 1165 728 1220 πρώην
754 1168 876 1216 ἕξεως
906 1165 1237 1219 έκθαμβούμενα·
1292 1168 1362 1207 καί
1388 1166 1507 1221 ἡμεῖς
1533 1168 1594 1209 ἐπ’
1612 1166 1704 1223 ἴσης
1720 1171 1767 1213 ι5

281 1245 346 1272 σοι
376 1229 454 1278 τοὶς
480 1233 558 1283 μὲν
587 1225 706 1282 ὄψεις
744 1229 1020 1285 προσβάλλειν
1047 1231 1117 1272 καί
1143 1230 1359 1286 ἐγγύτερον
1386 1234 1495 1274 ἰέναι
1530 1231 1704 1287 ἔχομεν,

279 1296 356 1337 τοῦ
383 1295 429 1336 δὲ
456 1295 747 1350 περιχυθῆναί
764 1309 831 1336 σοι
866 1296 1042 1349 γνησίως
1081 1294 1152 1335 καί
1188 1298 1497 1350 προσπλακῆναι
1541 1301 1707 1351 θαρρα-

279 1361 384 1407 λέως
411 1358 469 1407 ὥς
496 1359 696 1415 πρότερον
727 1357 985 1401 παντάπασιν
1014 1360 1295 1414 ἐστερήμεθα,
1338 1357 1416 1402 ὅσα
1445 1364 1517 1403 καί
1542 1361 1705 1415 σώματι

280 1426 436 1482 στερεῷ
461 1426 532 1465 καί
560 1427 694 1480 πολλῷ
729 1427 1014 1483 στεγανωτέρῳ
1043 1424 1167 1467 ὑέλου
1205 1426 1261 1481 τῷ
1287 1428 1528 1484 βαρβαρικῷ
1554 1428 1703 1470 συντά-

279 1505 406 1543 γματι
434 1490 724 1543 διειργόμενοι.
1713 1511 1766 1539 20

390 1556 429 1596 6.
475 1551 564 1596 Ἵνα
587 1554 633 1595 τί
651 1552 826 1603 ἔπαισας
851 1550 987 1610 ἧμᾶς,
1014 1553 1153 1610 κύριε,
1183 1557 1254 1596 καί
1281 1558 1355 1596 ου’κ
1381 1554 1493 1598 ἐστιν
1512 1557 1610 1611 ἡμῖν
1636 1556 1704 1600 ἴα-

282 1634 377 1672 σιςς
414 1616 619 1673 ἔγνωμεν,
665 1618 783 1675 κύριε
801 1652 813 1673 ‚
863 1619 1071 1674 ἁμαρτίας
1120 1616 1260 1674 ἡμῶν,
1311 1622 1471 1670 α’δικιάς
1518 1626 1704 1680 πατέρων

379 1730 407 1752 1.
433 1718 578 1765 πόρρω]
601 1713 755 1765 μακριὶν
776 1717 851 1754 α’πὸ
878 1719 951 1754 τῶν
971 1719 1047 1753 σῶν
1074 1717 1246 1764 α’γκαλῶν
1264 1720 1518 1767 ἐξορισθέντες
1541 1723 1579 1758 Β.
1669 1734 1702 1756 2.
1732 1739 1738 1747 ·

372 1764 469 1809 πρὸς
498 1765 685 1812 φθειρῶν]
711 1763 775 1802 τὰς
798 1765 920 1808 ψῆρας
942 1767 1117 1811 γέμοντες
1139 1766 1176 1800 Β.
1268 1779 1299 1811 7.
1318 1769 1362 1808 τῆ
1384 1770 1486 1812 ψυχῆ
1510 1771 1588 1802 θειῦ
1609 1769 1703 1810 ἥνω-

372 1813 512 1858 μὲνους
539 1812 574 1844 Β.
673 1822 724 1846 ιο.
753 1814 817 1845 καὶ
838 1811 1098 1858 ἐγκλειόμενα]
1126 1814 1188 1845 καὶ
1213 1811 1449 1860 δεσμούμενα
1470 1815 1512 1850 ἐν
1533 1814 1703 1855 δικτύοις

377 1858 416 1893 Β.
509 1868 563 1892 21.
591 1857 817 1895 ἐπαίδευσας
841 1858 878 1890 Β.

283 1947 445 1981 rabiliter
476 1952 512 1981 et
544 1947 745 1992 lugubriter
775 1948 988 1992 pippientes.
1022 1947 1127 1992 longe
1165 1959 1184 1980 a
1212 1949 1283 1982 tuis
1319 1949 1545 1996 lacunaribus
1578 1953 1703 1987 remoti

282 2005 422 2035 sumus,
447 1994 642 2027 esurientes
672 2001 708 2028 et
730 1994 912 2035 sitientes,
938 1994 1102 2038 squalore
1133 2000 1169 2027 et
1205 1996 1316 2038 rigore
1340 1995 1534 2030 horrentes.
1557 2009 1578 2030 a
1600 1999 1704 2043 pedi·-

283 2040 372 2073 culis
399 2050 504 2084 saepe
539 2040 716 2082 rodimur,
753 2040 877 2073 animis
910 2041 1039 2073 nostris
1078 2040 1276 2074 calamitate
1311 2042 1603 2086 liquescentibus.
1638 2057 1704 2079 nec

281 2086 374 2120 viam
400 2086 596 2119 invenimus
621 2087 667 2119 ad
691 2086 815 2119 urbem
847 2087 885 2119 in
921 2097 990 2131 qua
1016 2086 1241 2128 habitemus,
1276 2088 1339 2120 sed
1369 2089 1488 2122 multis
1525 2091 1703 2125 erroribus

281 2137 324 2164 ut
349 2132 576 2175 vagabundae
601 2133 760 2167 volucres
789 2138 825 2166 et
852 2138 1006 2165 errantes
1033 2133 1157 2166 stellae
1183 2133 1477 2176 circumferimur3
1511 2146 1551 2168 ac
1580 2137 1701 2181 potius

282 2178 390 2221 longo
417 2179 605 2212 intervallo
630 2191 650 2212 a
678 2185 714 2212 te
737 2179 888 2212 seiuncti
914 2185 1031 2211 tecum
1059 2179 1329 2223 coniungimur,
1367 2182 1632 2225 complectimur
1665 2188 1702 2216 te

284 2225 461 2268 separati,
488 2230 527 2257 ut
566 2225 592 2257 ii
627 2226 689 2270 qui
724 2226 850 2258 animis
884 2225 1096 2266 cohaerent,
1132 2225 1263 2259 divulsi
1294 2227 1510 2272 corporibus.
1539 2227 1701 2262 dolemus

283 2270 396 2304 vicem
422 2275 518 2302 tuam
535 2295 544 2310 ‚
568 2276 609 2303 ut
635 2271 809 2315 quaedam
841 2272 1054 2312 animantes,
1082 2283 1160 2304 cum
1188 2272 1326 2316 aliquas
1352 2273 1407 2306 sui
1435 2274 1571 2316 generis
1599 2285 1619 2307 a
1640 2286 1702 2307 ve-

285 2315 471 2349 natoribus
496 2322 614 2359 captas
641 2323 676 2350 et
697 2318 882 2362 perspicuo
906 2318 998 2350 vitro
1020 2318 1173 2351 inclusas
1204 2317 1349 2358 vident,
1384 2329 1470 2363 quas
1492 2325 1611 2353 tamen
1648 2327 1703 2354 at-

287 2362 424 2406 tingere
454 2366 489 2394 et
511 2362 677 2406 amplecti
702 2369 904 2408 nequeunt,
930 2369 967 2397 et
993 2364 1122 2397 frustra
1155 2375 1231 2396 cum
1255 2363 1376 2396 dolore
1415 2365 1504 2397 circa
1541 2371 1704 2400 transen-

288 2419 369 2442 nam
394 2413 598 2448 versantur,
627 2414 762 2442 mutato
791 2415 935 2454 aspectu
960 2415 1000 2442 ut
1029 2410 1140 2454 priori
1172 2410 1302 2442 formae
1328 2411 1503 2444 contrario
1532 2411 1704 2457 obstupe-

290 2455 415 2487 factae.
441 2453 565 2487 eodem
591 2454 696 2487 modo
726 2461 762 2487 et
785 2466 847 2488 nos
873 2455 1026 2488 adiicere
1052 2456 1172 2488 oculos
1201 2461 1236 2488 et
1259 2457 1403 2499 propius
1428 2457 1596 2491 accedere
1620 2471 1704 2503 pos-

292 2512 434 2533 sumus:
466 2499 529 2533 sed
556 2501 742 2533 convenire
766 2506 802 2533 te
837 2501 952 2534 libere
992 2506 1028 2533 et
1059 2501 1210 2534 fidenter
1240 2502 1427 2544 amplecti,
1465 2510 1505 2537 ut
1542 2505 1701 2549 pridem,

292 2547 394 2580 nullo
419 2547 524 2579 modo
548 2557 753 2591 possumus,
779 2546 963 2579 barbarico
991 2547 1146 2580 exercitu
1172 2551 1212 2579 ut
1234 2547 1349 2580 solido
1377 2560 1497 2591 muro,
1533 2557 1569 2584 et
1598 2551 1702 2596 longe

293 2593 447 2626 firmiore
471 2604 576 2637 quain
599 2594 724 2626 vitrum
749 2597 822 2632 est,
850 2593 1045 2625 interclusi.

384 2641 416 2672 6.
464 2639 533 2671 Cur
558 2650 622 2672 nos
646 2639 869 2684 percussisti,
897 2638 1059 2679 domiue,
1093 2650 1158 2672 nec
1187 2645 1239 2672 est
1263 2641 1325 2685 qui
1357 2641 1565 2685 medeatur?
1594 2654 1702 2687 agno·

295 2684 441 2726 scimus,
466 2685 623 2727 domine,
650 2690 793 2731 peccata
821 2690 960 2726 nostra,
992 2685 1138 2719 iniurias
1161 2691 1298 2731 patruni
1334 2693 1542 2722 nostrorum.
1581 2688 1700 2723 desine
