1838 3210
432 179 502 219 DE
539 177 794 219 MANUELE
832 177 1092 221 coMNENo
1134 179 1233 219 Lm.
1262 180 1335 218 111.
1501 156 1605 223 145

171 277 306 328 μῶξαι
330 276 484 330 βύθιον
512 281 584 321 καί
609 280 828 333 δακρῦσαι,
858 281 992 322 ταῦτα
1022 279 1073 334 δὴ
1108 276 1158 321 τά
1185 281 1268 320 τῶν
1293 277 1610 328 παθαινομένων

173 341 404 395 σημαντικά
437 345 509 386 ἐπὶ
545 350 630 394 τοῖς
658 343 884 399 ὁρωμένοις
911 341 941 399 ἢ
980 344 1054 386 καὶ
1080 345 1385 397 ἐνωτιζομένοις
1410 342 1611 395 ἀλγεινοῖς

171 405 359 460 θεάμασι
386 409 460 451 καί
496 410 758 462 α’κούσμασι,
797 411 870 450 καί
898 409 1082 464 ὁρμῆσαι
1119 411 1197 463 μὲν
1221 407 1268 451 τὸ
1299 410 1345 450 ἐν
1371 406 1609 464 ὄφθαλμοῖς

174 467 525 527 ἀναμαχέσασθαι
563 468 742 526 ὄνειδος,
772 479 957 527 γενναῖον
998 475 1046 515 δέ
1070 490 1112 515 τι
1152 476 1196 526 ἐξ
1220 472 1426 526 ὖπογυίου
1454 473 1610 528 δρᾶσαι

136 537 232 591 5μὴ
261 535 412 591 ἔχοντα
437 538 542 580 ὁδοῦ
566 540 639 594 τῆς
665 539 935 593 προκειμένης
963 533 1090 589 αὖθις
1122 537 1317 593 ἔχεσθαι.

279 604 325 655 4.
374 602 420 645 Ὁ
450 604 496 644 δὲ
521 602 581 657 μὴ
623 609 712 652 τοῖς
737 601 918 658 ὑψηλοῖς
943 602 1070 656 μόνον
1095 604 1168 645 καί
1194 606 1328 646 ἐθνῶν
1355 606 1427 646 καί
1452 601 1609 646 πόλεων

174 665 399 717 δυνάσταις
425 666 544 719 λοξὸν
566 669 635 710 αἐἰ
660 670 816 724 ἐνορῶν
833 667 988 724 φθόνος
1014 670 1088 711 καί
1111 669 1210 719 τούς
1238 669 1487 723 ἐπιβούλους
1516 671 1610 724 τρέ-

175 748 268 788 φων
297 732 366 774 οἷεί
391 731 526 787 ἐγγύς,
543 732 652 776 α’λλοὶ
674 733 746 776 καί
769 741 856 784 τοῖς
882 736 1180 791 μετριωτέροις
1208 735 1506 790 ἐπιφυόμενος,
1536 722 1609 775 οἷ-

173 811 241 847 τος
270 797 367 839 ου’δὲ
407 797 479 840 τόν
505 797 799 854 Στυππειώτην
824 800 1044 856 Θεόδωρον
1068 803 1142 854 τῆς
1164 799 1278 855 παρὰ
1307 803 1480 853 βασιλεῖ’
1501 812 1646 855 naq-B

117 860 322 916 ιορησίας
358 861 498 905 εἴασεν
538 859 813 918 ιῖμετάθετον,
853 864 963 907 ἀλλὰ
1007 863 1186 914 πνεύσας
1212 867 1513 919 καταιγιδῶδες
1540 867 1612 907 καί

175 923 318 983 ἄγριον
348 927 369 970 ὁ
401 929 704 979 δυσπάλαιστος
729 929 927 981 πολλάκις
966 933 1045 984 μὲν
1074 933 1150 974 τοῦ
1177 933 1384 985 στασᾴιου
1413 933 1611 986 στυφελί-

175 995 247 1043 ξας
270 995 490 1048 μετήνεγκε
505 1026 517 1047 ,
554 996 671 1043 τέλος
716 997 762 1037 δὲ
790 997 864 1038 καί
888 993 1091 1051 ἀνέτρεψε
1118 999 1191 1038 καί
1218 997 1278 1045 εἷς
1303 998 1457 1049 πτῶμα
1487 996 1610 1049 κατή-

174 1074 312 1112 νεγκεν
349 1058 567 1105 οἴκτιστον.
631 1063 865 1116 παρενείρω
908 1063 954 1103 δὲ
982 1061 1054 1103 καί
1090 1061 1143 1103 τὰ
1172 1060 1313 1103 τοιάδε
1339 1063 1392 1117 τῇ
1419 1060 1580 1117 ἱστορίᾳ
1599 1093 1612 1112 ,

176 1122 338 1173 δεικνύς
373 1128 456 1174 τοῖς
485 1121 838 1179 ἀναγινώσκουσιν
881 1126 941 1175 ὦς
971 1122 1048 1168 κᾶν
1077 1124 1372 1179 α’συλλόγιστόν
1397 1142 1437 1167 τι
1466 1127 1614 1180 χρῆμα

118 1188 164 1230 15
177 1190 247 1231 καί
271 1188 563 1245 δυσφύλακτον
587 1190 614 1245 ἦ
644 1192 850 1247 πονηρία,
878 1194 1031 1247 χρῆναι
1057 1193 1158 1245 γοῦν
1183 1192 1240 1241 ὥς
1268 1191 1360 1242 ἐξόν
1386 1191 1616 1244 ὑποβλέπε-

177 1258 278 1298 offan
306 1257 387 1297 τῶν
425 1255 672 1309 ἀντιτέχνων
711 1256 858 1299 ὁπόσοι
898 1256 972 1299 τὸν
1000 1259 1078 1310 μὲν
1101 1255 1252 1313 τρόπον
1279 1257 1356 1298 οὔκ
1383 1258 1617 1311 ἐλευθέριοι

177 1319 224 1363 τὸ
259 1322 306 1362 δὲ
333 1315 440 1376 ἦθος
466 1318 790 1375 ὗποκαθειμένοι
817 1324 891 1365 καί
916 1321 994 1377 τήν
1021 1324 1207 1377 γλῶτταν
1231 1325 1283 1379 τῇ
1311 1324 1463 1379 καρδίᾳ
1491 1326 1619 1364 πλου-

177 1387 346 1435 τοῦντες
389 1385 701 1443 ἀντίφθογγον,
749 1387 830 1444 πρὸ
872 1387 1038 1431 πάντων
1076 1390 1124 1430 δὲ
1167 1389 1330 1430 τιθέναι
1356 1390 1416 1445 τῷ
1448 1385 1619 1440 στόματι

178 1450 371 1507 φυλακὴν
414 1453 486 1494 καί
519 1451 578 1508 μὴ
618 1455 693 1495 ἐᾶν
726 1452 801 1509 την
843 1455 1029 1508 γλῶτταν
1067 1456 1281 1509 προπετῶς
1317 1454 1500 1508 ἐκπηδᾶν
1542 1452 1620 1493 τοῦ

114 1526 166 1553 20
179 1519 324 1572 ἕρκους
364 1519 447 1559 τῶν
484 1517 662 1561 ὀδόντων
703 1518 777 1560 καὶ
813 1521 892 1562 τοῦ
922 1521 1005 1562 τῶν
1043 1519 1218 1574 χειλέων
1252 1518 1618 1572 ἐπιτειχίσματος,

178 1580 284 1636 ἅπερ
313 1579 380 1625 οἷα
409 1585 583 1626 διπλοῦν
611 1586 841 1640 ’περίβολον
867 1585 895 1640 ἦ
925 1582 1054 1641 φύσις
1082 1586 1210 1642 ταύτῃ
1250 1582 1567 1640 περιεγύρωσενι
1598 1581 1620 1623 ὅ

178 1648 258 1703 γάρ
282 1663 344 1690 τοι
382 1646 473 1691 τότε
513 1652 735 1704 λογοθὲτης
775 1652 853 1692 τοῦ
884 1649 1041 1705 δρόμου
1071 1651 1152 1704 οὐχ
1183 1647 1269 1699 οἶός
1295 1665 1339 1691 τε
1372 1645 1431 1691 α’ἰν
1459 1650 1656 1701 στέγεινῦ

178 1712 251 1766 τὴν
282 1714 324 1762 ἐς
349 1712 421 1755 τὸν
451 1713 743 1769 Στυππειώτην
769 1717 842 1769 τῆς
867 1714 998 1769 τύχης
1025 1714 1240 1766 εῧμένειαν
1266 1713 1340 1756 καί
1378 1713 1455 1768 τήν
1494 1713 1617 1767 dupo-

180 1777 305 1832 τοίτην
331 1781 406 1819 τοῦ
432 1782 637 1833 βασιλέως
666 1780 796 1836 ῥοπὴν
813 1780 886 1822 καί
913 1779 958 1821 τὸ
992 1783 1050 1836 τῷ
1075 1781 1153 1832 μὲν
1179 1776 1342 1821 ἅπαντα
1371 1778 1441 1820 τόν
1465 1779 1618 1834 χρόνον

279 1909 304 1931 ι.
329 1897 563 1944 παθημάτων
589 1898 626 1930 Α.
744 1910 776 1942 9.
799 1897 1027 1942 παρρησίας]
1053 1894 1272 1933 δυναστείας
1298 1895 1334 1928 Α.
1470 1895 1520 1929 13.
1552 1896 1617 1927 καὶ

271 1943 359 1977 τάδε
384 1945 423 1977 A.
524 1946 573 1989 ¹4·
596 1945 736 1991 χρῆμα]
763 1946 925 1989 πρᾶγμα
948 1945 988 1976 Α.

183 2050 307 2084 dolore
327 2049 405 2082 fieri
435 2049 538 2083 solet.
578 2050 738 2095 quamvis
764 2055 883 2082 autem
907 2054 1112 2093 susceptum
1141 2048 1297 2081 dedecus
1322 2047 1494 2080 abolendi
1518 2049 1620 2091 cupi-

183 2097 361 2138 dissimus,
387 2108 467 2129 cum
490 2095 579 2141 quid
602 2097 640 2129 in
659 2097 863 2141 praesentia
886 2101 1008 2140 ageret
1022 2106 1095 2128 non
1123 2095 1297 2136 haberet,
1321 2095 1527 2127 institutum
1550 2095 1620 2127 iter

181 2143 310 2177 tenuit.
1384 2180 1386 2182 ¹

275 2191 307 2234 4.
356 2188 544 2222 Enimvero
567 2188 716 2229 invidia,
741 2200 833 2234 quae
858 2199 932 2222 non
955 2194 1095 2222 tantum
1118 2188 1382 2233 provinciarum
1410 2192 1448 2221 et
1474 2186 1619 2220 urbium

184 2234 348 2269 dominos
373 2235 528 2269 subinde
565 2236 716 2280 obliquo
746 2236 909 2268 intuetur
934 2235 1037 2269 oculo
1076 2240 1113 2268 et
1138 2235 1368 2268 insidiatores
1393 2235 1431 2266 in
1455 2235 1618 2278 proximo

185 2282 275 2323 alit,
307 2282 372 2315 sed
407 2282 605 2315 mediocres
638 2282 747 2315 etiam
786 2283 1001 2323 insectatur,
1035 2293 1102 2314 nec
1137 2282 1360 2326 Styppiotam
1384 2280 1619 2314 Theodorum

185 2329 299 2372 gratia
323 2328 419 2373 apud
434 2330 685 2374 imperatorem
702 2328 902 2373 pollentem
915 2329 1129 2362 inviolatum
1151 2329 1351 2373 praeteriit,
1375 2338 1496 2372 neque
1518 2327 1618 2371 prius

185 2375 393 2409 turbinibus
417 2381 455 2409 et
477 2375 647 2420 procellis
674 2376 807 2419 agitare
833 2374 994 2416 destitit,
1020 2386 1127 2420 quam
1149 2374 1194 2408 de
1219 2374 1330 2419 gradu
1358 2374 1539 2407 deiectum
1563 2373 1619 2406 lo-

186 2432 302 2468 coque
326 2428 464 2456 motum
487 2420 633 2455 t'andem
656 2422 912 2455 miserabiliter
941 2422 1137 2455 afflixisset.
1163 2433 1227 2465 ego
1251 2432 1335 2454 vero
1359 2421 1449 2454 talia
1471 2431 1619 2465 quoque

186 2467 358 2501 historiae
383 2470 502 2502 insero
520 2493 530 2510 ,
558 2474 599 2501 ut
622 2469 774 2501 lectores
807 2475 1023 2512 cognoscant
1044 2479 1151 2513 quam
1184 2468 1377 2512 improvisa
1405 2473 1443 2501 et
1466 2468 1619 2500 inevita-

187 2513 274 2547 bilis
297 2525 351 2548 res
387 2516 435 2549 sit
474 2515 696 2560 improbitas.
734 2526 810 2547 esse
849 2512 976 2559 igitur,
1018 2521 1191 2560 quantum
1216 2515 1346 2556 liceat,
1371 2525 1433 2548 eos
1458 2514 1618 2547 aemulos

190 2559 449 2603 observandos,
478 2562 542 2607 qui
555 2562 708 2606 ingeniis
731 2567 816 2594 sunt
838 2561 1080 2595 illiberalibus
1105 2567 1141 2594 et
1159 2561 1319 2594 moribus
1343 2561 1493 2594 occultis
1515 2571 1621 2604 prae-

191 2605 259 2639 diti
292 2607 486 2653 linguaque
519 2609 661 2653 pollent
689 2608 734 2641 ab
772 2609 890 2641 animo
923 2608 1180 2648 dissentiente,
1206 2619 1246 2641 ac
1268 2607 1432 2641 custodia
1454 2607 1621 2639 munien-

193 2651 278 2685 dum
303 2663 361 2694 os,
386 2665 458 2697 nect
477 2654 663 2688 sitiendam
689 2655 848 2699 linguam
872 2660 1006 2688 temere
1025 2660 1124 2688 extra
1150 2655 1311 2687 dentium
1340 2659 1479 2698 septum
1505 2657 1548 2684 et*
1566 2653 1618 2683 la-

192 2697 335 2731 biorum
358 2701 595 2734 munitionem
621 2703 780 2745 evagari,
806 2702 937 2746 quibus
964 2714 982 2734 a
1010 2707 1138 2734 natura
1165 2702 1267 2746 quasi
1286 2700 1422 2744 duplici
1446 2699 1540 2731 vallo
1567 2704 1622 2730 est

193 2746 341 2778 inclusa.
363 2757 445 2779 nam
467 2747 591 2780 Dromi
617 2748 815 2792 Logotheta
838 2760 917 2782 curn
941 2748 1106 2782 fortunae
1125 2747 1384 2791 benignitatem
1411 2756 1490 2789 erga
1516 2744 1621 2789 Styp-

266 2814 414 2848 Nicetas
444 2814 646 2848 Clioniatcs.
1334 2824 1372 2846 io
