1878 3230
347 207 419 247 m:
456 205 650 246 Ammo
693 206 885 249 1sAAcn
925 191 1356 249 ANGE1,1FR.LIB.
1384 210 1455 248 111.
1527 189 1650 262 679

218 303 347 357 τείχει
380 303 457 352 τὰς
493 306 697 356 κλίμακας
743 304 1024 358 ἀπεβάλοντο,
1063 300 1119 347 ὧν
1154 301 1206 360 ἧν
1244 305 1473 359 πρώτιστος
1503 302 1525 347 ὁ
1554 308 1651 347 Πα-

218 366 434 423 λαιολόγος
467 372 506 411 Γ
504 368 688 423 ειόργιος.
753 371 835 421 ὀψὲ
872 372 907 411 δ’
951 369 1156 420 ἐξελόντες
1195 370 1244 412 τὸ
1273 369 1410 426 ἔρυμα
1439 372 1512 412 καί
1545 371 1652 422 ἕτερ’

219 431 323 476 ἄττα
351 437 587 487 πολίσματα
605 434 676 477 ἐπί
699 437 803 492 τῷδε
830 437 1032 491 συναφαῖς
1060 433 1351 491 ἐχειρώσαντο,
1380 437 1436 493 πῇ
1451 437 1528 490 μὲν
1553 439 1654 489 μεθ’

217 501 392 552 αἳματος
420 502 478 557 πῇ
511 501 557 542 δὲ
584 502 656 542 καί
682 499 879 558 ὁμολογία
906 501 1066 542 τούτων
1092 500 1412 555 περιγινόμενοι.
1465 499 1695 557 εὖμήχα-Ο

180 569 285 616 5νος
318 567 354 607 δ’
383 561 443 607 ὢν
470 564 491 607 ὁ
520 566 698 616 Ἀλέξιος
719 564 791 606 καὶ
817 560 1028 619 πολύχους
1053 568 1112 614 εἰς
1138 564 1241 620 ἔργα
1266 570 1445 620 πολέμια
1473 563 1582 608 ἄλλα
1608 583 1655 609 τε

216 635 389 672 πλεῖστα
429 628 534 672 κατὰ
567 629 796 682 Ῥωμαίων
837 629 938 684 ἔργα
966 634 1245 685 στρατηγικῆς
1272 633 1490 687 ἐμπειρίας
1515 631 1656 688 πλήρη

213 693 452 749 μαχόμενος
490 695 750 748 ἐπεδείξατο,
789 696 905 743 τέλος
947 697 994 736 δὲ
1029 694 1102 736 καί
1138 695 1296 737 τοιόνδε
1330 714 1370 738 τι
1406 698 1656 750 μεθόδευμα

213 760 368 814 μετιών
394 759 637 810 δεξιώτατον
664 758 743 801 σύν
768 755 910 809 ἄλλοις
936 759 1009 803 καί
1034 759 1166 803 αὐτὸν
1190 764 1413 816 χειροῦται
1442 764 1513 804 τόν
1540 780 1655 818 πρω-

213 827 483 881 τοστράτορα.
550 829 727 867 πλεῖστα
770 824 851 880 γάρ
891 821 967 868 ὅσα
992 827 1073 867 τῶν
1113 826 1320 880 ἅγελαίων
1350 827 1467 878 ζώων
1493 830 1539 869 ἐκ
1571 831 1654 870 τῶν

156 892 435 946 ιοπεριωπαῖν
476 894 537 940 εἰς
572 891 617 935 τὸ
658 892 801 933 πεδίον
838 890 1113 945 μετενεγκών,
1153 891 1232 946 nac}
1260 895 1395 935 ταῦτα
1437 893 1655 947 παραδοὺς

212 964 296 1008 τοῖς
323 957 429 1011 πρὸς
464 953 606 1011 Αἷμον
642 958 876 1009 α’πάξουσιν
904 956 1133 1014 ὁμοφύλων
1156 958 1261 1012 μετὰ
1294 962 1369 1002 καί
1397 961 1551 1015 μοι’ρας
1587 963 1654 1003 αι’-

212 1023 445 1078 χμαλώτων
464 1023 692 1076 ‘Pantalcon'
724 1022 863 1078 ὥσπερ
891 1040 931 1065 τι
960 1023 1126 1066 σκύλων
1154 1026 1372 1081 ἆφαίρεμα
1402 1027 1474 1068 καί
1492 1022 1656 1068 ἇπόδα-

211 1105 301 1141 σμα
341 1090 399 1146 τῷ
444 1083 614 1144 ἄρχοντι
649 1092 722 1144 τῆς
756 1089 953 1143 Ζαγορᾶς
990 1086 1155 1147 Ἰωάννῃ
1203 1091 1277 1137 καὶ
1315 1089 1444 1146 χάριν
1474 1091 1656 1145 α’μοιβὸν

212 1152 404 1208 ἐσόμενα,
433 1156 527 1196 ε’πεί
547 1157 620 1197 καί
644 1154 917 1207 σπεισάμενος
933 1151 1104 1213 Ἀλεξιίρ
1133 1157 1288 1205 ἐκεῖνος
1306 1155 1408 1198 κατὰ
1426 1156 1655 1210 “Ρωμαι’ων

153 1220 200 1262 15
214 1216 421 1274 διαθήκας
448 1222 627 1272 διέθετο,
655 1219 807 1273 λόχους
833 1219 971 1262 ἔκτοτε
997 1217 1261 1270 ὖποκαθίσας
1278 1219 1522 1275 ςΡωμαίους
1551 1223 1695 1264 &nd-D

211 1289 356 1327 λευεν·
418 1280 512 1341 ᾔδει
550 1285 630 1338 γάρ
658 1283 703 1326 τὸ
749 1284 962 1339 ἁρπαλέον
1003 1287 1077 1327 καί
1103 1285 1209 1340 πρὸς
1236 1289 1383 1342 κέρδος
1414 1285 1653 1343 ἓτοιμοτρε-

208 1353 284 1404 χὲς
311 1351 394 1392 τῶν
422 1351 601 1404 ἀνδρῶν,
634 1350 727 1392 οὐδ’
754 1346 804 1405 ἦν
831 1347 991 1404 ἀγνοῶν
1018 1348 1075 1400 ὥς
1101 1353 1254 1394 αὐτίκα
1280 1351 1396 1406 μάλα
1423 1360 1508 1403 τοῖς
1537 1359 1653 1410 φιλι-

210 1423 297 1471 κοῖς
324 1415 561 1470 ἐντυχόντες
588 1418 711 1472 σφίσι
735 1416 946 1469 ζΡωμαῖοι
973 1416 1050 1465 τὰς
1070 1416 1217 1471 ψυχὰς
1245 1419 1391 1468 αὐτοῖς
1421 1420 1654 1474 ἐπιθήσου-

212 1498 281 1524 σιν
319 1483 651 1537 ἐξερεθισθέντες
688 1483 762 1523 καί
786 1483 945 1536 μηδένα
984 1481 1103 1536 λόγον
1142 1485 1215 1537 τῆς
1255 1486 1463 1538 σωτηρίας
1490 1480 1650 1526 ἑαυτῶν
1664 1488 1785 1536 Υ.α73

150 1562 201 1588 20
212 1545 498 1603 ποιησάμενοι.
555 1543 703 1600 ἆμὲλει
731 1548 804 1588 καί
839 1545 927 1600 εἶχε
952 1544 1196 1599 “Ρωμαιόυς
1221 1547 1331 1600 μετὰ
1359 1548 1510 1603 μικρὸν
1537 1545 1647 1592 αὐτὰ

210 1616 344 1656 ταῦτα
373 1613 780 1667 διαπραττομένους,
819 1609 953 1653 ὁπόσα
983 1610 1087 1653 κατὰ
1117 1615 1215 1654 νοῦν
1241 1612 1454 1669 ἔστρεφεν.
1510 1613 1533 1654 ὁ
1564 1614 1646 1670 γὰρ

212 1678 264 1733 δή
294 1679 628 1734 πρωτοστράτωρ
665 1674 755 1731 ἅμα
797 1679 848 1734 τῇ
876 1678 982 1734 ἀκοῇ
1019 1679 1102 1718 τῶν
1131 1679 1354 1731 δρωμένων
1383 1681 1430 1720 ἐκ
1454 1681 1530 1721 τοῦ
1555 1683 1647 1722 Βα-

210 1743 526 1801 τραχοκάστρου
555 1740 742 1799 ἀπάρας,
770 1741 874 1785 ἔνθα
902 1737 951 1798 ἧν
978 1741 1274 1797 σκηνούμενος,
1308 1744 1350 1794 ἐς
1378 1743 1425 1786 τὸ
1455 1744 1647 1787 Βακτού-

302 1880 334 1913 9.
357 1867 398 1901 ἐκ
422 1865 509 1915 τῶν]
551 1864 626 1899 α’πὸ
664 1867 739 1899 τῶν
770 1866 917 1909 βουνῶν
953 1865 1007 1902 εἰς
1040 1857 1109 1899 τόν
1143 1865 1296 1911 κόμπον
1319 1866 1355 1898 Β.
1502 1869 1551 1901 13.
1576 1867 1646 1911 χά..

305 1926 368 1958 ριν
404 1915 616 1947 κανισκίου·
647 1911 712 1955 ἤδη
741 1907 818 1956 γάρ
860 1914 923 1945 καὶ
951 1910 1031 1958 μετ’
1052 1913 1200 1946 ἐκείνου
1232 1913 1381 1958 εἰρήνην
1417 1912 1569 1955 ἐποίησε
1609 1915 1644 1947 Β.

307 1963 358 1995 16.
381 1959 474 2007 ᾔδει]
502 1960 682 2004 ἐγίνωσκε
707 1954 784 2004 γιὶρ
808 1953 848 1992 τό
873 1961 948 1992 τῶν
964 1959 1143 2005 ῥωμαίων
1165 1955 1262 2003 πρός
1285 1959 1415 2004 κέρδος
1438 1961 1644 2004 λείξουρον,

301 2010 365 2041 καὶ
391 2006 439 2044 αἷς
469 2005 626 2053 ἑτοίμως
657 2006 788 2051 ἔχουσι
810 2003 875 2042 τὰς
898 2003 1023 2050 ψυχὰς
1050 2004 1173 2040 αὐτῶν
1196 2009 1324 2039 θεῖναι
1346 2006 1441 2050 ὑπὲρ
1468 2009 1536 2039 τοῦ
1558 2010 1643 2051 κέρ-

301 2054 389 2091 δους
405 2053 562 2133 Βαύτῶν,
587 2052 730 2099 μηδένα
755 2053 871 2100 λόγον
896 2051 990 2100 ὅπερ
1017 2054 1081 2095 τῆς
1108 2055 1290 2099 σωτηρίας
1308 2053 1432 2088 αὐτῶν
1457 2055 1641 2100 ποιουμέ-

302 2112 379 2136 νων
434 2124 441 2133 .

210 2204 384 2248 Georgius
419 2203 674 2247 Palaeologus,
708 2202 746 2235 in
782 2201 1014 2235 admovendis
1055 2202 1100 2235 ad
1135 2202 1278 2235 moenia
1302 2201 1407 2234 scalis
1432 2200 1640 2234 amiserunt.

208 2250 354 2286 tandem
378 2262 421 2283 eo
445 2255 647 2295 expugnato
677 2250 784 2282 etiam
811 2249 883 2281 alia
897 2248 1071 2294 quaedam
1097 2249 1231 2294 oppida
1250 2248 1442 2292 deinceps,
1467 2247 1539 2280 alia
1561 2259 1644 2280 san-

209 2299 317 2343 guine
333 2298 491 2342 profuso,
508 2297 579 2329 alia
597 2296 783 2329 deditione
805 2301 987 2340 ceperunt.
1011 2295 1158 2328 Alexius
1176 2306 1273 2335 vero,
1297 2293 1448 2327 callidus
1473 2293 1580 2327 homo
1608 2300 1644 2327 et

210 2345 320 2377 solers
335 2344 501 2384 bellator,
522 2355 602 2376 cum
621 2343 692 2375 alia
709 2343 863 2387 plurima
881 2341 1094 2387 disciplinae
1118 2342 1285 2374 militaris
1299 2341 1494 2385 specimina
1514 2340 1642 2380 edidit,

208 2396 286 2423 tum
308 2401 380 2424 uno
396 2390 527 2434 insigni
548 2394 798 2433 stratagemate
814 2394 956 2433 praeter
976 2389 1066 2422 alios
1081 2389 1196 2433 ipsum
1218 2388 1326 2421 etiam
1347 2393 1641 2432 protostratorem

210 2437 318 2481 cepit.
330 2448 412 2470 nam
425 2437 589 2482 plurimis
604 2435 795 2481 pecoribus
812 2446 856 2468 ex
869 2436 1024 2480 speculis
1038 2436 1076 2468 in
1093 2446 1234 2479 campos
1251 2435 1307 2477 agi
1321 2440 1356 2467 et
1371 2445 1390 2466 a
1406 2433 1642 2478 popularibus

211 2483 285 2515 suis
320 2494 398 2516 cum
431 2488 533 2528 parte
565 2484 803 2516 Romanorum
838 2482 1058 2526 captivorum
1091 2482 1131 2514 in
1164 2482 1340 2514 Haemum
1374 2480 1420 2513 ad
1444 2479 1642 2512 Iohannem

211 2530 339 2572 Zagore
361 2529 581 2574 principem,
599 2540 677 2562 cum
704 2539 776 2574 quo
802 2528 929 2561 foedus
957 2534 1081 2561 contra
1110 2529 1287 2560 Romanos
1311 2527 1459 2566 inierat,
1483 2525 1642 2558 muneris

212 2576 291 2608 loco
317 2580 354 2608 et
377 2576 467 2618 grati
491 2577 602 2608 animi
625 2586 706 2621 ergo
731 2575 814 2608 duci
842 2575 971 2616 iussis,
998 2575 1166 2609 Romanis
1189 2574 1339 2607 insidias
1364 2572 1563 2611 collocavit,
1588 2582 1644 2607 ra·

211 2621 379 2667 pacitatis
406 2626 443 2653 et
470 2623 639 2655 avaritiae
664 2633 787 2655 eorum
814 2627 851 2654 et
883 2622 1042 2654 caritatis
1067 2632 1147 2665 erga
1170 2632 1252 2653 suos
1277 2631 1351 2653 non
1375 2619 1529 2662 ignarus,
1558 2628 1645 2661 prae

213 2668 345 2713 quibus
375 2667 482 2700 etiam
519 2669 670 2701 salutem
703 2679 801 2701 suam
825 2668 1022 2711 neglecturi
1053 2671 1182 2700 essent.
1207 2678 1274 2699 nec
1301 2676 1379 2698 eum
1407 2663 1539 2695 fefellit
1562 2664 1643 2708 opi-

212 2715 286 2750 nio.
314 2725 394 2747 nam
419 2713 527 2758 paulo
555 2719 639 2757 post
659 2721 896 2759 protostrator
921 2725 963 2747 eo
987 2715 1116 2747 nuntio
1140 2718 1286 2756 accepto
1302 2737 1311 2752 ,
1331 2710 1644 2750 Batrachocastro,

213 2761 277 2795 ubi
303 2760 431 2796 stativa
463 2758 636 2799 habebat,
674 2761 885 2794 Bactunium
911 2760 1093 2804 profectus
1109 2785 1119 2800 ,
1162 2759 1281 2804 specie
1307 2757 1359 2791 rei
1382 2756 1584 2803 decipitur5
1607 2762 1645 2791 et
