1878 3230
259 120 286 176 7
300 121 326 157 2
337 123 366 157 2
707 117 936 160 NICETAE
981 117 1294 159 CnONlATAE

253 217 398 260 ἔπειτα
437 220 520 265 τοῖς
559 217 604 258 ἐκ
643 214 724 256 τῶν
773 215 943 270 πύργων
976 213 1199 268 Ῥωμαίοις
1241 218 1565 271 συμπλέκονται,
1618 219 1691 259 καί

253 286 474 337 τρέπονται
511 278 683 328 τούτους
713 278 866 335 ῥᾳδίως
895 280 952 328 ὥς
994 280 1037 329 ἐξ
1065 280 1318 335 ὑπερδεξίων
1352 280 1581 334 μαχόμενοι
1618 282 1693 325 καὶ

253 350 308 389 ου’
344 346 472 401 μόνον
511 342 591 387 ἀπὸ
631 342 767 399 ὕψους
810 343 915 387 α’λλά
947 346 1018 388 καί
1043 344 1150 387 κατὰ
1181 345 1368 402 κορυφήν
1396 342 1480 389 οἷον
1507 347 1691 402 ἐφεστῶ-

251 428 319 462 τες
346 411 420 454 καί
453 412 699 465 βάλλοντες·
745 409 849 453 κατὰ
879 410 986 453 πολι)
1016 410 1097 465 γάρ
1128 412 1211 453 τῶν
1240 413 1314 466 τῆς
1338 410 1497 460 πόλεως
1520 416 1692 466 τειχέων

252 474 635 532 ὑπερανεστήκεοαν
681 475 726 519 αἱ
764 478 809 519 ἑν
846 481 930 526 τοῖς
958 478 1117 526 πλοίοις
1147 479 1365 530 κλίμακες,
1390 478 1594 531 μετέωροι
1622 477 1730 525 ’διὰὄ

214 540 492 596 ςπεισμάτων
531 541 766 597 γινόμεναι.’
801 540 849 584 τὸ
881 543 921 583 δ’
948 539 1029 583 α’πὸ
1071 544 1193 584 τοῦδε
1220 540 1448 596 λαβόμενοι
1491 544 1575 584 τῶν
1611 558 1694 585 τει-

252 608 473 662 χισμοίτων
513 608 551 650 οἱ
590 609 781 661 πολέμιοι
821 608 904 663 πῧρ
935 608 1069 650 ἑνιᾶσι
1106 612 1200 656 ταῖς
1222 608 1401 661 οἰκίαις,
1433 607 1588 650 ὅπόσαι
1611 613 1698 658 τοῖς

251 675 430 727 τείχεσιν
452 675 676 729 ἑκκρεμεῖς,
699 675 1074 723 διασκεδασθέντες
1102 675 1305 731 πολλαχῇ.
1342 672 1415 715 καί
1436 672 1592 727 γίνεται
1621 675 1698 728 τῆς

252 738 414 794 ἡμέρας
442 740 598 794 ἐκείνης
627 738 806 781 ἐλεεινόν
827 755 868 781 τι
884 741 1026 792 θέαμα
1051 739 1126 780 καί
1151 737 1367 793 ποταμοὺς
1397 741 1514 781 ἕλκον
1540 738 1698 794 δακρύ-

253 820 311 846 ων
344 800 606 860 οἷντιρρόπων
636 806 693 863 τῷ
720 807 858 862 πολλῷ
885 806 958 860 τῆς
983 806 1211 861 πυρκαϊᾶς·
1267 803 1405 847 πάντα
1430 803 1512 861 γὰρ
1543 800 1623 847 ὅσα
1649 806 1696 847 ἐκ
1714 823 1760 850 ιο

252 872 328 913 τοῦ
353 871 438 912 τῶν
459 867 725 926 Βλαχερνῶν
758 871 914 924 βουνοῦ
953 869 1059 926 πρὸς
1085 869 1162 925 τὴν
1186 868 1319 925 μονὴν
1346 869 1478 925 διήκει
1507 872 1583 913 τοῦ
1611 871 1697 912 Εὖ-

120 942 243 988 V.289
254 937 424 990 εργέτου
455 934 748 993 κατῃθαλωτο,
776 937 850 978 καί
886 933 1205 991 ὖπερεμηκίσθη
1233 935 1278 978 τὸ
1308 934 1562 989 καλούμενον
1586 936 1698 980 Δεύ-

252 998 420 1057 τερονῆ
450 1004 527 1043 τοῦ
554 1000 688 1054 πυρὸς
718 1001 841 1057 ἐρωή.
873 1000 974 1045 ἰδών
1003 1002 1042 1042 δ’
1071 1001 1092 1043 ὃ
1111 1000 1308 1054 βασιλεῦς
1333 1000 1381 1044 τὸ
1409 1000 1574 1056 οἰκτρόν
1600 1003 1699 1044 τοῦ·

252 1082 297 1110 το
336 1069 409 1122 τῆς
441 1068 659 1120 βασιλίδος
691 1066 965 1123 δυστύχημα,
1007 1067 1079 1109 καί
1105 1066 1182 1122 τὴν
1205 1065 1391 1122 συνοχὴν
1418 1069 1500 1109 τῶν
1529 1066 1698 1123 ἀνθρώ-

253 1154 343 1180 πων
375 1137 623 1192 εὐλαβηθείς
633 1169 646 1190 ,
676 1135 846 1193 ὅπλίτης
866 1139 1022 1191 γίνεται
1048 1136 1181 1191 μόλις,
1210 1139 1283 1180 καί
1307 1137 1482 1190 μάλισθ’
1507 1134 1566 1179 ὅτι
1595 1137 1699 1192 πρὸς
1716 1142 1762 1183 15

255 1202 384 1258 ὀργῆν
412 1200 510 1251 τοὺς
539 1203 706 1252 πλείους
725 1203 1050 1258 ἐπιφρίσσοντας
1075 1201 1188 1258 ἑώρα
1217 1205 1290 1245 καὶ
1318 1203 1465 1258 λόγους
1495 1204 1702 1257 ἐπαχθεῖς

253 1269 344 1310 κατ’
372 1264 505 1309 αὐτοῦ
529 1268 601 1308 καί
626 1267 997 1323 προπηλακισμοὺς
1026 1269 1253 1324 α’φιέντας,
1284 1264 1346 1317 οἷς
1375 1269 1581 1324 οἰκουρεῖν
1605 1266 1699 1311 ἑλο-

212 1335 381 1387 ομένου
414 1335 486 1375 ἑπί
509 1334 671 1386 μᾶλλον
697 1333 748 1375 τὰ
776 1335 858 1375 τῶν
884 1334 1082 1376 ἐναντίων
1111 1331 1363 1389 φρονήματα
1390 1329 1540 1390 ᾔρετο,
1567 1336 1699 1389 μηδε·

253 1401 354 1453 μιᾶς
388 1399 554 1453 α’ρωγῆς
590 1397 930 1457 ὑπονοθευομὲνῃ
974 1401 1027 1456 τῇ
1066 1399 1186 1440 πόλει
1224 1401 1571 1455 προσγινομένης,
1609 1395 1700 1442 ἀλλ’

252 1465 378 1520 α’φείς
405 1462 475 1506 τὸν
501 1461 683 1516 πόλεμον
697 1469 782 1513 τοῖς
801 1465 958 1517 τείχεσι
981 1467 1242 1519 προσελθεῖν,
1270 1466 1444 1519 πρᾶγμα
1460 1463 1518 1520 μῆ
1551 1467 1700 1507 50:5⁸3-
1712 1484 1765 1511 20

255 1545 304 1585 ρο
338 1531 555 1584 πραχθέν,
589 1527 646 1578 ὥς
674 1528 787 1583 εἴπερ
820 1529 988 1578 οὐδένες
1016 1530 1100 1578 ταῖς
1127 1528 1302 1572 ἐνόντων
1328 1531 1550 1584 ἠπίσταντο
1578 1534 1700 1572 πολε-

253 1600 372 1649 μεῖν,
399 1595 510 1649 μηδὲ
539 1597 703 1647 βέλτιον
728 1590 886 1651 ᾔδεσαν
914 1592 961 1635 u)
986 1592 1156 1650 φθάσαι
1182 1593 1255 1637 τὸν
1286 1597 1513 1637 α’ντίπαλον
1539 1597 1701 1649 μᾶλλον

255 1658 284 1715 ἢ
311 1664 410 1715 παρ’
455 1660 589 1701 αὐτοῦ
618 1660 939 1716 προληφθῆναι,
985 1657 1066 1702 ὅσα
1093 1662 1168 1702 καί
1194 1662 1316 1714 σῶμα
1345 1661 1468 1718 δεινῷ
1496 1659 1699 1717 καχεκτή-

256 1741 361 1779 ματι
389 1724 466 1780 τὴν
491 1724 606 1767 ἴασιν
631 1724 924 1780 ὖπερπαιόντι.
977 1723 1100 1776 ἐξιών
1139 1727 1278 1767 τοίνυν
1307 1728 1389 1768 τῶν
1416 1724 1601 1781 ἀρχείων
1630 1724 1698 1768 ἱπ-

351 1832 385 1866 7.
409 1818 514 1867 πῦρ]
544 1817 750 1863 βάλλουσιν
788 1820 892 1853 emta
924 1820 976 1857 εἰς
1006 1812 1050 1854 τὰ
1075 1818 1239 1863 ιῖσπήτια
1251 1821 1288 1852 B.
1433 1823 1484 1856 13.
1520 1820 1552 1853 δ’
1577 1831 1634 1853 om
1660 1822 1700 1854 A.

352 1877 408 1899 20.
432 1865 557 1914 α’φεὶς]
574 1864 703 1912 α’φῆκε
735 1864 823 1905 τούς
845 1864 1010 1912 ἐχθροὺς
1033 1869 1151 1914 μέχρι
1177 1870 1242 1900 καὶ
1266 1866 1342 1902 τῶν
1364 1867 1500 1912 τειχῶν
1523 1866 1704 1913 α’κουμβί-

352 1922 420 1946 σαι
443 1914 506 1955 τῆς
530 1912 672 1950 πόλεως
696 1913 734 1945 Β.
878 1913 934 1945 23.
960 1910 1032 1947 ὅσα
1058 1913 1136 1960 καὶ]
1175 1913 1302 1958 ὥσπερ
1344 1917 1408 1948 καὶ
1442 1908 1484 1947 τὸ
1511 1916 1620 1960 σῶμα
1643 1913 1704 1946 ὅτι

351 1964 522 2006 κρεῖττον
545 1958 626 1993 ἐστὶ
648 1956 723 2006 πρὸ
747 1970 810 2002 της
824 1959 1031 2005 ἀσφαλείας
1048 1959 1328 2005 α’σψαλίζεσθαι
1352 1959 1374 2003 ἡ·
1402 1956 1474 1994 ὑπὸ
1501 1960 1564 2002 τῆς
1587 1959 1704 1994 ‹2⁰32-

351 2008 455 2043 νείας
481 2005 735 2052 κυριευθῆναι
757 2008 823 2041 καὶ
849 2006 1136 2050 καταβληθῆναι.
1150 2007 1189 2041 Β.

264 2085 332 2118 tile
361 2084 621 2126 deturbarunt,
647 2085 783 2130 quippe
810 2097 888 2118 cum
923 2096 967 2118 ex
993 2086 1176 2131 superiore
1203 2085 1283 2118 loco
1308 2089 1530 2130 pugnarent,
1555 2095 1597 2118 ac
1622 2089 1704 2118 tan-

263 2137 339 2165 tum
364 2142 436 2164 non
464 2143 570 2175 supra
605 2133 756 2165 vertices
783 2143 905 2165 eorum
931 2137 1088 2165 astantes
1116 2133 1189 2165 tela
1214 2133 1451 2164 coniicerent:
1477 2143 1559 2165 nam
1585 2132 1703 2164 scalae

263 2178 406 2210 navium
428 2177 641 2212 rudentibus
664 2179 703 2211 in
723 2179 835 2212 altum
863 2179 1015 2211 eductae
1037 2179 1165 2222 longae
1189 2190 1294 2223 supra
1319 2178 1460 2211 moenia
1484 2177 1712 2213 eminebant..

263 2224 394 2269 quibus
419 2223 540 2257 hostes
565 2225 750 2269 occupatis
776 2225 884 2258 aedes
910 2225 984 2258 illis
1009 2226 1191 2269 contiguas
1210 2225 1410 2257 incendunt
1424 2225 1555 2268 passim
1571 2235 1705 2267 vagan-

262 2276 327 2303 tes.
355 2270 474 2303 editur
499 2281 541 2302 eo
571 2270 630 2303 die
657 2271 865 2304 miserabile
891 2272 1134 2316 spectaculum
1151 2297 1160 2310 ,
1183 2271 1282 2316 quod
1307 2271 1453 2303 flumina
1477 2270 1703 2303 lacrimarum

261 2322 364 2350 tanto
390 2316 557 2348 incendio
582 2317 682 2361 parIa
705 2318 875 2361 postulet.
898 2329 981 2350 nam
1005 2318 1180 2363 quicquid
1198 2329 1218 2350 a
1246 2317 1337 2350 colle
1351 2316 1562 2350 Blachernio
1591 2327 1704 2361 usque

264 2363 310 2395 ad
334 2363 529 2406 Euergetae
557 2364 815 2396 monasterium
839 2365 1011 2408 pertinet,
1035 2364 1174 2397 flamma
1199 2369 1253 2396 est
1276 2364 1516 2407 absumptum,
1540 2363 1704 2409 flammae

264 2410 403 2454 impetu
442 2409 537 2442 ultra
567 2409 764 2442 Deuterum
802 2410 908 2443 elato.
933 2411 1129 2454 imperator
1166 2416 1238 2444 tam
1262 2410 1462 2442 miserabili
1503 2410 1704 2443 infortunio

263 2457 339 2490 viso
356 2481 365 2496 ‚
403 2455 594 2488 anxietatis
620 2456 747 2500 populi
780 2457 948 2489 misertus
972 2457 1032 2489 vix
1055 2462 1175 2489 tamen
1199 2468 1295 2488 arma
1322 2457 1462 2498 induit3
1493 2457 1604 2501 idque
1625 2469 1704 2490 cum

265 2515 283 2535 a
299 2502 481 2548 plerisque
502 2501 600 2534 iratis
628 2507 833 2546 urgeretur,
859 2503 921 2547 qui
949 2503 1153 2536 maledictis
1187 2508 1223 2535 et
1243 2504 1413 2535 conviciis
1438 2514 1511 2535 non
1542 2503 1703 2536 abstine-

265 2549 375 2589 bant,
417 2548 515 2593 quod
543 2547 683 2581 desidia
709 2560 772 2581 sua
797 2548 955 2581 hostium
984 2549 1121 2582 animos
1146 2555 1292 2593 augeret
1316 2561 1382 2582 nee
1405 2550 1514 2582 ullam
1544 2550 1625 2582 urbi
1650 2549 1705 2581 nf-

265 2596 383 2628 {lictae
410 2606 515 2641 opem
539 2595 666 2636 ferret,
693 2594 756 2627 sed
780 2595 918 2628 bellum
942 2595 989 2628 nd
1013 2596 1157 2628 moenia
1186 2596 1355 2628 accedere
1381 2601 1576 2641 pateretur,
1605 2595 1704 2641 quod

265 2641 438 2675 hactenus
461 2652 644 2686 nunquam
670 2641 877 2683 accidisset3
901 2642 1004 2687 quasi
1019 2653 1102 2674 vero
1125 2653 1229 2675 nemo
1253 2649 1346 2675 esset
1365 2644 1427 2687 qui
1451 2653 1608 2687 pugnare
1635 2643 1705 2674 sci-

266 2695 339 2730 ret,
365 2700 482 2734 neque
507 2693 703 2734 praestaret
735 2687 875 2723 hostem
913 2694 1134 2724 antevertere
1176 2700 1281 2735 quam
1316 2691 1512 2731 anteveni,
1552 2694 1593 2722 ut
1627 2699 1704 2722 cor-
