1838 3210
275 198 314 249 6
700 210 925 253 NicETAE
962 210 1270 252 cuoNiA'rAE

273 311 401 364 μόνον
431 311 535 354 κατὰ
566 310 634 366 τὸν
663 309 826 350 εἰπόντα
853 306 986 363 σοφόν
1004 303 1110 349 ἄλλα
1134 305 1447 360 καίσυμβαΐνόν
1467 323 1587 364 σφισι
1613 310 1695 360 μά-

273 381 421 430 λιστα,
467 377 562 418 οὐδὲ
599 375 745 416 τούτου
790 371 960 425 πάμπαν
987 371 1139 423 ἔξωθεν
1170 375 1247 413 τοῦ
1274 373 1403 413 καλοῦ
1430 372 1614 414 πίπτοντ’
1645 370 1697 412 ἄν

271 438 375 498 εὕρῃ
405 457 468 489 τις
497 439 547 482 τὰ
576 437 846 494 γραφόμενα,
890 434 958 480 οἷα
983 439 1056 478 καί
1082 438 1199 492 ἡμῶν
1226 435 1283 491 μὴ
1313 435 1358 478 τὸ
1387 437 1600 491 κομπηρὸν
1627 438 1700 478 καί

272 506 512 561 δυσφραδὲς
539 503 612 545 καί
640 504 922 558 κρημνώδεσιν
939 503 1310 557 ἆποδιειλημμένον
1341 504 1496 553 λέξεσιν
1525 501 1581 551 ὠς
1609 503 1697 542 ἐπί-

270 586 354 611 παν
394 566 721 621 ἀσπασαμένων,
763 567 805 610 εἰ
827 566 901 609 καί
920 569 1132 621 χαίνοντὲς
1157 569 1262 610 εἰσιν
1288 569 1347 618 εἷς
1374 569 1496 610 τοῦτο
1526 568 1695 620 πολλοί,
1711 576 1734 617 5

272 633 345 675 εἴτ’
373 629 448 675 οὖν
475 634 750 688 α’ληθέστερον
777 634 906 675 εἰπεῖν
930 634 1181 682 ἐκλείποντες
1205 631 1256 674 τὰ
1280 634 1362 675 τῶν
1376 631 1506 674 πάλαι
1529 634 1602 673 καί
1622 630 1697 686 σή-

234 706 398 752 Βμερον
423 700 497 742 καί
523 695 603 741 ὅσα
627 714 670 740 τι
695 700 768 740 καί
793 697 1047 752 ἐπιτήδευμα
1072 697 1415 753 προυργιαίτατον
1436 695 1698 752 ἐξησκηκότες

271 762 341 804 διὰ
362 766 547 818 μακροῦ,
591 766 637 806 ἐκ
682 764 755 806 τοῦ
786 764 968 812 πλείονος
996 763 1041 803 δὲ
1068 762 1145 804 κοῖν
1169 762 1301 819 τούτῳ
1328 765 1432 818 δρᾶν
1461 765 1514 818 τῇ
1538 761 1698 818 ἱστορίᾳ

270 831 537 883 προθεμένων
569 828 621 870 τὰ
668 826 919 884 πρόσφορα,
957 829 1056 882 μηδ’
1087 828 1377 881 ὖπερβάθμιον
1413 826 1522 869 πόδα
1550 827 1699 869 τείνειν

181 892 539 949 ν.3ἤγαπηκότων
567 890 596 947 ἢ
624 890 732 941 ὅλως
757 892 852 942 τούς
882 888 1029 943 ἄξονας
1058 892 1189 946 αὐτῆς
1215 892 1536 948 ὑπεράλλεσθαι.
1589 893 1696 948 ὑπὲρ
1716 911 1764 937 ιο

269 957 350 1014 γὰρ
382 956 496 1000 ἅπαν
523 961 664 1014 ἓτερον
690 956 737 1001 τὸ
762 956 822 1012 μὴ
849 956 924 1012 τὴν
951 957 1108 1014 φράσιν
1139 958 1321 1011 ἁπλοῦν,
1349 955 1406 1007 ὥς
1434 957 1518 1011 ἔχω
1545 955 1695 1005 εἰπών,
1804 954 1808 962 ’

269 1025 344 1064 καί
369 1022 591 1078 πρόχειρον
610 1025 671 1072 εἷς
695 1025 926 1078 κατάληψιν
954 1022 1058 1078 αὐτῇ
1087 1024 1375 1078 διαβέβληται,
1407 1023 1479 1064 καί
1505 1023 1699 1078 ἠγαπήθη

271 1085 438 1144 σφόδρα
475 1087 519 1130 τὸ
563 1083 754 1141 ἄκομψον
796 1086 869 1129 καί
894 1087 950 1137 ὥς
991 1085 1089 1140 ἕχον
1117 1086 1283 1143 φύσεως
1312 1089 1603 1142 διηγούμενον,
1629 1089 1702 1130 καί

273 1155 498 1207 δαιμονίως
525 1151 573 1194 τὸ
618 1147 818 1208 εὔληπτον
844 1150 1181 1208 περιπτύσσεται.
1236 1155 1351 1202 τέλος
1378 1151 1459 1208 γάρ
1490 1152 1698 1206 σκοπιμιό-

269 1234 393 1261 τατον
419 1217 492 1273 τὴν
521 1218 723 1272 ἀλήθειαν
749 1216 923 1272 ἔχουσα,
953 1220 1025 1260 καί
1049 1220 1118 1273 τῆς
1144 1234 1188 1260 τε
1219 1219 1441 1274 ῥητορικῆς
1472 1217 1699 1274 δεινότητος
1716 1226 1762 1265 15

270 1287 342 1326 καί
365 1286 436 1339 τῆς
464 1285 677 1338 ποιητικῆς
704 1283 938 1338 λογοποιίας
973 1285 1199 1340 α’φεστῶσα
1228 1282 1333 1324 κατὰ
1362 1282 1600 1339 διάμετρον,
1627 1284 1700 1327 καὶ

268 1349 319 1391 τὰ
348 1346 507 1391 τούτων
543 1351 762 1393 διωθεῖται
787 1350 1155 1404 χαρακτηριστικά.
1211 1347 1284 1390 καί
1310 1344 1446 1397 ἄλλως
1471 1351 1516 1392 δὲ
1544 1346 1622 1391 κᾶν
1648 1346 1697 1390 οὔ

230 1412 407 1469 (Σβραχύ
446 1411 488 1456 td
531 1412 747 1468 σεμνόνῆ
786 1412 949 1468 ἱστορία
986 1413 1058 1455 καί
1090 1412 1135 1455 τὸ
1185 1414 1402 1467 αἰδέσιμον
1427 1413 1694 1470 έπισὺρηται,

266 1480 404 1534 ἐρῶσα
450 1480 486 1520 δ’
535 1473 649 1531 ὅμως
697 1482 944 1534 προκεῖσθαι
982 1481 1245 1520 σκαπανεῦσί
1288 1495 1333 1520 τε
1370 1481 1443 1520 καί
1479 1481 1696 1536 σιδηρεῦσι

265 1543 337 1585 καί
370 1544 523 1597 πολλῆς
567 1545 742 1597 γέμουσι
782 1545 856 1598 τῆς
896 1541 1081 1598 ἀσβόλης
1122 1545 1195 1586 καί
1232 1542 1417 1600 συνήθης
1452 1542 1561 1587 εἶναι
1611 1550 1695 1596 τοῖς
1709 1565 1759 1590 20

265 1608 369 1663 πρὸς
394 1604 502 1650 ὅπλα
529 1607 602 1651 καί
618 1603 752 1664 ’Ἄρεα
780 1609 993 1662 βλέπουσι,
1025 1610 1132 1663 μηδὲ
1165 1612 1328 1663 γυναιξί
1348 1604 1568 1665 χερνήτισι
1592 1613 1693 1653 δυσ-

263 1673 511 1714 κολαίνουσα
555 1674 864 1722 διαξαινούσαις
914 1674 966 1716 ἰα’
1010 1677 1100 1715 κατ’
1137 1673 1290 1729 αὐτήν,
1335 1680 1426 1724 ταῖς
1477 1677 1693 1730 χαριεστέ-

265 1754 361 1791 ραις
399 1737 540 1792 χαίρει
576 1741 658 1780 τῶν
698 1738 916 1793 φράσεων,
952 1739 1025 1780 καί
1064 1738 1109 1781 τὸ
1144 1743 1276 1794 φᾶρος
1312 1741 1396 1782 τῶν
1422 1743 1568 1792 λέξεων
1594 1743 1693 1783 εἰλι-

266 1805 400 1856 κρινὲς
428 1802 501 1844 καί
527 1805 747 1857 α’πέριττον
774 1806 1035 1859 περικεῖσθαι
1070 1807 1196 1859 φιλεῖ,
1222 1801 1271 1845 οὗ
1297 1803 1381 1859 μὴν
1408 1808 1694 1859 κεκομψευμέ-

265 1883 335 1909 νον
362 1870 434 1910 καί
451 1866 632 1919 ἔξαλλον·
654 1867 726 1910 καί
750 1869 775 1924 ἦ
800 1870 878 1923 μὲν
892 1868 1071 1925 ἱστορία,
1100 1869 1156 1918 ὥς
1182 1867 1240 1911 ἔνι
1259 1869 1460 1924 μάλιστα,
1487 1869 1592 1924 μετὰ
1619 1873 1695 1914 τοῦ
1707 1876 1759 1915 25

357 1954 390 1986 3.
418 1944 624 1997 πομπηρόν
647 1952 776 1996 vulgo,
800 1957 997 1986 correctum
1025 1963 1070 1985 ex
1083 1953 1122 1985 A.

269 2024 439 2057 historiae
475 2024 629 2056 alienam
668 2035 744 2056 esse
772 2030 918 2058 censent
953 2031 989 2058 et
1011 2026 1300 2070 perspicuitatem
1323 2026 1475 2059 maxime
1500 2031 1632 2070 gratam
1657 2032 1694 2061 et

269 2075 405 2113 aptum,
450 2070 617 2114 equidem
656 2070 740 2102 huie
774 2083 918 2116 qnoque
954 2072 1079 2104 virtuti
1104 2083 1246 2116 operam
1273 2072 1379 2113 dedi,
1406 2073 1546 2105 evitatis
1573 2073 1691 2106 verbis

269 2117 441 2149 affectatis
478 2117 637 2148 obscuris
673 2117 910 2160 confragosis,
941 2118 1007 2149 etsi
1031 2118 1156 2161 vulgus
1182 2119 1225 2150 iis
1253 2118 1356 2151 avide
1381 2118 1519 2150 inhiare
1542 2130 1615 2152 non
1639 2120 1691 2163 ig-

270 2173 369 2201 noro,
393 2162 588 2206 relictaque
614 2167 650 2194 et
673 2164 865 2207 superioris
891 2169 927 2195 et
955 2169 1096 2198 nostrae
1121 2165 1247 2197 aetatis
1271 2165 1529 2197 consuetudine
1553 2177 1691 2198 summo

269 2207 388 2239 studio
416 2209 453 2240 iu
477 2209 520 2243 iis
548 2208 741 2241 elaborare.
765 2220 830 2241 nos
865 2220 947 2241 vero
975 2210 1080 2253 longo
1106 2215 1265 2254 tempore
1299 2212 1336 2243 iu
1363 2210 1400 2243 id
1424 2222 1567 2255 operam
1588 2211 1692 2246 dedi-

269 2265 366 2294 mus,
402 2260 442 2287 ut
478 2254 635 2287 dictione
662 2255 746 2290 huic
769 2255 999 2299 scriptionum
1027 2257 1147 2299 generi
1172 2257 1404 2290 conveniente
1430 2257 1593 2291 adhibita
1618 2270 1691 2292 non

269 2305 367 2331 extra
390 2300 522 2335 limites
557 2312 792 2344 evagaremur.
832 2302 1003 2346 quicquid
1038 2303 1131 2334 enim
1146 2328 1155 2343 ,
1179 2309 1219 2336 ut
1238 2303 1330 2346 dixi,
1354 2315 1426 2336 non
1453 2310 1613 2348 apertum
1638 2311 1693 2339 est

269 2351 378 2390 atque
403 2347 441 2378 in
477 2353 642 2391 promptu
683 2348 858 2392 positum,
895 2347 1045 2381 historia
1071 2349 1316 2382 abominatur:
1345 2351 1517 2394 quicquid
1541 2351 1691 2395 simplex

269 2397 306 2426 et
332 2393 494 2426 naturale
519 2399 572 2426 est
600 2398 636 2425 et
658 2393 919 2437 intelligentiae
944 2395 1106 2435 obvium,
1131 2396 1287 2430 libenter
1311 2396 1478 2429 admittit.
1503 2408 1585 2429 nam
1610 2409 1691 2430 cum

269 2437 315 2472 ad
354 2439 539 2474 veritatem
571 2445 740 2484 tanquam
776 2440 918 2477 unicum
955 2452 1099 2485 scopum
1125 2442 1303 2483 collimet‚
1331 2448 1439 2488 atque
1466 2443 1510 2476 ab
1536 2444 1691 2476 oratoria

269 2483 466 2518 calliditate
505 2491 541 2518 et
567 2487 717 2530 poeticis
759 2486 890 2519 fabulis
918 2498 1024 2530 quam
1052 2488 1286 2522 remotissima
1309 2490 1371 2529 sit,
1401 2489 1507 2522 etiam
1532 2501 1552 2522 a
1575 2489 1689 2522 forma

270 2529 415 2563 dicendi
438 2531 482 2564 iis
499 2532 728 2565 facultatibus
745 2534 890 2578 proprIa
914 2533 1091 2567 abhorret.
1117 2535 1275 2579 quamvis
1292 2541 1411 2567 autem
1433 2535 1585 2569 multum
1611 2547 1690 2580 gra-

266 2576 387 2609 vitatis
414 2582 451 2610 et
475 2578 694 2611 reverentiae
716 2578 900 2612 historiam
926 2580 1132 2621 comitetur,
1157 2585 1277 2614 tamen
1300 2582 1384 2625 quia
1407 2581 1465 2615 vel
1488 2582 1690 2626 opificibus,

266 2622 443 2657 militibus
470 2629 506 2656 et
530 2624 749 2657 mulierculis
773 2626 903 2666 etiam,
927 2631 1013 2658 nota
1041 2637 1116 2660 esse
1141 2627 1250 2671 cupit,
1274 2627 1435 2660 formulis
1459 2628 1689 2672 elegantiori-

266 2667 335 2700 bus
361 2668 558 2702 delectatur
576 2696 586 2711 ‚
610 2676 816 2716 vestemque
850 2676 945 2705 amat
967 2683 1039 2705 non
1074 2684 1158 2706 sane
1180 2673 1397 2706 luxuriosam
1425 2678 1462 2706 ct
1488 2674 1661 2707 exoticam
1677 2699 1687 2714 ,

267 2713 330 2746 sed
354 2715 549 2760 simplicem
582 2722 619 2750 et
650 2717 835 2760 mundam3
870 2729 937 2750 nec
958 2719 1211 2763 perspicuitate
1237 2724 1274 2752 et
1293 2720 1469 2753 brevitate
1495 2721 1686 2765 quicquam

267 2759 377 2796 habet
412 2762 605 2809 antiquius.
634 2764 765 2809 quibus
790 2763 835 2801 de
861 2765 975 2799 causis
1010 2766 1148 2800 veniam
1184 2777 1202 2799 a
1236 2766 1430 2801 lectoribus
1461 2767 1685 2812 impetratam
