1878 3230
414 209 486 250 mz
523 203 845 248 ANDssomco
884 203 1144 246 commo
1190 202 1288 245 Lm.
1330 205 1384 245 11.
1419 224 1421 228 ,
1538 181 1653 250 425

219 298 469 359 αὐτόχρημα
498 305 699 359 πονηρίαν
724 301 909 358 ἔγραφον
929 335 941 357 ‚
970 303 1074 344 κιίπί
1098 308 1183 352 τοῖς
1222 299 1360 344 ἄλλων
1398 304 1539 349 ’κακοῖς
1579 299 1693 342 οὖκΒ

218 371 441 419 ἐπαινετῶς
469 367 798 421 ἐπιδεικνύμενοι
823 368 869 410 τὸ
898 367 1177 420 μακρόθυμον
1206 374 1294 416 τοῖς
1320 366 1531 421 πάσχουσι
1556 381 1658 408 συν-

218 437 453 478 επετίθεντο
493 439 566 478 καί
590 435 734 486 αὐτοί,
767 433 838 475 καί
864 434 1140 487 ἐπεκράτυνον
1164 436 1322 487 μᾶλλον
1347 431 1400 475 τὰ
1430 434 1506 473 οὐκ
1537 433 1658 472 ἐπαι-

219 504 340 543 νετέα
369 500 524 554 ἔθιμα,
554 497 614 548 οἷς
641 498 715 553 τὴν
743 498 900 540 τούτων
935 499 1163 551 διόρθωσιν
1191 497 1350 548 ἑκόντες
1380 495 1659 550 ἐκπεριίσταν-

184 567 303 608 5το.”
356 568 470 607 ταῦτ’
502 563 674 620 εἰρηκώς
705 560 906 616 ,,ἆνδρες”
931 566 1202 618 προσεπῆγεν,
1236 565 1306 617 »οἳ
1327 566 1422 604 καθ’
1451 559 1557 615 αἷμά
1585 577 1661 615 μοι

218 633 540 689 προσῳκεάυσθε
569 628 640 670 καί
669 626 781 677 ὅσοις
807 629 831 682 ἡ
870 627 974 683 πρὸς
1003 630 1076 681 ἐμὲ
1102 631 1238 677 πίστις
1276 625 1445 671 εὔνοιαν
1472 627 1660 683 ιὲπεβροὶ-

217 699 370 750 βευσε,
402 697 476 736 καί
498 693 544 736 τό
573 693 842 749 περιεστηκὸς
872 696 917 735 δὲ
946 693 1111 747 λοιπόν,
1141 691 1235 736 ὅσον
1266 710 1311 735 τε
1353 695 1413 743 εἷς
1440 693 1662 749 γερρυσίαν

219 763 448 817 ἑγκὲκριται
475 761 548 801 καί
574 757 669 801 ὅσον
694 761 739 808 ἐς
766 757 813 801 τό
841 755 977 809 ἄλλως
996 759 1251 815 ὖπουργικόν
1274 761 1323 816 τῇ
1348 761 1540 816 βασιλείᾳ
1554 760 1662 801 Ῥω-

218 827 359 880 μαίων
389 823 754 880 ἀποκεκλήρωται,
785 823 991 866 ἀκούσατέ
1015 840 1122 878 μου,
1150 824 1366 866 α’κούσατε.
1424 826 1661 879 φθέγξομαι

161 891 299 947 ιογάρ
327 892 407 945 οὐχ
437 887 518 932 ὅσα
548 906 624 946 περ
666 889 750 946 α’ἡρ
793 888 1044 945 διαφορήσει
1073 891 1290 944 α’τέλεστα,
1325 892 1412 931 ἀλλ’
1451 887 1583 931 ὁπόσα
1622 891 1662 931 εἰ

218 956 277 1013 μή
306 955 379 999 τόν
403 955 542 998 εἰκότα
567 957 722 1011 χρόνον
748 957 814 997 ἐπ’
842 954 964 1011 ἔργον
992 955 1262 1010 ἐκβήσονται,
1289 954 1462 1007 τὸνμὲν
1491 953 1538 996 τό
1569 960 1710 995 noc-v.
1735 961 1796 1007 ¹73

217 1025 335 1079 ητέον
362 1023 438 1076 ἐμὲ
468 1020 810 1075 διακελευόμενον
833 1023 879 1063 ἐκ
902 1021 1090 1076 μὴνωσιν
1116 1023 1175 1070 εἰς
1203 1018 1350 1076 ὀργήν,
1378 1021 1403 1075 ἦ
1433 1021 1479 1062 δὲ
1507 1018 1659 1075 βαρεῖά

218 1104 284 1138 τις
312 1090 386 1130 καί
415 1088 691 1138 δυσύποιστος
719 1086 970 1142 ἑπενσκήψει
1006 1092 1094 1137 τοῖς
1135 1086 1250 1140 παρὰ
1277 1087 1328 1128 τὰ
1358 1088 1701 1141 διατεταγμέναο

218 1170 291 1207 μοι
319 1152 544 1210 πράττουσι
572 1155 645 1196 καί
671 1155 859 1208 α’ρχικῶν
899 1155 973 1195 οὐκ
1009 1153 1310 1205 ἐμπαζομένοις
1350 1150 1456 1202 ὅλως
1496 1154 1663 1208 φωνῶν.

161 1217 357 1274 ι5χρεών
381 1222 460 1272 μὲν
487 1215 562 1261 οὖν
579 1219 653 1260 καί
669 1214 802 1261 τᾶλλα
831 1219 884 1260 τὰ
913 1220 1163 1274 κοινοβλαβῆ
1190 1217 1263 1259 καί
1287 1215 1662 1274 κηρεσιφόραῬω·

217 1285 359 1338 μαίοις
375 1285 638 1338 παύσασθαι,
667 1284 739 1326 καί
757 1283 942 1326 ἔστωσαν
967 1282 1120 1334 εἰδότες
1151 1284 1189 1325 οἱ
1216 1282 1288 1326 τόν
1310 1285 1551 1338 πλεονέκτην
1568 1285 1662 1336 βίον

218 1348 546 1403 μεταδιώκοντες
575 1351 631 1400 ὦς
652 1350 692 1392 εἷ
705 1349 763 1405 μή
791 1348 985 1404 λήξουσιν
1013 1347 1228 1392 ἐθελονταί
1245 1352 1317 1404 τῆς
1334 1352 1416 1391 τῶν
1434 1348 1662 1403 ἀλλοτρίων

219 1417 428 1472 ἐφέσεως,
459 1418 531 1458 καί
554 1414 607 1458 τὰ
638 1416 766 1458 οἰκεῖα
794 1418 1159 1469 προσαπολέσουσι
1199 1418 1271 1457 καί
1297 1421 1385 1463 τοῖς
1419 1417 1501 1456 τῶν
1535 1414 1661 1468 πενή-

219 1498 301 1524 των
326 1481 698 1538 ἐκφυσηθήσονται
725 1487 965 1535 στεναγμοῖς
1010 1476 1148 1537 ὥσπερ
1192 1482 1237 1523 ἐν
1279 1481 1448 1537 σφοδρᾷ
1488 1481 1663 1521 λαίλαπι

158 1564 210 1590 20
219 1551 327 1602 χοῦς
356 1547 438 1588 α’πό
481 1546 706 1601 προσώπου
751 1548 826 1601 γῆς
865 1548 1149 1600 ἐκριπίζεται,
1191 1544 1377 1599 μάλιστα
1416 1548 1461 1588 δὲ
1499 1545 1543 1588 τὸ
1571 1553 1665 1594 ταῖς

222 1615 374 1656 ναυσίν
406 1615 671 1656 ἐπιτίθεσθαι
698 1616 772 1655 καί
795 1612 1041 1668 διαρπάζειν
1067 1611 1166 1662 τούς
1200 1610 1410 1668 φόρτους,
1447 1613 1579 1653 ἐνίοτε
1617 1613 1665 1652 δὲ

223 1678 297 1720 καί
327 1678 463 1727 αὐτὰς
501 1680 853 1732 κατατεμαχίζειν
892 1679 964 1720 καί
1002 1678 1292 1734 οἷπογομφοῦν.
1349 1675 1395 1719 εἴ
1425 1693 1487 1725 τις
1525 1677 1664 1719 τοίνυν

223 1744 345 1797 ὑμῶν
373 1740 511 1798 ἀρχὴν
539 1745 584 1785 ἐκ
612 1746 689 1785 τοῦ
716 1743 917 1798 ἡμετέρου
944 1742 1124 1799 κράτους
1145 1745 1326 1796 χειρίζει
1353 1738 1380 1797 ἢ
1407 1740 1451 1783 εἴ
1480 1758 1542 1791 τις
1573 1744 1664 1783 α’κι-

223 1810 356 1865 νὴτων
383 1809 602 1864 παραλίων
629 1807 796 1865 κύριος,
830 1807 1122 1865 καταρτισάτω
1154 1806 1352 1864 πρότερον
1379 1804 1542 1861 ἑαυτόν,
1568 1805 1704 1854 εἷται)

316 1931 348 1954 a.
373 1919 647 1974 ἐνδεικνύμενοι
670 1921 710 1954 A.
834 1922 868 1955 3.
894 1917 972 1967 οὐκ]
996 1914 1047 1966 μὴ
1072 1920 1111 1954 Α.
1219 1922 1241 1955 8
1279 1917 1328 1966 ἐς]
1353 1913 1451 1964 πρὸς
1471 1919 1512 1954 Δ.
1606 1930 1663 1954 20.

312 1979 428 2014 χνους
450 1968 488 2001 Β.
582 1978 638 2000 21.
665 1966 843 2015 φόρτους]
870 1967 1013 2014 γάμους
1034 1968 1072 2002 Β.
1182 1968 1238 2001 23.
1263 1964 1283 2009 ἢ
1305 1977 1364 1999 om
1386 1966 1500 2000 APW.

223 2080 394 2122 videtur,
427 2079 523 2113 nihil
553 2080 625 2113 nisi
649 2080 825 2113 malitiam
859 2079 1101 2124 scripserunt,
1131 2083 1169 2112 et
1191 2078 1230 2111 in
1254 2078 1383 2111 alienis
1409 2077 1514 2110 malis
1540 2083 1665 2111 contra

225 2139 333 2173 quam
358 2127 463 2160 decet
486 2126 667 2172 patientes
682 2152 692 2168 ‚
716 2127 865 2160 afflictos
898 2126 968 2171 ipsi
993 2136 1138 2171 quoque
1164 2130 1249 2158 sunt
1271 2125 1448 2165 insectati,
1474 2123 1558 2157 (lum
1583 2135 1667 2169 pra-

223 2185 286 2207 vos
308 2184 425 2207 mores
449 2184 522 2206 non
546 2173 756 2218 corrigendo
781 2173 1067 2206 confirmarunt.’'
1093 2183 1186 2217 quae
1210 2184 1291 2205 cum
1314 2171 1484 2212 dixisset,
1510 2171 1668 2205 subiecit

223 2221 316 2262 „viri
331 2246 340 2261 ,
365 2221 428 2265 qui
453 2220 624 2264 sauguine
648 2220 738 2252 mihi
762 2220 876 2253 iuncti
901 2225 963 2252 aut
988 2218 1060 2252 fide
1078 2224 1198 2252 vestra
1231 2230 1347 2251 meam
1374 2217 1666 2251 benevolentiam

225 2268 408 2301 consecuti
433 2267 528 2307 estis,
553 2272 590 2300 et
613 2267 752 2311 reliqua
778 2267 1008 2299 circumstans
1033 2276 1176 2306 corona,
1200 2266 1274 2298 sive
1297 2265 1336 2297 in
1359 2270 1521 2297 senatum
1538 2265 1668 2298 asscri-

225 2319 288 2359 pta
313 2313 388 2347 sive
407 2313 488 2346 aliis
512 2314 653 2358 imperii
682 2314 891 2346 muneribus
919 2313 1118 2353 destinata,
1147 2311 1282 2353 audite,
1297 2311 1422 2344 audite
1444 2322 1512 2344 me.
1538 2312 1667 2356 loquar

228 2361 323 2393 enim
347 2372 421 2394 non
445 2371 487 2393 ea
511 2371 604 2405 quae
630 2364 692 2393 aiii·
716 2360 847 2393 frustra
872 2359 1035 2404 dissipet,
1062 2358 1126 2392 sed
1152 2370 1194 2391 ea
1220 2369 1313 2404 quae
1337 2358 1407 2391 nisi
1435 2369 1500 2391 suo
1525 2363 1668 2402 tempo-

227 2417 267 2439 re
289 2407 368 2451 ipsa
407 2417 445 2440 re
469 2406 716 2451 apparebunt,
743 2417 800 2439 me
833 2406 943 2439 edicti
967 2411 1147 2439 auctorem
1175 2406 1271 2450 gravi
1292 2406 1344 2438 ira
1371 2406 1666 2438 commovebunt:

229 2462 271 2485 ea
295 2463 377 2486 vero
403 2453 492 2486 acris
518 2459 555 2486 et
577 2453 820 2486 intolerabilis
846 2453 884 2485 in
910 2463 970 2485 eos
999 2453 1199 2493 desaeviet,
1227 2453 1291 2497 qui
1315 2452 1412 2485 dicto
1438 2452 1666 2496 magistratus

227 2509 302 2532 non
328 2499 515 2533 audientes
550 2511 651 2532 secus
691 2511 732 2532 ac
763 2500 852 2532 iussi
888 2499 1050 2532 fecerint.
1090 2510 1170 2531 cum
1195 2505 1316 2532 autem
1341 2499 1412 2531 alia
1440 2509 1586 2543 quoque
1612 2497 1665 2529 rei

227 2544 396 2590 publicae
428 2546 734 2579 incommodantia
768 2552 805 2579 et
829 2546 969 2578 cladem
1002 2546 1170 2579 Romanis
1203 2546 1435 2590 importantia
1461 2542 1666 2587 abroganda

229 2592 324 2632 sint,
363 2590 525 2625 homines
560 2604 604 2626 ex
635 2598 737 2637 rapto
770 2593 888 2626 vivere
925 2593 1025 2625 soliti
1061 2593 1223 2633 sciunto,
1253 2593 1326 2625 nisi
1366 2592 1463 2624 ultro
1494 2596 1665 2634 appetere

228 2637 350 2670 aliena
376 2637 569 2678 desierint,
593 2639 701 2672 etiam
725 2651 790 2672 sua
825 2639 1017 2672 amissuros
1044 2644 1082 2672 et
1103 2650 1302 2684 pauperum
1324 2638 1486 2681 suspiriis
1510 2647 1584 2668 non
1608 2646 1668 2667 se-

229 2695 293 2717 cus
330 2683 484 2716 eiectum
522 2685 566 2717 iri
606 2697 713 2730 quam
749 2686 868 2730 pulvis
904 2697 924 2718 a
960 2685 1167 2719 vehementi
1194 2685 1340 2718 turbine
1365 2684 1578 2728 dissipatur,
1603 2692 1666 2714 eos

229 2730 442 2775 praesertim
467 2731 528 2774 qui
554 2732 749 2775 naufragiis
769 2732 988 2765 insidiantur
1012 2738 1049 2765 et
1065 2733 1220 2765 sarcinas
1246 2732 1423 2775 diripiunt
1439 2735 1476 2762 et
1499 2728 1667 2772 aliquan-

230 2777 277 2810 do
307 2777 402 2822 ipsas
427 2787 534 2810 naves
574 2776 754 2811 dissecant
776 2783 813 2812 et
829 2779 1087 2814 comminuunt.
1117 2779 1148 2812 si
1176 2778 1255 2823 quis
1283 2781 1440 2811 vestrum
1463 2774 1573 2819 igitur
1599 2785 1666 2808 uo-
