1878 3230
309 157 417 229 768
743 171 967 212 menne
1005 170 1312 212 CHONJATAE
1345 206 1349 211 .

172 273 291 322 V.3o7
305 269 410 324 πρὸς
429 270 505 311 τοῦ
534 265 624 310 τότε
651 269 831 321 Περσῶν
857 267 1171 320 βασιλεύοντος,
1209 266 1266 314 ὥς
1284 261 1335 308 ἂν
1361 265 1434 315 τὰς
1462 267 1533 308 ὑπ’
1569 269 1722 311 ἐκεῖνον

304 335 573 386 ἐπισκέψαιτο
605 331 744 380 πόλεις
769 334 902 382 κακῶς
922 329 1167 386 πασχούσας
1194 330 1384 389 νοσηλεία
1404 329 1606 386 σώματος,
1632 330 1723 376 οὔδ’

306 398 447 453 ἄκροις
484 398 564 440 uiui
590 397 668 446 τὰς
700 398 954 451 ὑπερόγκους
1000 397 1246 450 ὑποσχέσεις
1288 397 1457 451 ἦνέξατο
1496 398 1722 452 δέξασθαι,

181 475 292 520 P.373
306 464 441 518 ἔρρειν
468 466 539 504 καί
574 461 766 515 οἰμώζειν
804 461 900 517 τούς
936 459 1180 517 βαρβάρους
1218 460 1370 517 α’φείς,
1420 463 1507 510 πῶς
1548 458 1599 504 ἂν
1637 460 1724 518 εἴην

305 527 384 583 ἐγώ
414 527 457 570 τὸ
487 531 698 582 βέλτιστον
724 530 891 581 χρῆμα,
920 526 993 581 τήν
1020 526 1225 579 ἱστορίαν,
1259 529 1330 567 καί
1358 525 1574 568 κάλλιστον
1602 522 1760 582 εὕρῃ-5

301 612 361 647 μα
392 597 471 636 τῶν
492 592 689 647 Ἑλλήνων
718 596 994 647 βαρβαρικαῖς
1033 594 1127 633 καθ’
1153 589 1352 646 Ἑλλήνων
1390 589 1559 644 πράξεσι
1599 607 1726 646 >gapt-

303 659 494 712 ζόμενοςς
525 660 612 700 ἀλλ’
639 652 753 700 οὗτοι
778 661 858 711 μὲν
884 655 987 699 κατὰ
1015 655 1087 698 τὸν
1115 657 1380 710 ἐμπρήσαντα
1406 655 1476 698 τὸν
1502 659 1546 698 ἐν
1570 656 1724 714 Ἐφέσῳ
1779 698 1785 701 ,

299 724 402 767 ναὸν
437 726 510 778 τῆς
552 724 792 778 Ἀρτέμιδος
831 724 1091 776 οἰχέσθωσαν
1136 718 1278 763 &torol
1312 737 1358 763 τε
1402 724 1472 763 καί
1517 715 1693 763 ἇπυστοι
1710 753 1723 773 ,

298 792 406 844 μηδὲ
434 787 724 844 προσρήματος
750 791 850 842 γοῦν
879 786 990 836 τινὸς
1018 787 1091 843 ὑφ’
1116 783 1235 841 ἡμῶν
1263 785 1492 839 ἀξιούμενοι
1508 819 1520 839 ,
1559 789 1639 836 ἕως
1674 781 1726 828 οὗ

299 858 502 910 παρέλθοι
530 854 556 909 ἡ
589 854 741 907 ἀνομία
767 852 871 895 κάπὶ
896 858 983 902 τοῖς
1012 851 1177 900 δούλοις
1204 847 1342 893 αύτοῦ
1367 850 1414 894 τό
1442 855 1558 895 θεῖον
1589 868 1724 907 παρα·
1741 869 1788 898 ιο

299 919 566 975 κληθήσεται.
622 920 675 960 ου’
701 918 781 973 γάρ
813 919 936 971 ἐστιν,
964 919 1041 958 οὐκ
1067 915 1177 958 ἔστιν
1205 916 1228 957 ὅ
1256 915 1352 966 θεὸς
1379 917 1497 971 ἡμῶν
1526 918 1585 967 εἰς
1609 918 1725 966 τέλος

299 984 618 1040 έπιληθόμενος,
645 977 673 1038 ἢ
699 985 885 1036 συνέχων
912 983 956 1024 ἐν
981 983 1034 1038 τῇ
1061 980 1163 1038 ὀργῇ
1191 978 1324 1023 αὐτοῦ
1354 980 1453 1031 τούς
1487 980 1725 1037 οἰκτιρμούς

301 1049 428 1092 αὐτοῦ
454 1051 562 1104 μηδὲ
588 1047 828 1103 προστιθείς
856 1049 931 1089 τοῦ
968 1047 1191 1101 εύδοκῆσαι
1222 1044 1314 1100 ἔτι,
1355 1046 1462 1088 α’λλὰ
1501 1047 1724 1090 πατάσσων

298 1115 417 1157 ι’ἆται
445 1114 518 1156 καί
542 1115 735 1156 θανατῶν
755 1114 1016 1168 ἐπιστρέφων
1044 1114 1249 1164 ζωοποιεῖ.
1303 1109 1354 1155 ἂν
1378 1112 1548 1162 ὀδόντας
1564 1115 1726 1168 θηρίων

259 1182 557 1236 Βέπαποστελῇ
575 1177 681 1232 μετὰ
711 1181 789 1220 τοῦ
807 1180 948 1231 θυμοῦ
974 1175 1185 1232 συρόντων
1212 1179 1283 1220 ἐπὶ
1305 1172 1378 1232 τῆς
1401 1181 1486 1233 γῆς,
1516 1178 1623 1220 ἀλλά
1652 1180 1726 1220 καί
1741 1182 1788 1223 15

294 1244 369 1294 τοὶς
385 1245 520 1297 μύλας
543 1246 629 1286 τῶν
656 1245 832 1286 λεόντων
860 1245 1020 1299 συνθλᾷ
1046 1245 1120 1285 καί
1135 1241 1207 1297 τήν
1225 1243 1411 1299 κεφαλήν
1425 1246 1633 1299 συντρίβει
1653 1245 1725 1286 τοῦ

297 1313 536 1365 δράκοντος.
594 1305 646 1351 ἂν
673 1310 730 1358 ὥς
771 1309 957 1361 κάλαμον
985 1309 1276 1365 ὃιαθλᾷ,·καί
1313 1314 1398 1357 τοῖς
1437 1311 1601 1363 θηρίοις
1645 1309 1724 1350 τοῦ

296 1375 486 1428 καλάμου
511 1378 696 1432 ἐπιτιμᾷ.
753 1370 805 1416 ἂν
827 1369 942 1415 οὗτοι
970 1375 1014 1415 ἐν
1038 1371 1199 1427 ἅρμασι
1226 1376 1298 1415 καί
1328 1368 1445 1415 οὗτοι
1473 1375 1516 1416 ἐν
1552 1373 1690 1422 ἵπποις
1709 1406 1723 1425 ,

297 1438 402 1483 ἄλλα
428 1439 591 1495 ψευδὴς
617 1442 739 1488 ἵππος
766 1439 824 1487 εἷς
857 1440 1090 1493 σωτηρίαν,
1129 1439 1226 1479 ου’δὲ
1255 1440 1299 1480 έν
1325 1445 1415 1487 ταῖς
1452 1437 1625 1493 κνήμαις
1651 1440 1724 1480 τοῦ

298 1505 453 1560 α’νδρὸς
481 1507 653 1548 εὐδοκεῖ.
707 1506 747 1546 εἷ
772 1504 954 1544 δείκνυσι
981 1503 1035 1559 τῷ
1065 1501 1197 1560 οἰκείῳ
1224 1505 1311 1560 λαῷ
1338 1502 1492 1558 σκληρὰ
1523 1503 1594 1545 καί
1618 1500 1723 1546 οἶνον
1735 1521 1786 1548 20

297 1573 461 1627 κίρνησι
486 1570 769 1621 κατανύξεως,
813 1568 903 1609 ἀλλ’
930 1565 1141 1620 ἑτοιμάζει
1168 1567 1241 1609 καί
1283 1567 1494 1622 τράπεζαν
1530 1571 1574 1619 ἐξ
1607 1570 1725 1611 ἐναν-

296 1639 386 1685 τίας
412 1639 492 1678 τῶν
525 1636 786 1688 θλιβόντων,
812 1632 884 1674 καί
923 1632 1124 1687 προτείνει
1167 1630 1360 1687 ποτήριον
1406 1634 1724 1689 φιλανθρωπίας

297 1704 451 1758 πλῆρες
479 1703 553 1743 καί
579 1698 814 1755 ἱλαρότητος
844 1700 917 1739 καί
941 1694 1149 1751 μεθύσκον
1179 1698 1235 1748 ὥς
1272 1697 1497 1754 κράτιστον.
1554 1700 1594 1741 εἰ
1627 1697 1724 1748 τούς

389 1814 422 1848 3.
448 1811 584 1858 ἔρρειν]
612 1811 846 1854 φθείρεσθαι
866 1809 930 1842 καὶ
953 1807 1133 1849 θνήσκειν
1158 1809 1194 1842 Β.
1338 1809 1386 1843 13.
1412 1809 1493 1857 τοῦ]
1517 1810 1587 1844 τοῦ
1607 1808 1659 1857 μὴ
1683 1811 1720 1844 Β.

391 1859 442 1904 14.
469 1856 626 1905 έπιστρ]
655 1857 874 1902 ἐπιστρέφει
899 1857 962 1888 καὶ
990 1855 1027 1888 Β.

298 1973 389 2013 (lam,
414 1971 452 2004 in
478 1969 608 2016 quibus
632 1980 705 2002 non
727 1969 877 2001 vincunt
902 1967 1038 2000 Graeci.
1064 1978 1144 2000 nam
1170 1967 1198 2000 si
1225 1966 1316 2000 Cous
1335 1966 1573 2012 Hippocrates
1602 1978 1621 2000 a
1636 1978 1718 2012 rege

296 2021 477 2053 Persarum
502 2027 627 2060 magna
654 2016 806 2060 pecunia
827 2015 1036 2054 accersitus,
1063 2019 1103 2047 ut
1128 2014 1225 2046 illius
1250 2013 1355 2046 urbes
1378 2014 1587 2058 pestilentia
1614 2014 1719 2058 laho-

298 2071 416 2098 rantes
452 2069 612 2104 sanaret,
639 2062 832 2106 magnificis
864 2061 938 2093 illis
972 2060 1297 2104 pollicitationibus
1332 2060 1525 2105 repudiatis
1562 2066 1722 2093 conte-m-

296 2112 370 2157 psit
401 2110 626 2149 lmrbnricos,
659 2120 721 2141 cur
749 2119 812 2152 ego
841 2118 912 2140 rem
942 2107 1131 2151 optimam,
1155 2106 1361 2146 historiam,
1386 2112 1422 2139 et
1445 2106 1720 2151 pulcherrimum

298 2158 511 2190 Graecorum
537 2156 719 2188 inventum
738 2179 747 2194 ,
772 2153 876 2187 rebus
901 2153 1133 2186 barbarorum
1162 2158 1283 2186 contra
1307 2153 1460 2186 Graecos
1493 2153 1599 2197 gestis
1636 2164 1720 2185 con-

298 2203 495 2236 donarem?
523 2202 592 2234 imo
618 2202 699 2241 illi,
724 2206 766 2233 ut
787 2202 817 2234 is
855 2200 918 2245 qui
952 2199 1126 2244 Ephesiae
1160 2199 1296 2232 Dianae
1333 2199 1503 2244 templum
1535 2198 1720 2240 incendit,

295 2254 446 2294 pereant
468 2248 581 2292 ignoti
620 2253 656 2280 et
681 2247 840 2288 obscuri;
875 2257 941 2278 nec
973 2246 1049 2278 ullo
1087 2245 1196 2278 verbo
1235 2246 1422 2290 quisquam
1459 2249 1618 2277 nostrum
1659 2256 1720 2278 eos

297 2296 483 2339 dignetur,
511 2293 625 2326 donec
648 2293 832 2326 transierit
855 2292 1027 2337 iniquitas
1066 2297 1103 2324 et
1139 2291 1225 2325 deus
1258 2302 1378 2324 servos
1412 2301 1492 2324 suos
1527 2292 1722 2324 clementer

296 2341 503 2386 respexerit.
529 2350 602 2371 non
624 2340 737 2379 enim,
765 2350 838 2371 non
865 2339 958 2370 enim
984 2338 1072 2371 deus
1095 2344 1217 2370 noster
1241 2338 1271 2370 is
1296 2342 1350 2370 est
1377 2337 1439 2381 qui
1460 2337 1573 2369 nostri
1591 2348 1721 2382 perpe-

295 2394 359 2422 tuo
387 2386 632 2425 obliviscatur,
657 2391 719 2418 aut
745 2386 783 2417 in
811 2385 863 2416 ira
887 2396 950 2417 sua
972 2383 1251 2417 misericordiam
1274 2394 1347 2416 non
1368 2383 1634 2427 complectatur,
1658 2389 1720 2418 aut

296 2432 570 2467 beneficentiam
591 2442 731 2463 omnem
757 2432 794 2462 in
819 2435 999 2474 posterum
1025 2430 1185 2474 deneget.
1211 2429 1274 2462 sed
1301 2441 1378 2462 cum
1405 2430 1569 2474 percutit,
1594 2429 1719 2462 mede-

297 2486 377 2520 tur,
404 2491 482 2512 cum
507 2477 658 2517 occidit,
691 2477 729 2510 in
755 2477 863 2509 vitam
890 2477 1050 2518 reducit3
1090 2487 1168 2508 cum
1192 2476 1345 2508 ferarum
1372 2475 1496 2509 dentes
1535 2476 1718 2517 immittit,

299 2527 363 2572 qui
387 2537 465 2558 cum
491 2524 590 2557 rabie
614 2529 729 2556 terrae
753 2523 927 2565 affligant,
962 2528 999 2555 at
1022 2522 1166 2554 leonum
1198 2532 1343 2566 quoque
1367 2523 1527 2554 maxillas
1561 2522 1719 2555 confrin-

299 2574 350 2616 git
372 2578 408 2605 et
433 2575 538 2616 caput
565 2569 726 2602 draconis
751 2568 914 2601 conterit.
938 2569 967 2601 si
995 2573 1035 2600 ut
1061 2568 1232 2600 calamum
1259 2569 1486 2608 comminuit,
1522 2573 1558 2600 at
1582 2568 1716 2602 bestias

300 2620 407 2652 etiam
443 2618 488 2650 ob
522 2617 692 2650 calamum
725 2616 903 2659 increpat.
927 2615 955 2646 si
983 2613 1043 2646 isti
1068 2613 1228 2646 curribus
1258 2620 1293 2646 et
1317 2616 1418 2658 equis
1453 2613 1587 2655 fidunt,
1618 2620 1655 2648 at
1678 2615 1715 2647 in

300 2676 394 2710 equo
423 2669 518 2697 certa
547 2663 640 2696 salus
663 2673 735 2695 non
761 2666 836 2700 est,
866 2671 982 2704 neque
1008 2660 1094 2693 deus
1128 2661 1193 2692 viri
1217 2660 1316 2693 tibiis
1341 2660 1548 2694 delectatur.
1585 2661 1614 2692 si
1650 2672 1716 2704 po-

299 2711 424 2756 pulum
448 2721 550 2745 suum
577 2709 710 2742 duriter
742 2712 868 2741 tractat
904 2707 1010 2751 eique
1033 2707 1153 2742 vinum
1188 2707 1468 2752 compunctionis
1496 2707 1639 2747 miscet,
1678 2711 1715 2740 at
