1838 3210
600 208 870 250 IOHANNFS
907 207 1210 250 COMNENUS·
1562 205 1580 240 1
1603 205 1620 240 1

195 309 359 364 σώματι
397 309 651 362 καταβοᾶται
689 307 893 359 λαμπρῶς
929 308 1004 348 τοῦ
1041 304 1174 359 υἱέος,
1212 303 1270 354 ὥς
1296 303 1422 359 κρήνη
1449 303 1629 358 μελάνυ-

196 377 296 430 δρος
323 374 377 416 τά
406 372 568 429 δάκρυα
593 373 769 425 χέουσα,
801 369 912 420 ὅπως
941 371 1072 412 αὐτοῦ
1096 376 1181 420 τοῖς
1211 372 1339 422 ζῶσιν
1365 368 1426 412 ἔτι
1456 385 1627 412 συντατ-
1639 381 1716 415 v.5

194 442 374 494 τομένου
403 437 479 494 τὴν
503 436 719 492 βασιλείαν
745 430 864 486 οὗτος
889 436 1108 487 κλωπεύει,
1140 436 1200 485 εἰς
1225 435 1327 490 ἔργα
1344 437 1508 490 βλέψας
1531 433 1631 476 νεώ-

198 522 315 562 τερα.
369 503 391 547 ὅ
430 505 478 546 δὲ
522 503 645 544 ου’δέν
671 517 714 543 τι
750 499 855 557 πρὸς
885 499 936 544 τὰ
966 498 1166 555 λεγόμενα
1191 500 1463 556 ἀπεκρίνατο,
1492 494 1633 548 ἄλλοις

163 568 509 627 ὄκαιριωτέροις,
552 563 620 611 οἷα
660 563 789 621 εἰκός,
820 566 865 609 τὸ
888 567 959 621 τῆς
986 567 1094 620 ζωῆς
1118 566 1340 621 βραβεύων
1367 565 1635 620 λειπόμενον,

198 639 274 692 τῆς
290 651 334 678 τε
354 638 444 689 μετ’
468 635 522 675 ου’
547 631 652 675 πολύ
680 631 880 688 ἐκδημίας
906 631 1137 688 φροντίζων
1162 630 1236 674 καὶ
1254 637 1339 681 τοῖς
1365 634 1636 686 ψυχαγωγοῖς

198 702 385 756 ἀγγέλοις
413 699 550 756 ῥέπων
576 698 627 741 τοὶ
657 693 841 752 ὄμματα.
898 698 1132 752 ἐγκειμένης
1163 697 1210 738 δὲ
1227 698 1538 753 λιπαρεστέρους
1563 697 1638 749 τῆς

198 768 411 822 βασιλίδος
439 763 512 807 καὶ
532 763 592 819 μὴ
623 765 802 819 ἐνεγκεῖν
829 759 935 812 ὅλως
965 761 1146 818 ἐχούσης
1164 761 1218 804 τὰ
1242 761 1356 818 παρὰ
1387 763 1463 804 τοῦ
1487 759 1638 810 παιδὸς

198 832 419 887 γινόμενα,
446 830 588 886 βραχύ
616 847 658 873 τι
682 827 957 886 παρεμφήνας
980 827 1054 870 καί
1079 831 1357 882 βεβιασμένον
1379 828 1586 880 μειδίαμα
1614 824 1638 867 ὅ

143 899 378 949 ιοἈλέξιος
413 897 489 946 τὰς
515 902 666 952 χεῖρας
691 895 866 950 ἀνέσχεν
892 897 951 945 εἰς
978 894 1155 950 οὐρανόν
1171 926 1185 950 ,
1217 892 1318 943 ἴσως
1344 896 1424 946 μὲν
1450 893 1522 935 ἐπὶ
1550 896 1636 940 τοῖς
1649 902 1720 946 P.6

201 963 460 1021 ἆφηγηθεῖσι
496 962 718 1017 διαχυθείς
753 963 826 1003 καί
857 961 976 1003 θύων
1000 959 1106 1015 ὑπὲρ
1133 960 1295 1002 τούτων
1322 960 1409 1017 θεῷ
1435 954 1639 1012 χαριστή-

202 1045 300 1086 ρια,
338 1030 469 1072 εἰπεῖν
500 1030 547 1071 δὲ
571 1026 644 1070 καὶ
676 1028 876 1082 κέρτομον
904 1026 998 1068 καί·
1014 1025 1193 1081 σεσηρὸς
1219 1028 1272 1082 τῇ
1297 1025 1464 1079 γυναικί
1489 1021 1638 1065 ἐνιδιὸν

202 1095 261 1145 ὥς
284 1095 432 1150 λόγους
459 1091 707 1150 ἅνακινούσῃ
732 1091 831 1148 περὶ
849 1092 984 1147 α’ρχῆς
1011 1088 1082 1133 ὅτε
1108 1095 1255 1145 ψυχῆς
1280 1088 1518 1147 ἐφειστήκει
1545 1089 1639 1130 διά-

202 1177 350 1210 στασις
377 1161 423 1202 ἐκ
450 1157 745 1212 τοῦσώματος
762 1190 775 1211 ,
805 1155 834 1213 ἦ
862 1157 934 1199 καὶ
960 1157 1006 1199 τὸ
1034 1159 1150 1199 θεῖον
1176 1154 1457 1209 ἐξιλεούμενος
1483 1156 1550 1211 ἐφ’
1579 1148 1640 1203 οἷς

144 1233 283 1274 ι5που
312 1228 387 1268 καί
411 1223 661 1282 παρεσφάλη
681 1227 758 1266 τοῦ
778 1225 950 1274 δέοντος.
980 1221 1006 1278 ἦ
1031 1220 1134 1278 γυνη
1164 1224 1200 1264 δ’
1229 1216 1303 1264 οὖν
1331 1223 1376 1263 ἐκ
1403 1223 1477 1263 τοῦ
1506 1220 1641 1273 ἀναμ-

203 1294 397 1350 φιλέκτου
446 1292 613 1347 χαίρειν
660 1291 852 1346 οἷηθεῖσα
894 1289 963 1332 τὸν
1002 1285 1136 1344 ἄνδρα
1180 1290 1236 1330 δι’
1262 1285 1345 1330 ὅσα
1385 1289 1484 1341 παρ’
1511 1286 1641 1340 αὐτῆς

200 1357 425 1414 ἦνιότιστο,
472 1356 529 1406 ὥς
553 1353 634 1412 ἤδη
670 1358 753 1397 τῶν
781 1357 995 1411 προτέρων
1020 1355 1200 1396 ἐλπίδων
1227 1354 1506 1407 διεψευσμένη
1537 1367 1643 1393 παν*

202 1424 357 1467 τάπασι
383 1421 458 1464 καί
480 1424 763 1478 διασφαλεῖσα
797 1425 882 1462 τῶν
908 1418 1199 1474 ὑποσχέσεων,
1230 1421 1383 1473 βύθιον
1409 1418 1642 1469 στενάξασα

202 1488 363 1546 εἴρηκεν
400 1483 463 1543 „03
505 1483 632 1544 ἆνερ,
674 1485 748 1529 καὶ
785 1488 867 1539 ζοόν
904 1487 1122 1536 παντοίαις
1161 1487 1403 1539 μεθοδειάις
1436 1486 1608 1527 ἐκέκασο
1628 1515 1642 1536 ,

139 1572 192 1598 20
204 1551 479 1611 ἀντίφθογγον
503 1552 579 1608 την
606 1555 793 1607 γλῶτταν
821 1553 1012 1594 πλουτῶν
1037 1556 1124 1601 τοῖς
1151 1550 1331 1606 νοήμασι
1349 1583 1361 1602 ,
1392 1549 1467 1592 καὶ
1491 1551 1568 1592 νῦν
1596 1550 1644 1591 δὲ

205 1618 404 1669 ὡσαύτως
427 1621 504 1662 τοῦ
518 1620 614 1672 βίου
639 1615 1002 1670 ἀπαλλαττόμενος
1029 1613 1334 1670 ἀμεταπτώτως
1357 1615 1466 1670 ἔχεις
1482 1612 1544 1664 οἷς
1573 1613 1646 1656 καί
1656 1623 1683 1655 Β

203 1684 348 1742 προόην
375 1687 669 1741 προσέκεισο.“
738 1683 812 1725 καί
836 1687 970 1725 ταῦτα
1001 1685 1079 1736 μὲν
1107 1684 1281 1739 ἐφέρετο
1312 1685 1434 1739 τῇδε,
1472 1679 1492 1723 ὁ
1522 1683 1569 1723 δέ
1598 1696 1645 1735 γε

204 1748 391 1806 Ἰωάννης
418 1749 526 1793 κατὰ
552 1749 599 1792 τὸ
628 1753 735 1805 μέγα
776 1751 946 1804 α’ρχεῖον
973 1746 1190 1803 γενόμενος
1216 1748 1295 1802 οὔχ
1323 1743 1495 1802 εὕρισκε
1526 1746 1648 1803 ῥᾳδί-

208 1833 260 1859 αν
286 1815 360 1872 τήν
387 1815 568 1869 εἴσοδον,
594 1813 661 1859 οἶα
689 1818 774 1857 τῶν
802 1813 1000 1871 φυλάκων
1024 1811 1084 1868 μὴ
1114 1812 1220 1869 πρὸς
1246 1812 1377 1868 μόνην
1403 1809 1647 1854 ὑπενδιδόν-

145 1887 290 1928 25των
336 1881 411 1936 τήν
452 1884 528 1924 τοῦ
568 1883 789 1923 δακτυλίου
824 1880 1057 1932 ὑπόδειξιν,
1096 1878 1203 1921 ἄλλα
1233 1877 1648 1933 προσεπιζητούντων

209 1950 281 1990 καί
315 1943 416 1990 ἄλλο
443 1965 483 1990 τι
526 1947 746 2002 τεκμήριον
783 1948 858 1988 τοῦ
901 1945 1006 1988 κατὰ
1046 1947 1233 1987 κέλευσιν
1272 1942 1477 2000 πατρικὴν
1513 1944 1644 1985 ἐκεῖσε

208 2099 269 2120 um
294 2087 372 2131 ipso
399 2084 515 2118 adhuc
538 2084 729 2130 superstite
755 2095 811 2117 res
833 2095 942 2117 novas
971 2083 1179 2117 molientem
1206 2092 1353 2126 regnum
1377 2083 1553 2114 affectare.
1581 2081 1644 2114 ille

207 2144 292 2166 vero
336 2131 556 2177 gravioribus
594 2131 700 2164 rebus
735 2136 950 2175 occupatus,
986 2131 1124 2163 scilicet
1151 2130 1187 2161 in
1212 2129 1309 2161 vitae
1334 2129 1453 2169 exitu,
1481 2134 1517 2161 et
1540 2139 1646 2173 pere-

209 2180 404 2224 grinationi
429 2179 572 2211 iamiam
600 2178 749 2211 instanti
772 2178 950 2217 intentus,
975 2177 1089 2210 oculis
1108 2176 1154 2208 ad
1181 2176 1326 2219 angelos
1350 2176 1550 2208 animorum
1577 2175 1645 2207 du-

209 2238 268 2259 ces
292 2226 492 2265 conversis,
516 2224 611 2258 nihil
632 2224 678 2257 ad
708 2236 750 2258 ea
778 2223 973 2269 respondit.
1002 2224 1067 2256 illa
1093 2234 1176 2255 vero
1205 2223 1319 2255 acrius
1346 2227 1495 2266 urgente
1523 2227 1560 2255 et
1577 2222 1646 2254 filii

209 2274 304 2307 facta
340 2273 534 2317 aegerrime
577 2272 739 2312 serente,
777 2282 856 2303 cum
884 2271 1011 2314 exiguo
1042 2275 1239 2314 coactoque
1275 2269 1370 2309 risu,
1406 2268 1572 2301 manibus
1606 2269 1645 2300 in

209 2320 350 2353 caelum
368 2318 540 2358 sublatis,
578 2318 651 2351 sive
680 2329 722 2350 eo
746 2318 875 2350 nuntio
901 2317 1100 2350 delectatus
1127 2322 1164 2349 et
1191 2315 1258 2348 deo
1285 2316 1414 2359 gratias
1440 2327 1546 2359 agens
1571 2315 1646 2347 sive

210 2367 424 2399 delictorum
446 2365 586 2398 veniam
615 2376 635 2397 a
660 2364 727 2397 deo
750 2364 934 2408 flagitans,
959 2363 1060 2396 vultu
1079 2374 1204 2407 parum
1230 2361 1365 2395 blando
1391 2373 1468 2394 eam
1496 2361 1649 2405 castiga-

208 2414 263 2447 vit
280 2413 380 2458 quod
404 2412 546 2456 imperii
573 2412 841 2444 contentionem
880 2411 917 2443 in
942 2410 1099 2443 discessu
1123 2409 1231 2442 animi
1261 2420 1280 2441 a
1306 2419 1454 2453 corpore
1477 2413 1646 2441 moveret.

208 2460 338 2493 mulier
363 2460 486 2503 itaque
511 2457 610 2490 haud
634 2458 744 2491 dubie
770 2458 936 2490 maritum
962 2457 1006 2489 iis
1031 2467 1123 2501 quae
1149 2455 1307 2488 audisset
1332 2454 1550 2488 delectatum
1570 2465 1647 2487 esse

209 2512 309 2548 rata,
339 2510 380 2539 ut
402 2506 473 2538 iam
500 2505 597 2538 omni
622 2505 790 2537 frustrata
815 2514 878 2548 spe
903 2503 1116 2545 deiectaque
1139 2503 1320 2547 prioribus
1346 2502 1532 2542 consiliis,
1565 2512 1646 2533 cum

207 2564 336 2597 magno
361 2552 495 2597 gemitu
527 2551 621 2584 dixit
650 2562 697 2592 „o
719 2551 863 2591 marite,
907 2555 944 2583 et
976 2550 1097 2582 vivens
1132 2549 1298 2582 omnibus
1333 2547 1427 2582 dolis
1452 2549 1647 2581 instructus

209 2599 330 2640 suisti,
373 2597 474 2632 aliud
512 2597 631 2631 dicere
656 2597 756 2630 aliud
795 2597 928 2629 sentire
952 2596 1103 2639 solitus3
1129 2601 1166 2628 et
1187 2607 1284 2628 nunc
1314 2606 1335 2627 a
1361 2595 1435 2629 vita
1459 2593 1647 2627 discedens

208 2656 232 2677 a
259 2644 517 2679 consuetudine
542 2645 610 2678 ista
637 2656 711 2677 non
743 2642 928 2677 discedis?
952 2643 1091 2676 interea
1116 2642 1294 2676 Iohannes
1322 2641 1369 2675 ad
1391 2653 1559 2686 magnum
1582 2650 1647 2685 pa-

211 2691 335 2724 latium
360 2702 565 2736 progressus
592 2702 666 2724 non
691 2690 835 2723 facilem
859 2689 996 2722 aditum
1022 2688 1162 2730 habuit,
1188 2688 1399 2722 custodibus
1425 2699 1498 2721 non
1524 2687 1647 2720 statim

210 2737 321 2770 :mulo
349 2743 493 2771 ostenso
513 2737 836 2783 acquiescentibus,
859 2735 923 2769 sed
942 2735 1042 2769 aliud
1059 2745 1204 2781 quoque
1234 2735 1436 2768 evidentius
1459 2744 1647 2778 argumen-

212 2789 288 2818 tum
326 2784 615 2828 requirentibus,
649 2794 721 2828 quo
754 2794 791 2817 se
815 2783 925 2829 patris
963 2783 1061 2816 iussu
1098 2781 1222 2815 adesse
1259 2781 1519 2827 comprobaret.
1542 2785 1646 2826 porta
