1838 3210
234 173 344 246 276
683 184 911 226 NicETAE
963 180 1274 223 cuoNlATAss

230 289 392 341 κοσμῶν
411 285 561 339 θρόνον
576 280 645 323 καί
658 280 728 323 τὸν
742 277 1002 333 εΰαγγελικόν
1019 277 1257 330 ἀναβαίνων
1276 277 1510 331 ὀκρίβαντα,
1532 277 1552 319 ὅ
1572 282 1660 321 Βα-

229 353 400 406 σιλάκης
416 345 654 402 Νικηφόρος
680 344 755 394 τὰς
770 347 845 386 τοῦ
860 341 1039 386 Παύλου
1058 339 1333 383 ἀναπτύσσων
1350 343 1415 382 ἐπ’
1446 343 1660 399 ἐκκλησίας

216 401 537 462 ,ἐπιστολάςικαί
555 412 854 452 διαλευκαίνων
869 411 926 465 τῷ
944 411 1014 463 τῆς
1032 407 1416 461 καλλιρρημοσύνης
1435 409 1548 463 φωτί
1567 398 1661 449 {inin

229 482 310 522 τῶν
336 477 618 518 ἆποστολικῶν
643 472 807 530 ῥήσεων
847 476 897 530 τῇ
930 474 1116 529 α’σαφείᾳ
1142 472 1480 524 ὑπομελαίνονται
1508 471 1580 514 καί
1604 472 1662 531 τῷ

227 542 353 597 βάθει
381 543 456 582 τοῦ
484 538 714 592 πνεύματος
738 541 1046 594 ἐπιφρίσσουσι.
1075 538 1235 591 λέγεται
1256 537 1302 578 δὲ
1330 534 1386 585 ὥς
1404 540 1480 579 τοῦ
1506 538 1698 591 δόγμα-5

228 623 297 656 τος
327 604 474 648 τούτου
508 606 833 656 ὑποκινουμένου
870 605 944 645 καί
970 605 1028 653 εἷς
1056 602 1195 657 κοινὴν
1222 603 1532 658 ἐπικρινομένου
1562 618 1662 658 προ-

227 673 402 726 τεθῆναι
429 671 639 723 βάσανον,
680 669 844 724 ἐξώρως
886 669 1110 723 ἐκραγῆναι
1135 666 1310 722 βροντὴν
1348 668 1558 720 ἐξαισίαν,
1586 666 1662 723 ὑφ’

181 731 272 791 Βῆς
304 737 376 777 καί
404 736 764 791 περικτυπηθῆναι
791 731 867 783 τὰς
893 733 1020 782 ἀκοάς
1047 730 1094 774 τό
1122 731 1250 774 συνὸν
1280 728 1393 774 ἅπαν
1416 733 1472 788 τῷ
1497 736 1671 786 βασιλεῖ

224 799 326 844 κατὰ
351 801 616 853 Πελαγονίαν
656 799 911 854 διατρίβοντι
945 795 1057 850 τότε,
1090 797 1147 846 ὥς
1171 796 1251 839 α’πὸ
1279 799 1351 839 τοῦ
1379 798 1534 839 κτύπου
1561 802 1663 840 πολ-

96 877 134 911 V.
152 880 211 914 113
226 864 324 914 λούς
351 867 410 914 εἰς
445 867 521 919 γῆν
562 866 856 906 καταπίπτειν·
921 864 997 905 καί
1020 878 1112 905 τινα
1153 864 1236 904 τῶν
1262 861 1386 916 λόγου
1415 866 1656 919 τροφᾲιων,
1677 883 1723 909 ιο

218 930 369 973 Ἠλίαν
394 926 595 982 τοῦνομα,
621 928 695 984 τήν
725 930 855 984 τύχην
882 927 988 983 ὑπὲρ
1026 926 1125 977 τούς
1152 926 1352 981 πολλούς,
1381 931 1458 970 τοῦ
1484 932 1661 984 στρατοῦ

225 994 407 1053 φύλακα,
437 994 583 1049 βίβλον
611 992 902 1045 α’ναπτύξαντα
923 995 1020 1048 περί
1041 995 1225 1048 βροντῶν
1253 993 1327 1034 καί
1350 996 1531 1047 σεισμῶν
1556 997 1661 1047 διεξ-

224 1063 394 1113 ιοῧσαν,
436 1059 507 1102 καί
534 1059 584 1101 τά
632 1060 729 1114 περὶ
770 1057 843 1100 τόν
870 1058 1015 1113 καιρὸν
1043 1060 1195 1100 ἐκεῖνον
1223 1061 1316 1099 καθ’
1345 1057 1390 1100 ὃν
1419 1058 1661 1114 ἐβρόντησεν

223 1123 476 1177 ἐπελθόντα,
505 1123 714 1180 φάσκοντα
742 1124 877 1178 εὑρεῖν
908 1122 1064 1165 οὖτωσί
1089 1124 1271 1176 ,,πτῶσις
1299 1126 1474 1179 σοφῶν.”
1504 1125 1554 1165 οὐ
1582 1124 1660 1178 μό-

221 1206 292 1232 νον
318 1190 457 1232 τοίνυν
489 1188 526 1231 οἱ
568 1190 765 1245 ῥηθέντες
795 1185 966 1243 ἄνδρες,
1012 1190 1094 1230 τῶν
1120 1191 1341 1242 τηνικαῦτα
1374 1191 1517 1245 σοφῶν
1549 1185 1723 1240 ὄντεςιό

223 1254 263 1297 οἳ
301 1255 540 1310 κράτιστοι,
575 1255 649 1308 τῆς
684 1252 902 1308 ἐκκλησίας
941 1253 1364 1308 ἀπεσφενδονὴθησαν
1418 1254 1492 1296 καί
1526 1255 1660 1308 πάσης

220 1318 336 1373 ἱερᾶς
364 1319 594 1374 ὖπηρεσίας
621 1314 1028 1373 ἐξωστρακίσθησαν,
1060 1316 1162 1359 ἀλλὰ
1195 1316 1274 1359 σύν
1303 1320 1443 1370 αὐτοῖς
1472 1319 1546 1360 καί
1573 1319 1660 1362 ἕτε-

222 1399 291 1439 ροι
313 1386 394 1426 τῶν
429 1382 554 1438 ἱερῶν
580 1383 652 1424 καί
681 1386 808 1424 θείων
849 1382 1080 1437 περιβόλων
1107 1383 1466 1438 α’ποσηκασθέντες
1496 1382 1658 1439 ἠλάθη-

220 1465 311 1491 σαν.
367 1449 471 1501 μετὰ
499 1446 678 1501 χρόνους
709 1450 755 1489 δέ
781 1463 898 1496 τινας
939 1446 1016 1502 τὴν
1040 1447 1092 1501 „ti
1118 1445 1251 1503 πατήρ
1282 1464 1365 1501 μου
1391 1450 1549 1501 μείζων
1573 1448 1657 1502 μού

220 1516 330 1556 ἐστί’
378 1515 454 1554 τοῦ
480 1510 764 1568 θεανθρώπου
804 1511 947 1567 φωνήν
984 1515 1155 1564 προθείς
1195 1514 1254 1561 εἰς
1295 1515 1498 1566 ἐξέτασιν,
1538 1516 1721 1569 ο’λίγα2ο

94 1594 128 1627 Ρ,
147 1595 209 1630 ,33
221 1584 313 1628 ταῖς
339 1581 423 1620 τῶν
454 1580 643 1632 πατέρων
671 1577 894 1630 προσσχών
921 1576 1146 1631 ἐξηγησεσι,
1176 1579 1405 1620 καὶταῦτα
1437 1577 1658 1634 διαφόροις

221 1639 369 1692 οὔσαις
397 1642 470 1684 καί
492 1641 655 1690 ἱκαναῖς
683 1640 788 1695 πρὸς
813 1641 885 1696 τήν
904 1645 980 1684 τοῦ
1020 1644 1271 1697 ζητουμένου
1299 1643 1559 1697 παράστασιν
1587 1647 1660 1687 καὶ

219 1708 474 1763 σαφήνειαν,
499 1705 822 1762 ἐφερμηνεύσεις
854 1708 1007 1756 οἰκείας
1040 1706 1247 1762 εἰσήνεγκε
1264 1741 1277 1761 ,
1305 1712 1545 1764 φιλονείκως
1573 1712 1658 1752 τῶν

219 1771 331 1825 ἅπαξ
360 1771 564 1824 δοξάντων
604 1772 922 1828 περιεχόμενος,
967 1771 1038 1814 καί
1062 1773 1165 1828 πρὸς
1193 1772 1241 1815 τὸ
1273 1775 1419 1816 οἰκεῖον
1446 1774 1658 1818 α’νθέλκων

307 1900 341 1934 9.
367 1889 416 1926 ὥς
436 1906 483 1917 --
505 1889 755 1923 καταπίπτειν
779 1899 834 1921 om
863 1889 901 1921 A.
1027 1899 1076 1922 ιο.
1102 1888 1199 1935 λόγω
1224 1890 1264 1924 Α.
1374 1891 1424 1925 18.
1457 1891 1570 1938 ἱερῶν
1594 1893 1658 1926 καὶ

307 1947 365 1968 om
390 1937 429 1969 A.
524 1936 579 1980 24.
607 1934 807 1982 δοξάντων]
833 1934 1069 1981 δεδογμένων
1086 1935 1125 1968 Α.

217 2047 284 2068 nus
299 2034 518 2075 Euanthius,
541 2035 698 2068 Micliael
723 2035 1055 2068 Thessalonicensis
1084 2036 1325 2077 concionator,
1351 2037 1573 2082 Nicephorius
1589 2041 1656 2072 Ba-

218 2083 363 2121 siluces,
389 2082 451 2125 qui
472 2082 637 2114 Paulinus
664 2082 835 2125 epistolas
873 2081 1179 2126 interpretabatur
1203 2088 1239 2115 et
1262 2084 1398 2116 lumine
1424 2085 1655 2129 eloquentiae

218 2128 504 2172 Apostolicorum
539 2129 751 2171 scriptorum
788 2128 1043 2160 obscuritatem
1072 2129 1248 2160 altissimo
1265 2130 1392 2173 spiritu
1418 2131 1583 2164 refertam
1609 2133 1655 2165 il-

219 2173 405 2206 lustrabat.
433 2174 571 2213 ferunt,
596 2185 675 2205 cum
701 2173 790 2206 haec
815 2174 1055 2206 controversia
1088 2175 1284 2218 agitaretur
1308 2181 1344 2208 et
1366 2177 1511 2220 publice
1539 2177 1654 2211 disce-

217 2219 352 2263 ptanda
385 2225 666 2263 proponeretur,
693 2220 812 2252 alieno
846 2221 930 2252 anni
955 2226 1116 2264 tempore
1139 2221 1263 2263 ingens
1305 2222 1464 2265 erupisse
1493 2225 1652 2266 tonitru,

220 2271 257 2298 et
281 2264 426 2297 auribus
453 2276 573 2297 eorum
601 2268 758 2297 onmium
789 2267 850 2310 qui
878 2271 952 2298 tum
978 2267 1188 2309 Pelagoniae
1217 2278 1293 2298 cuni
1315 2268 1527 2311 imperatore
1553 2277 1654 2304 erant

218 2313 268 2344 ita
306 2312 509 2343 insonuisse
536 2317 575 2343 ut
605 2312 773 2343 nonnulli
815 2311 913 2343 humi
945 2312 1229 2356 prolaberentur.
1268 2318 1305 2346 et
1327 2314 1439 2346 Eliam
1473 2317 1652 2359 quendam

219 2358 400 2389 hominem
435 2356 615 2388 eruditum
654 2362 691 2389 'et
725 2357 925 2398 celebrem,
966 2364 1089 2401 aperto
1116 2359 1208 2390 libro
1237 2360 1297 2402 qui
1329 2360 1372 2392 de
1396 2361 1590 2394 tonitribus
1616 2369 1653 2396 et

218 2402 494 2436 terraemotibus
521 2403 734 2442 dissereret,
761 2408 797 2435 et
819 2403 864 2434 iis
899 2403 1000 2435 lectis
1024 2415 1116 2448 quae
1142 2405 1187 2436 ad
1210 2410 1347 2449 tenipus
1374 2406 1466 2439 illud
1492 2409 1652 2451 pertine-

218 2455 317 2490 rent,
359 2449 528 2493 scriptum
561 2449 739 2480 invenisse
777 2460 901 2488 „casus
944 2450 1178 2493 sapientuni.”
1213 2451 1337 2495 itaque
1376 2464 1447 2485 non
1489 2454 1515 2485 ii
1543 2455 1650 2488 inodo

218 2506 307 2540 quos
332 2495 507 2535 diximus,
535 2493 719 2526 doctorum
755 2494 1010 2534 eruditissimi,
1037 2497 1196 2529 ecclesiis
1220 2498 1316 2541 pulsi
1341 2503 1377 2530 et
1405 2500 1571 2533 omnibus
1595 2513 1652 2534 sa-

217 2543 284 2574 cris
312 2541 519 2574 ministeriis
539 2540 723 2573 interdicti
742 2546 835 2580 sunt,
862 2541 924 2572 sed
951 2541 1013 2573 alii
1039 2553 1183 2586 quoque
1210 2555 1279 2575 una
1297 2555 1374 2576 cum
1403 2545 1485 2578 illis.
1511 2546 1652 2591 aliquot

218 2588 319 2621 aunis
357 2592 440 2631 post
476 2587 687 2631 quaestione
723 2586 767 2618 de
794 2586 851 2618 dei
883 2586 1042 2619 hominis·
1065 2587 1161 2621 dicto
1202 2595 1327 2634 „pater
1356 2592 1470 2624 maior
1495 2598 1549 2626 est
1573 2594 1651 2626 me”

216 2634 412 2678 proposita,
437 2643 561 2677 parum
579 2633 710 2664 curatis
734 2637 873 2676 patrum
901 2633 1220 2677 explicationibus,
1265 2637 1381 2680 iisque
1408 2639 1515 2671 variis
1542 2644 1578 2672 et
1605 2640 1651 2672 ad

218 2680 480 2712 controversiae
504 2679 780 2722 explicationem
818 2684 853 2711 et
878 2677 1156 2713 declarationem
1181 2681 1460 2726 sufficientibus,
1488 2696 1568 2718 suas
1595 2686 1651 2719 in-

218 2725 492 2772 terpretationes
525 2725 670 2766 attulit,
713 2735 844 2771 easque
868 2726 1101 2771 pertinaciter
1125 2727 1307 2773 dei'endit5
1333 2735 1368 2763 et
1395 2730 1440 2764 ad
1465 2743 1563 2765 suam
1587 2743 1650 2766 vo-
