1878 3230
336 190 450 256 884
720 200 923 243 worm
962 198 1372 242 ANNo‘rArones

333 311 460 348 niatas
487 309 575 358 post
606 302 823 356 appellatos
842 343 844 346 f
864 316 945 342 esse
978 302 1048 355 qui
1075 292 1172 342 olim
1201 301 1454 342 Colossenses
1495 300 1591 343 dicti
1630 305 1757 356 fuere,

333 364 386 402 ad
414 374 513 415 quos
540 358 701 411 epistola
728 359 782 396 D.
810 358 928 397 Pauli
963 364 1100 398 exstat.

442 415 493 454 P.
526 412 618 462 246,
646 411 683 463 4.
740 413 873 452 nescio
912 412 1010 465 quid
1047 411 1124 452 hoc
1152 412 1236 452 sive
1271 425 1445 451 scomma
1486 412 1570 451 sive
1605 426 1762 464 σαρκα-

330 468 436 521 σμὸς
464 469 539 508 sibi
568 468 676 517 velit,
709 473 845 505 utrum
885 467 1014 507 rideat
1043 466 1272 506 Manuelem
1301 473 1347 505 ut
1374 472 1486 506 metu
1527 465 1762 520 pallentem}¹

331 540 381 564 an
412 539 511 563 vero
538 525 680 561 innuat
705 535 825 560 aurea
856 536 966 561 arma
998 521 1280 575 periculosiora
1323 534 1408 561 esse
1446 521 1610 574 ferreis,
1655 521 1764 576 quod

330 594 399 633 spe
425 578 593 632 praedae
622 576 757 630 plures
785 575 976 616 alliciant.

442 634 490 676 P,
522 631 616 685 247,
652 646 709 670 12.
769 631 833 669 hic
877 633 952 681 (B)
989 632 1165 684 apertius
1200 629 1412 669 consilium
1441 630 1670 670 Tui-corum
1700 630 1767 670 de-

331 690 469 738 clarat,
500 692 702 726 ostentare
731 700 795 725 eos
817 686 1000 735 voluisse,
1033 685 1187 724 nullum
1215 687 1395 724 Turcam
1426 685 1495 724 scd
1521 685 1765 726 Christianos

332 745 525 782 duntaxat
552 741 726 794 periisse,
755 742 850 794 quia
878 755 974 780 vero
996 740 1140 779 Turcis
1169 740 1319 779 addere
1344 741 1551 792 praeputia
1577 754 1660 779 non
1689 755 1767 794 po-

329 805 478 843 terant,
509 796 746 835 Cbristianis
774 809 820 834 ea
852 794 1155 846 praeciderunt3
1183 802 1222 834 et
1252 809 1356 848 quos
1379 795 1559 834 viventes
1586 809 1667 845 non
1694 809 1767 848 po-

331 859 507 903 tuerant,
538 850 748 890 defunctos
779 851 822 888 in
851 850 1004 889 Turcas
1040 849 1387 889 transformarunt
1427 851 1567 904 utique
1602 849 1767 889 ludibrii

331 922 463 947 causa.
1551 910 1553 912 ’

205 963 315 1009 P.432
440 961 488 1003 P.
520 959 613 1014 249,
647 958 706 1010 14.
779 958 879 1013 quid
914 967 1008 1000 nota
1047 959 1124 998 sibi
1169 959 1293 1012 velit,
1332 959 1504 1013 ignoro3
1552 959 1630 998 nisi
1666 957 1767 1011 δρα·

330 1012 442 1068 χμὰς
471 1015 678 1068 significet.

440 1071 490 1112 P.
524 1070 612 1118 250,
653 1083 685 1109 1.
742 1066 815 1107 καί
844 1067 1049 1123 κάτωθεν]
1091 1078 1130 1108 et
1154 1071 1263 1121 ἰιψα
1290 1070 1488 1109 vexillam
1515 1082 1624 1108 suum
1653 1077 1768 1108 vento

327 1138 567 1178 expansum,
583 1139 586 1142 ⁴
600 1134 637 1162 et
663 1124 826 1162 hostium
838 1126 1021 1176 frontem
1047 1133 1240 1180 spectans,
1282 1133 1323 1163 ut
1351 1125 1385 1162 ii
1410 1132 1512 1163 metu
1539 1133 1577 1163 et
1601 1133 1770 1164 tremore

328 1183 638 1233 corriperentur,
663 1193 805 1232 pacem
837 1180 1042 1230 confecisse
1073 1180 1283 1219 Sulcanum
1311 1179 1572 1231 gloriabatur.

434 1233 480 1273 P.
513 1234 606 1279 255,
644 1247 701 1285 ¹9·
761 1233 1009 1285 ΙΡΙαιάνὸρος
1037 1231 1134 1278 τούς
1167 1234 1357 1280 πλείονας
1379 1231 1627 1286 εἰσεδέχετο]
1665 1231 1769 1271 adde

330 1284 461 1340 ἕτεροι
490 1286 536 1325 δὲ
563 1281 822 1339 ἐφονεύοντο,
852 1288 925 1325 alii
952 1288 1239 1327 occidebantur.

197 1347 236 1380 V.
251 1348 317 1382 350
443 1341 493 1380 P.
525 1341 615 1390 285,
652 1354 713 1393 ¹7·
743 1340 849 1378 alter·
876 1341 997 1380 codex
1027 1343 1076 1380 de
1105 1342 1385 1395 compati-iam,
1412 1349 1458 1381 ut
1474 1348 1639 1392 vocant,
1668 1339 1769 1380 alter

331 1395 381 1433 de
410 1395 758 1434 administratione
785 1396 1033 1447 baptismatis
1062 1397 1174 1448 loqui
1197 1398 1369 1436 videtur.

443 1452 493 1492 P.
525 1450 618 1503 289,
654 1463 715 1502 ¹7.
755 1451 851 1501 quid
881 1452 931 1489 sit
959 1451 1058 1490 illud
1086 1448 1186 1503 ὅπερ
1223 1448 1267 1490 τὸ
1307 1451 1486 1502 χρῖσαν,
1527 1465 1612 1489 non
1651 1450 1769 1490 intel-

184 1543 187 1545 .
333 1506 427 1557 ligo.
460 1513 498 1542 et
527 1503 846 1556 qualemcunque
877 1508 1111 1545 sententiam
1146 1508 1373 1544 coniectura
1401 1519 1488 1544 sum
1516 1508 1703 1545 secutus*-

204 1573 319 1616 p,433
442 1560 490 1598 P.
526 1573 630 1612 297,
672 1572 733 1598 21.
787 1556 924 1609 χρεών
959 1560 1004 1598 δὲ
1043 1558 1100 1613 μὴ
1138 1555 1425 1614 ὖηονοθεύειν]
1467 1567 1634 1612 possunt
1673 1560 1770 1600 haec

332 1614 457 1653 verba
493 1615 612 1652 etiarn
627 1613 676 1651 ad
696 1613 926 1665 scriptorem
946 1615 1070 1667 ipsum
1089 1615 1234 1654 referri
1249 1629 1322 1668 per
1335 1616 1590 1666 parenthesin
1615 1628 1770 1666 προκα-

332 1667 611 1719 ταληνιτικήν,
654 1667 730 1706 hoc
774 1669 915 1708 modo:
958 1672 1000 1709 in
1043 1683 1121 1723 quo
1160 1672 1255 1709 haec
1282 1671 1400 1708 etiam
1441 1670 1568 1708 verba
1606 1678 1772 1724 praeter

332 1732 494 1761 caetera
522 1724 790 1761 continentur.-
829 1740 952 1779 neque
985 1740 1078 1763 vcro
1122 1724 1394 1764 adulteranda
1422 1733 1514 1763 sunt
1542 1725 1680 1777 aliena
1703 1725 1770 1764 di-

333 1779 474 1826 ctione,
502 1776 575 1814 sed
601 1779 661 1815 ita
687 1786 728 1816 ut
756 1782 903 1833 scripta
930 1789 1017 1818 sunt
1046 1781 1281 1831 rcffercncla:
1307 1781 1343 1817 si
1367 1780 1471 1834 quid
1497 1786 1574 1823 etc.

446 1832 496 1870 P.
525 1832 619 1879 548,
647 1847 684 1885 7.
743 1831 891 1887 αὐτάς]
948 1832 1085 1885 ἁγνάς.

456 1886 502 1925 Ρ.
522 1886 616 1935 550,
653 1885 713 1936 14.
773 1884 816 1925 τὸ
845 1889 889 1927 δὲ
919 1889 970 1940 τῆ
974 1903 992 1935 ς
1017 1889 1328 1929 Κωνσταιιτίνου
1360 1886 1768 1942 φιλοταραχώτὰτον]

338 1940 378 1978 in
414 1941 562 1978 vetusti
601 1941 749 1979 codicis
782 1943 855 1992 (B)
898 1946 1074 1996 margine
1112 1945 1187 1984 boc
1234 1945 1318 1982 loco
1358 1943 1551 1982 mendacii
1590 1943 1770 1995 arguitur

338 1994 570 2043 Choniates,
613 1997 723 2047 quasi
761 1997 913 2048 populo
953 2000 1171 2051 Byzantino
1210 1999 1275 2036 fiat
1314 1999 1480 2036 iniuria:
1518 2005 1580 2045 et,
1620 1999 1650 2035 si
1691 2011 1770 2050 qua

338 2059 548 2100 perperam
575 2052 904 2100 committantur,
955 2066 1000 2091 ea
1042 2053 1173 2106 potius
1217 2053 1448 2092 hominibus
1477 2052 1705 2104 potentibus
1731 2058 1771 2090 et

339 2103 531 2141 seditiosis
560 2105 641 2142 siut
670 2104 947 2145 adscribenda.
981 2122 1209 2160 quanquam
1237 2110 1343 2145 enim
1370 2109 1568 2159 scriptura
1598 2121 1676 2146 non
1707 2119 1770 2146 sa-

340 2158 390 2195 tis
416 2156 493 2208 legi
522 2165 666 2208 potest,
697 2166 829 2198 tamen
859 2163 951 2200 satis
980 2170 1147 2214 apparet
1174 2163 1279 2200 hanc
1308 2176 1391 2201 esse
1424 2163 1670 2201 sententiam.

451 2211 500 2248 P.
532 2212 623 2260 551,
654 2213 720 2261 24.
778 2211 991 2268 τελευτήν]
1026 2214 1261 2267 πνιγμονὴν.
1326 2254 1329 2257 .
1661 2227 1663 2231 “

453 2263 502 2321 P.
533 2265 628 2314 564,
660 2265 723 2305 25.
780 2266 1049 2323 παραβόλως]
1078 2266 1337 2321 παραλόγως.

451 2317 501 2374 Ρ.
529 2319 623 2379 Ξηό,
654 2321 692 2357 5.
735 2317 779 2380 τὲ)
804 2322 875 2372 τῆς
895 2323 1049 2361 ἐκείνου
1079 2321 1262 2375 γλώττης
1286 2323 1512 2374 τρυγῶντες
1533 2323 1767 2375 μελίκηρον,

344 2371 415 2411 καί
438 2369 494 2417 ὦς
519 2386 721 2422 αγρωστις
750 2372 921 2428 ὄμβρον]
953 2377 1088 2416 favum
1110 2378 1269 2430 linguae
1301 2378 1405 2416 illius
1431 2384 1474 2415 ut
1506 2393 1666 2430 gramen
1692 2381 1768 2418 im·

220 2445 331 2489 P.435
345 2429 456 2464 brem
485 2434 552 2464 aut
584 2441 719 2465 rorem
761 2430 1022 2468 l-lcrmonium
1062 2440 1215 2470 montes
1250 2432 1401 2482 sinnii,
1460 2434 1768 2486 magniloquen-

344 2484 439 2520 tiam
485 2483 568 2519 eius
607 2482 976 2533 amplectebantur,
1019 2489 1188 2524 maxima
1229 2499 1319 2523 cum
1358 2485 1503 2524 laetitia
1548 2487 1769 2536 redeuntes,

344 2549 424 2573 non
454 2549 564 2572 secus
594 2549 638 2572 ac
676 2536 708 2573 si
748 2550 912 2575 aureum
953 2539 1128 2577 seculum
1157 2547 1196 2577 et
1225 2541 1407 2578 molitum
1447 2543 1579 2580 molae
1618 2542 1766 2580 victum

345 2597 415 2627 aut
442 2589 543 2626 Solis
576 2603 750 2627 mensam
780 2592 998 2642 appositam
1027 2594 1270 2645 reperissent
1299 2602 1375 2637 etc.
1416 2596 1536 2635 verba
1567 2592 1642 2647 τὴν
1666 2591 1767 2647 ἅλη-

345 2641 540 2692 anua-{myas
567 2643 643 2679 τοῦ
661 2640 796 2692 μύλου
826 2645 990 2684 δίαιταν
1018 2656 1199 2699 suspecta
1232 2648 1330 2687 mihi
1357 2657 1465 2699 sunt,
1500 2650 1572 2688 nisi
1611 2650 1661 2688 sit
1699 2664 1764 2689 re-

345 2711 435 2735 ccus
466 2696 622 2748 aliquod
656 2699 922 2748 proverbium.
967 2707 1172 2756 utcunque
1200 2703 1270 2755 sit,
1313 2717 1383 2757 ego
1426 2705 1660 2744 sententiam
1697 2718 1763 2744 ex·

342 2752 523 2803 pressisse
550 2759 754 2792 contentus
790 2753 857 2794 fui.
