1838 3210
247 170 317 236 54
376 154 378 156 μ
674 185 902 227 mcE'rAE
947 183 1257 226 cuoNlATAE
1276 186 1278 188 ’

243 285 318 339 ρὸν
344 287 418 326 τοῦ
461 287 665 337 βασιλέως
709 282 902 337 ἐξήρτητο
931 282 1127 336 πλάγιος,
1167 285 1321 334 στέγων
1347 280 1504 322 ἔσωθεν
1530 280 1675 334 insidi-a

240 354 431 403 βέλεμνα.
500 347 599 390 ὅθεν
631 350 704 402 τῆς
741 349 956 403 φαρέτρας
984 348 1291 402 α’νατραπείσης
1313 341 1372 394 εἷς
1398 347 1479 388 ταῖν
1510 346 1676 399 διεκχυ-

239 418 399 456 θέντων
425 412 641 467 α’τροίκτων
669 412 841 467 πλήττει
868 410 938 453 τὸν
965 413 1141 465 βασιλέα
1169 409 1272 452 κατὰ
1301 409 1348 452 τὸ
1376 412 1553 462 μεσεῦον
1584 411 1674 464 δέρ·

239 497 300 531 μα
328 481 409 520 τῶν
441 478 628 519 ὑστάτων
654 475 870 519 δακτύλων
896 480 969 532 τῆς
995 476 1151 532 χειρός.
1208 476 1276 517 dei
1300 479 1436 518 τοίνυν
1461 478 1539 517 τοῦ
1566 492 1673 531 φαρ-

239 544 376 596 μάκου
404 545 632 595 νεμομένου
662 540 712 584 rc}
744 541 889 599 πρόσω
918 545 991 584 καί
1015 544 1317 598 διατρέχοντος,
1343 542 1418 583 καί
1443 540 1541 597 περὶ
1565 541 1671 584 αὐτοὶ
1688 541 1712 582 5

239 606 289 649 τὰ
317 605 462 662 καίρια
500 605 869 662 ἐπενσκὴπτοντος,
913 609 987 649 καί
1023 607 1126 649 κατὰ
1159 605 1311 661 μικρὸν
1353 607 1675 662 ἄπονεκροῢντος

240 674 374 714 ταῦτα
401 670 474 714 καί
514 671 829 726 ἀποψύχοντος,
869 672 975 726 μετὰ
1003 671 1153 726 μικρὸν
1176 673 1253 714 τοῦ
1282 674 1379 725 βίου
1410 671 1675 724 μεθίσταταις

239 737 328 779 τότε
372 740 412 780 δ’
451 731 524 779 οὖν
561 738 583 778 ὃ
621 737 824 791 βασιλευς
860 742 961 793 παρ’
1001 740 1124 779 ου’δὲν
1153 739 1327 791 θέμενος
1371 736 1416 780 τό
1447 738 1577 790 ξέσμα
1605 740 1678 779 τοῦ

243 805 447 857 δέρματος
487 802 636 856 ὖμένος
669 804 847 857 ἠκέσατο
888 803 1110 855 ἐπιθέματι
1138 800 1189 858 ἦν
1225 819 1356 860 φασιν
1393 804 1593 858 ἒκδοράν,
1632 804 1677 844 ἐκ

204 871 317 911 Βτοῦ
344 871 427 911 τῶν
453 871 591 910 ποδῶν
622 869 898 923 οἶποσυρέντος
933 866 1213 921 καττύματος,
1242 871 1463 924 σφαλερῶς
1486 870 1680 910 ἐντεῦθεν
1696 880 1741 910 ιο

242 933 498 989 πειρώμενος
525 931 597 975 τὸν
624 931 826 987 προϊόντα
856 935 1042 986 ἐπισχεῖν
1062 929 1252 988 ὕφαιμον
1281 935 1418 987 ἰχῶρα
1444 934 1521 975 τοῦ
1550 931 1680 988 τραύ-

241 1015 386 1053 ματος.
443 997 683 1040 ἐπανελθών
713 993 789 1039 οὖν
807 997 911 1053 πρὸς
939 995 1117 1052 ἑσπέραν
1145 1000 1219 1039 καί
1245 996 1472 1053 ἀριστήσας
1501 998 1577 1053 τήν
1602 1000 1681 1051 μὲν

241 1063 368 1106 νύκτα
396 1063 502 1117 μετα
534 1063 747 1118 ῥαστώνης
775 1063 978 1118 διήνεγκε·
1033 1062 1104 1117 την
1133 1065 1178 1104 δὲ
1204 1063 1307 1116 μετὰ
1339 1064 1491 1119 ταύτην
1519 1063 1680 1118 ἡμέραν

243 1130 439 1171 οἰδαίνειν
466 1128 539 1170 καί
563 1127 739 1184 σφύζειν
766 1128 1001 1183 α’ρξαμένου
1028 1130 1103 1170 τοῦ
1128 1127 1367 1183 τραύματος
1387 1130 1701 1184 περιωδυνιάις·

243 1195 457 1248 ἐβάλλετο,
505 1193 578 1235 καί
603 1193 770 1248 τίθησιν
800 1192 999 1236 ἔκπυστον
1031 1201 1116 1243 τοῖς
1144 1195 1299 1249 ἰατροῖς
1326 1193 1372 1236 τὸ
1405 1193 1584 1248 συμβάν.
1641 1191 1678 1234 οἱ
1697 1193 1744 1234 ι5

246 1261 292 1301 δὲ
338 1258 410 1302 τὸν
448 1261 522 1315 τῆς
557 1258 700 1314 χειρὸς
744 1254 864 1314 ι’)’γκον
889 1258 1047 1309 ἰδόντες
1086 1262 1159 1302 καί
1183 1259 1228 1302 τὸ
1257 1258 1362 1314 πρὸς
1387 1255 1530 1302 ἄκεσιν
1558 1259 1682 1301 τεθὲν

245 1324 643 1382 περιεργασάμενοι,
690 1324 793 1366 αὐτὸ
829 1327 907 1378 μὲν
942 1325 998 1375 ὥς
1025 1324 1083 1380 μὴ
1118 1325 1224 1368 κατὰ
1253 1324 1437 1378 θεσμοὺς
1466 1325 1680 1377 νοσοκομί-

247 1409 296 1442 ας
327 1392 608 1446 παραληφθὲν
639 1388 874 1445 α’πήνεγκαν
913 1393 986 1446 τῆς
1011 1392 1178 1446 χειρός,
1207 1388 1448 1447 φαρμάκοις
1478 1392 1516 1432 δ’
1543 1385 1684 1438 ἄλλοις

135 1466 175 1500 V.
193 1478 233 1500 22
248 1456 478 1512 ἐχρήσαντο
514 1457 801 1498 καταλεαίνειν
838 1458 1083 1510 δυναμένοις
1111 1455 1163 1498 τοὶ
1195 1458 1276 1498 τῶν
1303 1455 1556 1512 τραυμάτων
1584 1458 1684 1512 φλε-

246 1521 488 1576 γμαίνοντα.
556 1523 649 1569 ἐπεὶ
673 1524 714 1562 δ’
739 1522 797 1571 εἷς
839 1522 961 1563 οὐδὲν
988 1520 1189 1576 ἀνύσιμον
1217 1520 1466 1564 α’πετελεύτα
1493 1520 1546 1562 τοὶ
1575 1536 1683 1577 φαρ-
1695 1534 1747 1561 20

246 1585 522 1641 μακεύματα,
566 1585 673 1643 πρὸς
715 1589 985 1643 χειρουργίαν
1043 1586 1082 1628 οἱ
1126 1587 1425 1643 Ἀσκληπιάδαι
1466 1586 1682 1640 βλέπουσι.

209 1655 474 1708 (Ιτμηθέντος
516 1648 592 1695 οὖν
622 1654 698 1694 τοῦ
736 1651 958 1707 οἰδήματος
975 1686 986 1706 ,
1014 1655 1106 1695 οὐδ’
1134 1649 1241 1696 οὕτω
1269 1650 1501 1706 καταστολή
1527 1667 1592 1700 τις
1615 1649 1689 1692 κατ’

247 1716 512 1772 ὕποχάλασις
550 1720 625 1759 τοῦ
665 1716 898 1772 πάσχοντος
931 1721 1087 1772 μέρους
1115 1718 1294 1774 ἐγίνετο,
1326 1721 1417 1760 ἀλλ’
1447 1715 1471 1759 ὁ’
1496 1733 1541 1759 τε
1568 1713 1683 1772 ἷίγκος

247 1783 316 1826 det*
341 1783 412 1825 ἐπὶ
447 1785 587 1837 μεῖζον
615 1781 758 1841 ᾔρετο,
798 1784 870 1826 ἐπὶ
898 1784 1086 1842 δακτύλῳ
1115 1800 1157 1827 τε
1198 1784 1398 1827 δάκτυλον
1424 1786 1496 1826 καί
1521 1781 1682 1839 καρπὸν

248 1853 318 1892 ἐπὶ
347 1850 544 1907 παλάμῃ,
580 1846 667 1892 εἶτα
699 1852 862 1904 πῆχυν,
892 1851 963 1893 ἐπὶ
994 1851 1041 1893 δὲ
1070 1848 1203 1908 τούτῳ
1231 1852 1439 1907 βραχίονα
1465 1851 1682 1902 ἐπενέμετο
1695 1847 1747 1897 ²5.

250 2009 456 2042 suspensam
490 2004 526 2031 et
549 1999 735 2031 venenatis
759 1999 841 2032 telis
869 2001 1034 2033 refertam
1075 2000 1223 2042 evertit3
1247 2001 1507 2045 perstrictaque
1532 2012 1603 2037 una
1626 2011 1682 2033 sa-

249 2046 336 2088 gitta
363 2050 444 2077 cute
485 2056 577 2088 quae
614 2045 708 2078 inter
734 2051 910 2079 extremos
936 2046 1066 2090 digitos
1092 2052 1165 2086 est,
1189 2057 1328 2080 veneno
1353 2052 1519 2090 serpente
1545 2053 1582 2080 et
1609 2047 1683 2080 dis-

250 2097 414 2123 currente
441 2096 550 2134 atque
577 2102 690 2135 usque
710 2091 755 2123 ad
767 2092 891 2125 vitalia
916 2103 1113 2136 progresso,
1130 2098 1167 2125 et
1180 2093 1353 2137 quicquid
1366 2099 1566 2138 occuparat,
1593 2105 1683 2138 pau-

249 2138 351 2170 latim
380 2138 652 2181 stupefaciente‚
666 2149 739 2170 non
759 2138 872 2171 multo
891 2145 972 2183 post
1004 2150 1023 2171 e
1045 2139 1119 2172 vita
1142 2139 1315 2172 discessit.
1345 2145 1463 2173 tamen
1485 2139 1522 2173 id
1554 2140 1683 2173 vulnus

248 2184 427 2229 principio
455 2184 654 2227 neglectum
677 2184 903 2217 membranae
930 2185 1086 2218 calcibus
1101 2185 1281 2218 detractae
1305 2186 1548 2231 impositione,
1576 2197 1683 2232 quam

250 2231 531 2263 excoriationem
567 2236 717 2271 vocant,
751 2231 948 2264 medicatus
987 2238 1057 2273 est3
1083 2243 1153 2276 qua
1195 2233 1343 2277 ancipiti
1381 2233 1519 2266 ratione
1548 2233 1683 2266 saniem

250 2283 434 2316 cruentam
459 2277 616 2310 vulneris
651 2278 842 2321 reprimere
869 2278 1074 2310 conabatur.
1099 2279 1239 2323 vesperi
1261 2280 1299 2311 in
1325 2285 1438 2312 castra
1462 2291 1623 2313 reversus
1648 2286 1684 2317 et

250 2329 419 2356 coenatus
445 2329 584 2356 noctem
611 2323 699 2356 citra
722 2325 923 2357 molestiam
951 2325 1077 2369 exegit.
1099 2325 1274 2370 postridie
1291 2337 1375 2359 vero
1399 2331 1620 2359 tumescente
1647 2331 1684 2360 et

251 2370 459 2403 ardescente
485 2370 655 2411 vulnere,
697 2381 737 2403 ac
764 2371 921 2404 cruciatu
948 2377 1117 2415 urgente,
1146 2371 1294 2404 medicis
1322 2384 1440 2405 casum
1465 2383 1546 2410 eum
1574 2383 1684 2417 expo-

251 2417 317 2453 nit.
346 2417 410 2462 qui
434 2422 575 2449 tumore
602 2427 726 2450 manus
750 2418 847 2458 viso,
880 2423 916 2450 et
938 2418 1198 2451 medicamento
1228 2429 1299 2462 quo
1326 2431 1411 2452 usus
1437 2425 1512 2452 erat
1536 2420 1684 2463 perqui-

252 2464 342 2504 sito,
386 2463 424 2496 id
448 2469 619 2508 tanquam
643 2469 765 2501 contra
798 2464 971 2502 medicam
1002 2465 1176 2504 rationem
1203 2465 1405 2502 adhibitum
1431 2464 1684 2510 repudiarunt3

253 2515 363 2555 atque
387 2510 458 2542 alia
483 2510 706 2550 attulerunt,
742 2521 834 2554 quae
858 2511 1020 2549 ardorem
1045 2512 1147 2550 illum
1172 2511 1339 2544 lenirent.
1364 2511 1427 2544 sed
1455 2523 1535 2544 cum
1558 2512 1603 2545 iis
1628 2512 1681 2544 ni-

252 2556 307 2588 hil
331 2557 557 2603 proficerent,
581 2555 627 2589 ad
649 2557 844 2589 sectionem
868 2558 1028 2591 conversi
1054 2569 1099 2591 ne
1125 2558 1175 2590 sic
1199 2558 1346 2603 quidem
1371 2558 1500 2592 afflicto
1525 2557 1684 2591 membro

253 2602 395 2647 aliquid
431 2603 509 2647 opis
534 2603 744 2641 attulerunt.
777 2615 860 2636 nam
895 2609 1014 2636 tumor
1037 2603 1190 2637 subinde
1216 2604 1438 2648 augebatur,
1463 2616 1483 2636 a
1508 2604 1621 2649 digito
1647 2604 1687 2637 in

254 2649 405 2693 digitum
433 2660 547 2694 usque
577 2648 623 2681 ad
652 2650 853 2683 iuncturam
884 2661 1009 2685 manus
1036 2656 1071 2683 et
1097 2650 1256 2683 cubitum
1282 2652 1471 2695 ipsumque
1499 2651 1685 2691 brachium

253 2701 442 2741 pervagato
466 2696 571 2729 malo.
596 2696 790 2741 imperator
815 2697 925 2740 igitur
948 2708 1044 2741 spem
1071 2698 1194 2730 salutis
1220 2697 1373 2739 abiecit3
1398 2703 1434 2730 et
1454 2697 1603 2731 medicis
1626 2707 1687 2729 ae-

254 2742 456 2776 stuantibus
494 2753 638 2777 manum
677 2743 753 2777 eius
781 2743 892 2785 instar
928 2744 1040 2778 virilis
1081 2744 1225 2778 semoris
1262 2744 1494 2778 tumefactum
1530 2754 1687 2778 resecare
