1878 3230
537 186 758 229 ALExms
801 185 1066 230 nummus
1118 188 1356 232 εοΜΝΕΝι
1395 188 1438 230 F.
1583 171 1694 227 323

266 297 571 350 προσκειμένων
605 297 805 350 ἕγιίὀντο,
835 296 927 338 ἀλλ’
952 298 1099 354 ἀνέδην
1131 300 1205 342 τὸν
1234 298 1575 355 πρωτοσεβαστόν
1604 300 1695 354 ἔρε-

266 363 518 413 σχελομῦτες
562 360 600 402 οἱ
630 368 722 411 ταῖς
753 365 835 404 τῶν
863 362 1117 417 πραγμάτων
1139 369 1388 418 μεταβολαῖς
1412 367 1627 421 χαίροντες
1653 366 1697 414 ἐς

269 426 517 480 Χαλκηδόνα
536 428 838 481 διεπλωΐζοντο,
853 430 928 471 καί
943 429 999 484 τῷ
1019 430 1262 505 Ἀνδρονίκῳ
1278 429 1383 472 κατά
1400 433 1580 487 φατρίας
1597 445 1696 484 συγ·
1707 441 1732 473 Β

266 488 476 543 γινόμενοι
509 506 622 546 φυην
648 493 806 533 ἐκείνου
848 509 918 534 και
945 490 1052 542 εἶδος
1092 490 1246 549 ἀγητόν
1281 511 1352 536 και
1394 497 1524 550 γῆρας
1550 494 1698 548 σεμνὸν

232 559 254 598 5
269 555 579 609 ἀπεθαύμαζον,
601 557 674 597 καί
691 556 738 598 τὸ
758 559 830 612 τῆς
846 559 1002 600 ἐκείνου
1022 562 1070 612 γλ
1061 575 1200 614 ,ωττης
1219 562 1448 613 τρυγῶντες
1463 560 1698 615 μελίκηραν,

269 619 342 662 καὶ
369 615 474 670 ὦς’
455 614 661 674 α’γρωστις
690 616 844 676 ομβρον
871 618 900 675 ἢ
935 620 1083 678 δρόσον
1103 620 1345 678 Ἔρμωνῖτιν
1373 622 1425 665 τά
1455 619 1532 678 ὅρη
1561 622 1695 676 Σιών,

268 684 297 727 ἃ
325 680 376 740 ἦν
415 684 642 739 ὖψηγοριὸν
670 688 953 740 προσιέμενοι,
999 686 1103 739 μετά
1146 691 1338 743 πλείστης
1390 691 1698 768 ἐπανέστρεφον

263 752 504 805 χαρμονῆς,
545 766 602 798 ως
635 748 749 805 εἴπερ
793 751 871 799 τοὶς
910 751 1116 808 εἰδομένας
1160 757 1321 808 χρυσᾶς
1357 755 1475 804 ἔννας
1519 754 1590 817 καί
1623 754 1698 810 τὴν

267 812 547 869 ἀληλεσμένην
572 818 648 856 τοῦ
685 815 822 870 μήλου
855 819 1018 858 δίαιταν
1045 815 1072 872 ἢ
1101 817 1176 872 την
1202 821 1423 873 λεγομένην
1449 821 1567 874 ἡλίου
1598 820 1697 875 τροί-

207 881 395 931 1οπεζαν
435 882 741 935 παρακειμένην
778 897 952 936 ευραντο
981 886 1052 924 καί
1075 890 1314 937 κατακορεῖς
1343 885 1471 939 αὕτῆς
1499 886 1591 938 εἴγε)
1594 885 1698 926 όνει-

264 961 355 986 σαν.
430 941 539 999 ἦσαν
578 948 615 986 δ’
651 948 695 988 οἳ
716 948 795 988 κάκ
823 946 988 1002 πρώτης
1027 943 1164 1001 ὄψεως
1193 949 1326 997 εὐθὺς
1353 949 1424 991 τὸν
1448 952 1494 991 ἐν
1524 952 1698 1006 δέρματι

263 1009 473 1067 προβάτου
520 1014 799 1067 κεκρυμμένον
822 1011 942 1054 λύκον
971 1030 1016 1066 ε)
1019 1011 1217 1067 νώρισαν,
1262 1031 1330 1055 και
1359 1014 1430 1056 τὸν
1460 1013 1558 1057 ὅσον
1583 1032 1697 1056 ουπω

207 1116 210 1122 ,
262 1075 372 1129 μετὰ
398 1076 558 1131 θάλψιν
600 1077 901 1133 ἐπιθησόμενον
929 1094 1028 1134 οφιν
1059 1096 1126 1120 και
1151 1082 1287 1129 κακῶς
1314 1095 1411 1130 τους
1439 1080 1522 1122 υπὸ
1552 1081 1699 1123 κόλπον

263 1143 465 1198 φέροντας
493 1143 709 1197 δράσοντα.

205 1211 252 1252 15
378 1224 442 1250 11.
494 1209 586 1250 'Em'
610 1208 769 1255 τούτοις
795 1204 980 1250 ἀνίενται
1005 1212 1085 1262 μὲν
1098 1213 1171 1264 τῆς
1195 1209 1360 1266 εἱρκτῆς
1388 1214 1519 1254 αὐτοῦ
1546 1228 1592 1253 τε
1618 1214 1697 1254 τοῦ
1711 1219 1738 1253 C

254 1272 523 1328 Ἀνδρονίκου
550 1272 589 1315 οἱ
619 1271 807 1322 παῖδεςε
787 1291 808 1315 ο
834 1275 1028 1329 Ἰωάννης
1056 1292 1125 1316 και
1151 1274 1173 1316 ὅ
1203 1277 1415 1332 Μανουηλ
1446 1294 1514 1319 και
1543 1276 1582 1318 οἱ
1611 1283 1700 1320 λοι-

259 1353 330 1379 ποι
350 1354 424 1387 ους
448 1342 623 1393 καθεῖρξ
623 1355 666 1380 εν
684 1338 704 1381 ὃ
720 1339 1059 1394 πρωτοσεβαστός
1075 1374 1086 1393 ,
1115 1342 1361 1395 ἐγκλειονται
1391 1345 1428 1383 δ’
1457 1345 1605 1397 ἕτεροι,
1635 1339 1698 1392 οἷς

260 1398 379 1454 ουτος
422 1406 701 1459 προσέβλεπεν
731 1401 905 1460 ἥμερον,
943 1405 1017 1447 καί
1046 1403 1146 1448 ὅσον
1171 1408 1246 1461 τῆς
1275 1406 1406 1449 αυτοῦ
1429 1407 1599 1463 μερίδος
1625 1409 1700 1449 καί

260 1470 509 1523 συγγενείας.
586 1472 658 1512 καί
691 1469 819 1519 αὐτὸς
854 1472 901 1512 δὲ
925 1470 1027 1512 κατὰ
1070 1471 1121 1513 τά
1145 1471 1350 1527 ἀνάκτορα
1388 1475 1647 1528 συλληφθείς
1673 1472 1697 1514 ὅ

198 1553 247 1578 20
262 1533 600 1590 πρωτοσεβαστός
631 1535 704 1577 καί
725 1538 896 1592 φρουρᾷ
935 1538 1186 1592 διαληφθείς
1214 1539 1468 1592 Γερμανῶν,
1497 1540 1540 1580 οἳ
1563 1555 1695 1581 κατω-

258 1592 396 1653 μαδὸν
421 1597 517 1648 τούς
542 1596 839 1655 ἑτεροστόμους
869 1603 1053 1650 πελέκεις
1078 1602 1326 1655 ἀνέχουσιν,
1353 1601 1575 1657 ἀπρόσιτος
1600 1602 1697 1656 ἔμε-

258 1680 338 1709 νεν.
396 1660 522 1714 αὖθις
555 1667 600 1707 δὲ
626 1667 707 1706 τῶν
736 1668 814 1717 μὲν
841 1668 1066 1718 βασιλείων
1095 1668 1310 1719 λαθραίως
1338 1668 1410 1707 καί
1441 1666 1539 1721 περὶ
1562 1670 1695 1720 μέσας

259 1730 409 1778 νύκτας
447 1729 660 1784 ἐξάγεται,
701 1735 787 1779 τοῖς
822 1732 868 1771 δὲ
897 1730 999 1772 κατὰ
1027 1731 1072 1772 τὸ
1097 1730 1212 1786 ἱερόν
1239 1729 1469 1785 ἀνάκτορον
1496 1731 1695 1786 οἰκήμασι

351 1852 383 1885 9.
406 1838 544 1887 μήλου]
568 1839 698 1885 μύθου
720 1839 1159 1884 Α.15.εἴρκ.αυ’τοῦ
1183 1841 1235 1888 τε]
1267 1841 1412 1886 ειρκτῆς
1435 1841 1474 1875 οἱ
1494 1843 1565 1875 τοῦ
1584 1842 1691 1887 ἀνδρ.

536 1898 584 1932 ¹7
601 1886 810 1944 καθεῖρξεν]
837 1887 1045 1932 ἑφυλιίκισε
1070 1888 1105 1920 Β.
1245 1898 1300 1921 20.
1326 1888 1493 1935 φρουρεῖ]
1516 1888 1593 1923 ὑπὸ
1617 1892 1693 1925 τῶν

348 1933 548 1980 βαράγγων
557 1911 799 1979 φυλάττεται
822 1934 856 1966 13.
953 1944 1006 1966 21.
1035 1933 1217 1979 α’πρόϊτος
1240 1933 1393 1967 codices.

259 2052 363 2093 tulit,
389 2057 425 2085 et
460 2053 748 2097 protosebastum
775 2052 865 2085 adeo
894 2053 1089 2098 depressit,
1122 2056 1162 2086 ut
1187 2052 1292 2085 rebus
1322 2052 1519 2096 desperatis
1550 2063 1691 2086 omnem

257 2099 367 2131 animi
403 2099 622 2132 alacritatem
652 2100 844 2132 amitteret.
867 2110 986 2144 neque
1013 2100 1107 2136 enim
1131 2099 1284 2143 amplius
1312 2099 1583 2132 dissimulanter
1606 2111 1692 2132 con-

257 2144 448 2178 cursabant
474 2145 670 2178 Andronici
693 2145 857 2185 studiosi,
882 2146 945 2178 sed
967 2145 1256 2190 protosebastum
1284 2145 1512 2189 impudenter
1538 2145 1691 2178 irriden-

256 2197 335 2231 tes,
360 2192 423 2236 qui
464 2192 565 2225 novis
593 2192 699 2224 rebus
723 2192 945 2236 gaudebant,
983 2191 1246 2224 Chalcedonem
1272 2192 1527 2232 traiiciebant,
1551 2197 1588 2225 et
1615 2197 1690 2224 tur-

252 2238 378 2270 matim
406 2238 649 2271 Andronicum
686 2238 859 2271 adeuntes
884 2243 1054 2270 staturam
1076 2239 1153 2271 eius
1181 2244 1218 2271 et
1240 2238 1390 2270 sormam
1413 2238 1689 2282 pulcherrimam

256 2289 294 2316 et
322 2285 565 2318 venerabilem
599 2290 820 2317 senectutem
854 2285 1086 2318 mirabantur.
1121 2290 1158 2317 et
1191 2285 1369 2317 suavitate
1406 2285 1579 2317 orationis
1611 2285 1689 2317 eius

254 2330 518 2373 magnificentia
546 2331 752 2376 pollicentis
775 2332 870 2375 capti
896 2331 1029 2363 alacre:
1054 2336 1090 2363 et
1115 2331 1201 2363 laeti
1231 2330 1375 2362 domum
1406 2330 1582 2370 redeunt,
1613 2342 1688 2363 non

255 2387 357 2409 secus
380 2388 421 2410 ac
450 2378 480 2410 si
512 2377 550 2410 in
573 2378 765 2410 fortunatis
802 2377 930 2410 insulis
959 2377 1055 2410 omni
1083 2376 1291 2409 deliciarum
1317 2386 1460 2422 genere
1469 2356 1605 2420 exple’ti
1629 2377 1688 2409 fu-

254 2422 376 2455 issent.
417 2423 564 2456 fuernnt
598 2424 706 2456 etiam
744 2423 806 2468 qui
845 2423 911 2456 sub
935 2424 1032 2468 pelle
1068 2424 1174 2455 ovina
1199 2418 1468 2456 delitescentem
1493 2423 1618 2466 lupum
1643 2433 1686 2454 ex

254 2469 370 2512 primo
406 2480 603 2513 congressu
619 2475 899 2515 perspexerunt,
940 2475 976 2502 et
1002 2475 1203 2514 serpentem
1228 2469 1348 2502 statim
1377 2480 1396 2502 n
1423 2470 1686 2502 refocillatione

256 2520 493 2557 grassaturam
518 2516 556 2548 in
579 2526 640 2549 eos
668 2527 819 2561 quorum
846 2517 926 2548 sinu
951 2517 1141 2549 foveretur.

352 2573 402 2594 11
449 2562 532 2595 Post
554 2562 641 2594 haec
666 2563 738 2595 duo
750 2560 943 2595 Andronici
973 2562 1058 2603 filii,
1086 2561 1263 2595 Iohannes
1288 2566 1325 2594 et
1348 2561 1508 2601 Man-nel,
1534 2559 1686 2592 caeteri-

256 2617 327 2650 que
354 2617 443 2651 quos
466 2609 735 2662 protosebastus
763 2609 799 2640 in
823 2609 964 2641 vincula
989 2609 1202 2649 coniecerat,
1225 2619 1364 2641 carcere
1393 2609 1623 2645 emittunmr;
1649 2611 1685 2637 et

258 2652 321 2684 alii
347 2663 389 2684 eo
424 2654 685 2695 coniiciuntur,
726 2655 857 2699 quibus
886 2654 980 2687 idem
1008 2654 1172 2694 fav‚ebat
1208 2660 1317 2698 atque
1347 2654 1436 2686 adeo
1464 2653 1578 2685 omnis
1606 2651 1684 2683 eius

259 2699 365 2731 factio
392 2703 498 2743 atque
523 2702 706 2743 cognatio,
734 2706 770 2733 et
794 2702 870 2744 ipse
892 2701 1161 2754 protosebastus
1186 2701 1222 2732 in
1246 2700 1382 2744 palatio
1408 2697 1683 2742 comprehensus

260 2757 278 2778 a
303 2745 465 2779 custodia
481 2745 735 2779 Germanorum
764 2747 937 2791 ancipites
963 2757 1102 2779 secures
1125 2747 1162 2779 in
1187 2746 1343 2779 humeris
1370 2744 1584 2790 gestantium
1608 2743 1684 2777 exi-
