1838 3210
282 200 298 233 ι
315 199 341 252 7
354 200 381 234 2
691 193 915 237 NICETAE
961 189 1271 234 CHONlATAE

269 297 312 338 τὸ
344 295 666 351 ὑποκρινόμενον
693 293 819 336 αὐτὸν
837 290 1092 350 ἀνδρείκελον
1118 294 1294 335 ἐκλείπει
1319 294 1584 346 περιαθρεῖν,
1617 293 1694 335 ow’-

268 361 338 410 τός
379 363 424 402 δὲ
453 360 524 401 τὸν
551 361 683 401 ἐκεῖσε
725 357 919 413 λοχμώδη
943 360 1080 414 χῶρον
1107 356 1349 407 καθυποδῦς
1375 354 1513 411 ὥσπερ
1544 357 1693 412 δορκάς

269 428 315 468 ἐκ
349 426 516 479 βρόχων
555 426 627 464 καί
661 419 772 478 ὅρνις
799 426 844 464 ἐκ
886 423 1070 477 παγίδων
1109 421 1283 479 ῥυσθείς
1329 424 1516 478 ἐφέρετο.
1570 421 1625 471 ὥς
1654 423 1693 462 δ’

270 491 348 542 ὀψέ
376 503 470 529 ποτε
510 486 580 529 τὸν
623 485 740 529 δόλον
780 489 924 530 ἐκεῖνοι
953 486 1156 542 ἔγνωσαν,
1204 487 1241 529 οἱ
1268 488 1346 540 μὲν
1372 488 1599 528 συνέτεινον
1621 485 1694 527 τὸν

268 554 419 607 δρόμον
450 553 521 593 ἐπὶ
562 551 615 594 τὰ
657 551 914 608 ἔμπροσθεν,
956 552 1133 605 οἰόμενοι
1174 554 1248 593 καί
1285 551 1408 592 πάλιν
1436 548 1730 605 Ἀνδρόνικον5

267 619 420 671 ἐκείνης
459 612 509 671 ἧς
539 618 611 659 καί
636 618 834 673 πρότερον
867 616 1040 671 ἔχεσθαι
1057 650 1068 670 ,
1095 616 1117 658 ὅ
1147 619 1192 658 δὲ
1219 617 1455 670 παλιζιιπους
1478 615 1693 670 γενόμενος

267 684 318 723 δι’
343 677 470 737 ἄλλης
492 684 551 731 εἰς
577 684 618 724 Γ
616 681 787 733 α’λιτζαν
814 678 954 740 ᾤχετο.
1008 682 1080 724 τὸν
1107 684 1154 725 δὲ
1181 683 1415 737 Πουπάκην
1448 681 1469 723 ὃ
1497 678 1694 736 βασιλεῦς

265 746 484 800 συλλαβών
512 746 629 797 ἔξανε
659 751 827 796 πολλαῖς
845 747 914 789 διὰ
943 744 1087 802 λεόρων
1117 749 1292 805 δημοσίᾳ
1311 745 1413 789 κατά
1445 762 1488 789 τε
1515 747 1590 787 τοῦ
1615 747 1694 787 νοό-

264 827 339 852 του
367 812 437 853 καί
462 814 541 854 τῶν
572 807 709 865 ὤμων.
765 811 868 865 μετὰ
893 814 937 853 δὲ
963 811 1153 866 προάγων
1179 811 1311 854 αὐτὸν
1339 811 1361 852 ό
1394 814 1522 867 κῆρυξ
1549 813 1594 852 ἐκ
1619 812 1695 852 τοῦ

262 877 474 931 τραχήλου
503 878 790 931 σχοινόδετον,
820 875 969 930 ἐπεβόα
990 876 1148 919 οὑτωσὶ
1184 879 1426 933 τρανότερον
1452 875 1592 930 ,,ὁ’στις
1622 874 1758 919 τὸνιο

221 940 421 994 Βέχθρόν
461 944 535 984 τοῦ
560 945 764 996 βασιλέως
802 941 1026 997 προσιόντα
1073 940 1110 983 οἱ
1139 943 1402 993 εἷσοικίζεται
1442 959 1510 984 και
1551 940 1695 989 διδους

263 1006 414 1063 ἐφόδια
453 1009 671 1061 ἐκπέμπει,
715 1004 823 1049 ου’τω
853 1024 922 1049 και
954 1008 1196 1060 μαστίζεται
1226 1023 1293 1049 και
1322 1008 1600 1060 ποιιπευεταιῖ
1670 1007 1692 1046 ὃ

264 1074 312 1113 δὲ
339 1070 444 1127 πρὸς
481 1072 574 1122 τούς
613 1073 826 1122 συνιόντας
871 1072 1013 1120 ατενὲς
1040 1070 1149 1127 ὅρων
1178 1074 1462 1129 διακεχυμένῳ
1491 1069 1695 1129 προσώπῳ

261 1133 396 1190 »αὕτη
421 1152 496 1189 μοι
525 1137 703 1192 αἰσχύνη
723 1136 827 1192 πρὸς
846 1139 925 1178 τοῦ
940 1139 1194 1190 βουλομένου
1223 1133 1310 1190 ἤτω
1339 1135 1514 1185 παντός”
1541 1139 1693 1192 ἐφθέγ-

262 1216 383 1255 γετο,
420 1201 512 1256 »μὴ
543 1202 765 1243 ἐπιστάντα
812 1201 884 1244 τὸν
914 1201 1131 1256 εὐεργέτην
1162 1199 1464 1256 καταπροδόντι
1491 1198 1521 1256 ἢ
1547 1203 1692 1256 ἐμβρι-
1710 1205 1759 1245 15

262 1270 351 1315 θῶς
378 1263 736 1325 ἀποπεμψαμένα),
765 1270 854 1310 ἀλλ’
873 1268 929 1316 ὥς
956 1270 1050 1322 ἐξῆν
1070 1268 1383 1323 τεθεραπευκότι
1410 1271 1484 1309 καί
1509 1266 1692 1320 ἀποπέμ-

263 1342 395 1384 ψαντι
439 1332 681 1386 χαι’ροντα.”
746 1331 838 1375 τότε
876 1335 916 1375 δ’
953 1327 1029 1375 οὖν
1065 1331 1232 1382 ὑπτίαις
1270 1332 1468 1387 ἀγκάλαις
1494 1331 1594 1387 πρὸς
1620 1335 1695 1374 τοῦ

261 1399 336 1452 τῆς
363 1399 403 1438 Γ
401 1397 564 1452 αλίτζης
605 1397 944 1453 ἐπιτροπεύοντος
974 1397 1231 1452 Ἀνδρόνικος
1259 1399 1534 1451 προσδεχθείς
1557 1396 1692 1449 ἔμεινε

263 1464 363 1517 παρ’
388 1461 525 1519 ἐκείνῳ
554 1462 707 1516 χρόνον
737 1461 905 1516 συχνόν.
934 1459 1045 1504 οὕτω
1076 1464 1121 1504 δὲ
1149 1461 1251 1517 πρὸς
1277 1461 1350 1504 τὸν
1377 1460 1532 1504 ἑαυτοῦ
1560 1459 1693 1503 πόθον

263 1522 355 1567 ὅλον
384 1527 535 1568 ἐκεῖνον
550 1525 815 1582 Ἀνδρόνικος
841 1525 1114 1582 α’νηρτήσατο,
1144 1528 1200 1576 ὠς
1231 1529 1304 1568 καί
1323 1525 1597 1582 συνθηρεύειν
1623 1524 1694 1568 καί
1705 1543 1758 1569 20

268 1589 546 1633 συνθωκεύειν
575 1594 714 1650 ἐκείνῳ
743 1590 932 1644 ὅμέστιός
959 1609 1000 1634 τε
1030 1588 1137 1633 εἶναι
1165 1591 1238 1633 καί
1260 1590 1467 1640 σύσσιτος.

372 1655 495 1699 Ἀλλά
525 1655 600 1712 την
631 1660 706 1700 τοῦ
733 1658 962 1713 ἐξαδέλφου
991 1655 1128 1713 φυγήν
1148 1659 1220 1698 καί
1246 1656 1322 1711 τὴν
1349 1659 1393 1698 ὲκ
1423 1659 1496 1711 τῆς
1525 1658 1696 1711 ἐνεγκα-

354 1774 386 1807 8.
410 1765 614 1826 συλλαβῶν]
650 1774 866 1819 μαγγλοὲβια
900 1765 990 1810 δους
1017 1766 1135 1807 πολλα
1159 1775 1221 1806 καὶ
1244 1773 1443 1819 γυμνώσας
1477 1773 1694 1820 ἐπόμπευσε

357 1811 419 1852 δια
443 1821 563 1865 μέσου
577 1822 646 1853 τοῦ
669 1820 795 1866 φόρου
819 1819 1018 1877 δεδεμένον
1055 1821 1094 1854 ἐκ
1119 1820 1185 1854 τοῦ
1213 1820 1431 1865 σᾳονδήλου
1462 1821 1499 1853 Β.
1643 1821 1697 1864 ι4.

354 1865 609 1910 ἐπεφθέγγετο
627 1866 666 1899 Α.
743 1868 794 1901 16.
817 1865 1140 1924 αποπειιψαμένῳ]
1175 1866 1470 1912 α’ποβλεψαμένω
1487 1868 1525 1901 Α
1599 1877 1695 1912 προ-

354 1913 647 1993 §zzzztffltzz‘ussA
791 1924 840 1959 ¹9·
864 1915 1005 1960 χρόνον
1027 1912 1114 1958 ουχὶ
1145 1914 1286 1958 συχνόν
1314 1913 1395 1947 PW.
1526 1924 1582 1948 ῆι.
1605 1921 1694 1949 συν-

265 2055 400 2087 intueri
423 2054 527 2087 sinit:
560 2055 637 2098 ipse
674 2054 804 2088 saltum
829 2055 1047 2088 condensum
1080 2055 1256 2098 ingressus
1281 2054 1393 2087 instar
1415 2054 1511 2087 ferae
1539 2063 1558 2086 e
1587 2051 1695 2085 cassi-

264 2100 333 2132 bus
371 2101 513 2144 elapsae
554 2101 656 2144 sugit.
696 2101 861 2134 custodes
896 2103 956 2134 vix
994 2101 1139 2135 tandem
1170 2101 1356 2133 intellecto
1381 2100 1464 2132 dolo
1493 2099 1692 2132 confectam

264 2147 357 2179 viam
381 2151 560 2189 repetunt,
583 2147 825 2180 Andronicum
846 2148 973 2180 eodem
998 2149 1119 2192 fugere
1146 2147 1294 2192 opinati.
1322 2157 1442 2180 verum
1466 2146 1497 2178 is
1525 2155 1697 2178 converso

265 2192 395 2224 itinere
419 2192 489 2224 alia
510 2192 568 2224 via
596 2192 754 2225 Galizam
777 2196 948 2238 pervenit.
989 2199 1026 2227 at
1048 2195 1202 2238 Pupaces
1227 2193 1452 2237 imperatoris
1487 2193 1586 2224 iussu
1624 2202 1696 2235 pu-

265 2238 362 2271 blice
378 2238 499 2270 multis
517 2237 752 2271 verberibus
743 2251 781 2271 m
805 2245 903 2283 tergo
927 2246 964 2273 et
985 2240 1141 2272 humeris
1158 2239 1316 2272 afficitur.
1338 2238 1469 2271 deinde
1495 2238 1588 2271 collo
1614 2237 1694 2270 funi

265 2285 400 2317 inserto
436 2296 455 2316 a
491 2295 668 2327 praecone
705 2285 999 2324 circumducitur,
1031 2295 1158 2328 magna
1189 2296 1275 2317 voce
1298 2286 1541 2329 proclamante
1565 2283 1695 2328 „quis-⁶

265 2331 347 2374 quis
372 2330 596 2374 imperatoris
621 2330 759 2363 hostem
783 2331 932 2363 aedibus
958 2330 1086 2374 recipit
1109 2330 1266 2374 datoque
1287 2332 1419 2363 viatico
1445 2330 1615 2370 dimittit,
1641 2330 1693 2362 ita

265 2376 466 2420 flagellatur
489 2381 526 2409 et
549 2377 854 2409 circumducitur'’.
889 2377 951 2410 ille
977 2387 1060 2408 vero
1096 2376 1245 2408 intentis
1270 2376 1309 2409 in
1332 2377 1457 2421 populi
1484 2380 1693 2409 concursum

265 2423 401 2462 oculis,
437 2422 543 2454 hilari
577 2423 701 2463 vultu,
733 2423 866 2464 „haec”
892 2423 1012 2467 inquit
1046 2423 1289 2462 „contumelia
1325 2435 1343 2455 a
1378 2423 1503 2467 quovis
1542 2422 1694 2454 obiicia-

264 2474 347 2510 tur,
374 2468 481 2501 modo
508 2469 622 2501 virum
656 2468 748 2501 bene
769 2469 935 2501 meritum
966 2479 1038 2500 non
1067 2468 1286 2512 prodiderim
1311 2474 1373 2501 aut
1396 2468 1524 2501 acerbe
1548 2467 1696 2501 dimise-

264 2515 344 2570 rim,
369 2515 451 2555 sed,
477 2518 517 2547 ut
540 2515 657 2553 licuit,
679 2515 850 2547 coluerim
875 2520 911 2547 et
937 2514 1069 2547 laetum
1097 2513 1320 2558 ablegarim'’.
1346 2520 1422 2548 tum
1443 2525 1527 2548 vero
1554 2514 1695 2548 Andro-

264 2562 384 2603 nicus,
419 2561 558 2601 obviis,
596 2561 694 2604 quod
722 2562 839 2601 aiunt,
873 2561 967 2593 ulnis
993 2572 1013 2593 a
1039 2539 1199 2593 Galizaeo
1205 2562 1385 2605 praefecto
1416 2565 1600 2605 susceptus
1629 2565 1694 2594 est

264 2619 394 2653 quem,
421 2607 486 2640 etsi
520 2618 592 2639 non
611 2606 671 2639 diu
699 2607 750 2639 ibi
777 2607 923 2647 mansit,
951 2607 1001 2639 ita
1025 2612 1143 2639 vimen
1168 2608 1223 2640 sui
1242 2607 1420 2640 desiderio
1450 2607 1627 2647 devinxit,
1652 2612 1695 2640 ut

266 2654 299 2686 ei
326 2659 363 2688 et
401 2653 438 2686 in
461 2659 590 2686 venatu
627 2654 768 2687 adesset
798 2659 836 2687 et
862 2654 899 2686 in
924 2658 1049 2687 senatu
1077 2653 1273 2695 assideret,
1300 2653 1499 2699 eodemque
1532 2658 1626 2687 tecto
1657 2658 1694 2687 et

265 2700 347 2736 cibo
371 2705 541 2732 uteretur

358 2746 545 2780 Caeterum
577 2745 749 2792 patruelis
774 2745 891 2791 sugam
917 2751 950 2780 et
989 2746 1136 2780 exilium
1159 2746 1377 2791 ignominiae
1402 2745 1471 2780 sibi
1496 2757 1571 2780 esse
1595 2750 1692 2780 ratus
