1878 3230
290 191 397 243 502
709 202 937 244 Nlcss‘rAE
975 200 1288 243 cnomA'rAE

284 306 416 348 ταῦτα
436 304 474 343 δ’
490 303 714 356 ἐφθέγγετο
728 302 783 340 δι’
800 299 984 351 ὑποψίας
1004 298 1112 351 ἔχων
1130 297 1202 340 τὸν
1221 296 1324 351 πρὸς
1340 298 1495 351 πατρὸς
1509 303 1623 342 θεῖον
1643 300 1715 342 τὸν

283 364 647 421 σεβαστοκράτορα
671 363 874 419 Ἰωάννην
903 362 959 413 ὥς
986 365 1117 405 πάλαι
1146 379 1189 405 τε
1217 365 1274 420 τῷ
1288 363 1436 420 Βρανᾷ
1461 362 1624 419 συνήθη
1648 367 1719 406 καὶ

283 434 405 488 ὀλίγῳ
438 429 636 485 πρότερον
662 431 734 484 τῆς
775 430 1035 477 ἅποστασίας
1063 430 1196 482 γάμον
1235 427 1333 469 υἱοῦ
1377 427 1571 470 θύσαντα
1602 428 1716 482 ’μετὰ

282 494 492 550 θυγατρὸς
522 497 598 536 τοῦ
635 498 794 548 Βρανᾶ.
851 496 921 550 ἐφ’
950 490 1011 543 οἷς
1053 497 1124 536 καί
1160 490 1252 536 ὅσοι
1293 495 1370 546 μὲν
1409 494 1614 549 ἐπλήρουν
1648 493 1719 536 τὸν

282 560 375 602 τότε
405 560 603 614 σύλλογον
631 561 686 600 ου’
711 562 871 614 μικρῶς
907 559 1188 614 ἑπαθήναντο,
1233 555 1253 600 ὁ
1291 560 1338 600 δὲ
1374 560 1755 614 σεβαστοκράτωρ5

282 622 394 666 ἅπαν
415 622 571 667 ἑαυτοῦ
595 627 807 678 μεθιστῶν
834 621 1015 667 ὕποπτον
1053 622 1437 678 παλαμναιοτάταις
1469 624 1591 679 ἀραῖς
1621 622 1720 672 τούς

246 697 370 735 Βκατ’
403 686 513 732 οἶκον
539 686 726 739 ἅπαντας
752 687 906 732 ἑαυτοῦ
934 693 1007 731 καί
1033 687 1179 731 ἑαυτὸν
1217 689 1269 742 δὴ
1301 690 1640 742 καθυπέβαλλεν,
1682 690 1722 730 εἰ

286 753 392 804 ὅλως
422 752 590 809 ἐγνώκει
617 757 713 797 ποτὲ
740 758 799 812 τῷ
825 758 975 811 Βρανᾷ
1000 752 1334 809 προσθήσεσθαι·
1391 755 1499 808 μηδὲ
1530 753 1610 808 γάρ
1649 751 1721 794 οὕ-

282 837 361 871 τως
391 817 500 864 εἶναι
528 823 603 862 τοῦ
633 821 889 875 καθήκοντος
918 818 1064 875 α’δαής,
1095 816 1122 874 ἢ
1150 819 1221 862 τὸν
1247 822 1345 865 νοῦν
1374 818 1455 861 ὑπὸ
1483 821 1557 861 τοῦ
1585 818 1721 874 γήρως

283 883 591 929 ἀπολωλεκέναι
616 886 688 927 καί
724 883 960 941 ἦλιθιάζειν
992 884 1280 938 παντάπασιν,
1318 885 1375 935 ὥς
1412 881 1784 940 άὸελφόπαιὸοςιο

280 951 489 1005 βασιλέως
520 953 593 993 καί
619 949 699 993 α’πό
736 949 857 1006 δόξης
891 952 949 1000 εἷς
980 950 1106 1002 δόξαν
1136 952 1458 1006 μετεωρίσαντος
1495 949 1564 991 τὸν
1591 945 1720 990 ὕπαι-

280 1020 385 1072 θρον
418 1019 491 1058 καί
517 1015 673 1070 ἔπηλυν
702 1016 1041 1066 ἀνταλλάξασθαι
1071 1018 1124 1057 δι’
1166 1018 1404 1069 ἀγχιστείαν
1438 1013 1612 1067 παιδός,
1651 1013 1724 1055 καί

282 1081 329 1125 ὃν
360 1085 435 1123 ου“κ
477 1081 616 1137 ἴσησιν
647 1083 830 1137 α’κριβιός
857 1083 896 1123 εἰ
934 1081 1199 1136 διανοήσαιτο
1241 1079 1453 1135 δήπουθεν
1500 1082 1564 1122 ἐπ’
1612 1080 1722 1135 αὐτῷ

280 1149 352 1189 καί
378 1145 625 1200 δράσειετὰ
653 1144 924 1201 χρηστότερα.

388 1215 427 1254 8.
483 1211 591 1254 Ἐπεὶ
620 1214 657 1253 δ’
688 1210 826 1254 ἐκάλει
858 1211 1003 1264 καιρὸς
1030 1210 1133 1266 πρὸς
1152 1211 1386 1266 παράταξιν
1404 1212 1474 1254 καὶ
1498 1209 1518 1251 ὅ
1540 1209 1722 1252 οἷποστά-
1739 1213 1786 1253 15

281 1296 350 1334 της
384 1278 596 1320 ἐκτάσσειν
624 1277 700 1325 τάς
739 1277 893 1326 οἰκείας
921 1276 1126 1329 δυνάμεις
1147 1277 1365 1330 ἠγγέλλετο
1381 1310 1393 1330 ,
1437 1275 1723 1318 οἷνακλίνονται

281 1346 359 1397 μὲν
390 1342 435 1385 αἶ
465 1342 593 1384 πύλαι
630 1344 705 1396 τῆς
746 1339 926 1394 πόλεως,
968 1340 1182 1395 ἐκχέονται
1224 1343 1270 1383 δὲ
1315 1341 1366 1383 τά
1412 1341 1718 1394 στρατεύματα.

285 1408 357 1450 καί
384 1407 428 1449 τὸ
453 1410 530 1460 μὲν
560 1408 773 1458 εὐώνυμον
801 1408 925 1461 κέρας
945 1404 967 1446 ὃ
997 1403 1324 1462 πρωτοστράτωρ
1354 1407 1494 1460 ἐπεῖχε
1510 1405 1723 1460 Μανουὴλ

247 1473 309 1519 οὗ
340 1471 591 1527 Καμύτζης,
636 1469 682 1521 ὃς
709 1474 784 1512 οὐκ
812 1471 931 1525 ὀλίγα
977 1474 1035 1528 τῷ
1065 1475 1236 1525 βασιλεῖ
1262 1469 1490 1525 ἐχορήγησε
1528 1470 1723 1526 χρήματα

148 1553 273 1587 v,202
287 1537 391 1580 κατὰ
420 1537 493 1592 την
522 1537 612 1579 τότε
639 1540 858 1592 γενομένην
886 1540 968 1578 τῶν
993 1535 1174 1578 ὁπλιτῶν
1202 1536 1472 1591 ξενολόγησιν·
1529 1535 1723 1590 ἔχθιστος
1736 1553 1789 1578 zo

286 1603 365 1658 γάρ
400 1600 459 1645 (ὂν
489 1605 546 1659 τῷ
573 1604 721 1658 Βρανᾷ
737 1635 749 1654 ,
776 1604 877 1656 μηδ’
906 1604 1088 1656 α’γαθαῐς
1116 1604 1292 1651 ἐννοίαις
1328 1601 1576 1654 βαλλόμενος
1606 1599 1722 1656 εἴπερ

285 1668 347 1723 εἴη
375 1670 710 1724 ἐπικρατέστερος
739 1667 762 1708 ὅ
790 1670 970 1723 Βρανᾶς,
996 1669 1134 1709 πᾶσαν
1160 1666 1237 1722 τὴν
1265 1669 1411 1709 ου’σίαν
1438 1670 1609 1720 βασιλεῖ
1629 1663 1723 1708 ἆνε-

377 1782 411 1816 8.
441 1779 772 1823 προστεθήσεσθαι
793 1780 832 1812 Δ.
933 1792 982 1814 ιο.
1009 1778 1243 1813 ἀπολωλέναι
1266 1780 1305 1811 Α.
1407 1779 1472 1812 καὶ
1496 1778 1720 1826 ἤλιθιάζειν]

376 1825 559 1871 ἐγενόμην
587 1828 771 1860 τοσοῦτον
797 1825 995 1872 ἅλόμωρος
1019 1827 1069 1862 ὥς
1091 1829 1197 1863 θεῖος
1221 1825 1402 1869 βασιλέως
1426 1822 1480 1860 ὢν
1500 1827 1564 1858 καὶ
1579 1824 1722 1869 πατρὸς

376 1871 484 1910 τάξιν
507 1873 653 1916 ἐπέχων
690 1874 755 1905 καὶ
781 1872 848 1917 ἀφ’
877 1872 919 1914 ἧς
955 1872 1060 1917 εἶχον
1083 1872 1192 1914 δόξης
1226 1873 1280 1909 εἰς
1310 1872 1576 1917 μεγαλωτέραν
1609 1870 1724 1911 δόξαν

377 1918 585 1963 ἐτιμήθην,
609 1919 830 1961 καταλεῖψαὶ
865 1927 907 1951 σε
930 1912 998 1952 τὸν
1022 1917 1067 1953 δν
1095 1918 1144 1956 οἷς
1169 1916 1346 1951 vibratae
1378 1919 1532 1961 βασιλέα
1564 1917 1725 1963 ἀκριβῶς

378 1965 554 2008 γινώσκω
578 1966 615 1997 Β.
690 1975 738 1999 12.
764 1957 826 1997 διὰ
857 1965 924 2006 τὴν
954 1963 999 2007 »ἲν
1024 1961 1121 2010 πρὸς
1144 1958 1262 1999 αὐτὸν
1288 1967 1574 2010 συμπενθερίαν
1597 1965 1725 2006 ἐποίη-

380 2019 430 2043 σα
457 2012 494 2043 Β.
588 2021 646 2045 20.
668 2013 744 2046 τοῖν
769 2010 948 2058 ὁπλιτῶν]
975 2015 1045 2045 τοῦ
1069 2010 1345 2057 στρατεύματος
1368 2012 1407 2043 A.

289 2111 372 2134 nem
398 2100 718 2134 sebastocratorem
743 2108 909 2146 patruum
937 2114 1037 2136 suum
1066 2107 1270 2148 suspectum
1297 2101 1458 2134 habebat
1481 2106 1523 2134 ut
1553 2105 1590 2133 et
1613 2102 1726 2134 veteri

290 2146 560 2180 necessitudine
585 2153 621 2180 et
648 2149 786 2182 recenti
820 2149 994 2181 affinitate
1030 2161 1108 2182 cum
1139 2150 1252 2181 Brana
1279 2149 1526 2187 coniunctum,
1555 2147 1657 2180 cuius
1685 2148 1727 2180 fi-

291 2194 378 2225 liam
402 2204 474 2225 non
498 2194 548 2225 ita
572 2193 711 2237 pridem
738 2195 813 2227 filio
840 2206 904 2228 suo
929 2195 1182 2240 desponderat.
1207 2194 1339 2240 quibus
1361 2193 1479 2226 verbis
1499 2204 1578 2226 cum
1603 2205 1728 2227 omues

292 2240 356 2271 alii
382 2238 599 2280 doluerunt,
627 2245 702 2272 tum
728 2241 1009 2282 sebastocrator,
1025 2247 1074 2281 xut
1101 2252 1242 2274 omnem
1267 2240 1508 2284 suspicionem
1532 2250 1554 2272 a
1576 2251 1613 2272 se
1627 2251 1728 2273 amo-

291 2290 410 2325 veret,
440 2296 582 2317 omnem
607 2286 780 2320 familiam
806 2299 905 2320 suam
933 2293 970 2320 et
1004 2294 1119 2321 semet
1143 2289 1263 2332 ipsum
1290 2285 1520 2319 atrocissimis
1547 2285 1635 2319 diris
1663 2286 1728 2320 ‹le-

291 2331 466 2371 vovebat,
502 2331 533 2363 si
569 2343 727 2376 unquam
755 2333 802 2366 ad
830 2335 980 2366 Branam
1020 2334 1172 2367 deficere
1198 2334 1237 2367 in
1275 2332 1394 2365 animo
1430 2331 1627 2366 habuisset.
1662 2344 1728 2366 ne-

292 2388 364 2422 que
389 2378 484 2409 enim
513 2388 550 2410 se
574 2378 628 2410 ita
651 2389 728 2412 esse
758 2380 864 2413 officii
891 2380 1014 2413 rudem
1041 2386 1103 2413 aut
1131 2380 1232 2413 senio
1258 2378 1432 2419 delirare,
1466 2383 1508 2411 ut
1531 2378 1651 2412 fratris
1685 2380 1728 2412 fi-

292 2425 384 2457 lium
408 2424 683 2468 imperatorem,
709 2437 730 2457 a
755 2437 827 2470 quo
852 2425 897 2458 ab
925 2427 996 2458 alia
1021 2426 1197 2470 dignitate
1221 2425 1267 2458 ad
1290 2425 1397 2457 aliam
1413 2431 1598 2468 promotus
1623 2430 1729 2466 esset,

293 2470 454 2503 advenae
479 2469 546 2502 sub
570 2469 630 2502 dio
654 2473 829 2511 versanti,
855 2473 957 2504 cuius
982 2473 1139 2505 animum
1164 2482 1247 2517 erga
1270 2482 1307 2504 se
1331 2471 1596 2516 inexploratum
1615 2471 1728 2505 habe-

294 2521 372 2556 ret,
397 2516 443 2549 ob
469 2516 538 2548 filii
560 2517 703 2560 nuptias
731 2517 974 2561 posthaberet.

386 2564 418 2597 8.
466 2561 554 2594 Cum
579 2563 709 2596 Branas
734 2574 817 2596 suos
844 2564 978 2597 milites
1012 2565 1050 2596 in
1083 2564 1196 2597 aciem
1231 2564 1397 2598 eduxisse
1435 2566 1663 2599 nuntiaretur
1691 2568 1730 2596 et

294 2619 434 2657 pugnae
460 2613 600 2652 tempus
625 2619 702 2642 esse
725 2609 920 2651 videretur,
942 2611 1075 2654 apertis
1092 2611 1206 2654 portis
1228 2612 1363 2644 milites
1380 2615 1582 2656 erumpunt,
1605 2613 1729 2654 proto-

296 2661 448 2688 stratore
471 2654 641 2687 Manuale
665 2655 834 2699 Camyze,
859 2656 922 2701 qui
958 2657 1166 2701 imperatori
1203 2657 1248 2689 ad
1273 2658 1544 2691 conducendum
1574 2655 1728 2689 militem

296 2712 372 2734 nou
392 2711 535 2746 parvam
558 2702 747 2745 pecuniam
772 2702 1040 2747 suppeditarat,
1067 2714 1176 2736 cornu
1205 2704 1388 2737 sinistrum
1415 2704 1612 2738 obtinente.
1644 2712 1727 2735 nam

299 2759 378 2789 cuin
401 2750 538 2788 Branae
563 2748 830 2787 inimicissimus
859 2754 954 2784 esset
988 2760 1105 2795 neque
1140 2761 1237 2795 spemv
1275 2749 1408 2789 bonam
1443 2751 1599 2790 foveret,
1631 2749 1660 2781 si
1696 2749 1727 2788 iss
