1838 3210
572 188 842 232 nonANNFs
897 187 1221 229 counimus,-
1547 162 1620 235 59

177 294 262 335 τῶν
290 289 352 334 ἔτι
392 287 629 346 παριόντων
647 302 721 342 μοι
757 288 816 344 τῷ
843 286 921 345 βίῳ
949 287 1110 329 παίδων
1153 282 1383 342 (Ἰσαάκιος
1411 276 1526 324 οὗτοι
1552 282 1625 322 καί

179 356 409 413 Μανουῆλ)
443 351 655 410 ἄρχεσθαι
679 354 968 406 γλιχομένους,
993 351 1067 394 καὶ
1093 353 1195 407 μηδ’
1221 346 1352 405 αὐτὴν
1378 346 1452 403 τὴν
1481 347 1623 389 ἐπιλο-

177 422 254 480 γὴν
283 421 446 471 ἑαυτοῖς
473 423 526 479 τῇ
553 422 592 462 δ’
620 421 700 475 ἐμῇ
719 417 853 476 ψήφῳ
878 415 1163 469 ἀνατιθέντας,
1194 417 1306 474 φημὶ
1330 414 1379 471 δὴ
1409 412 1467 463 ὦς
1494 412 1519 468 ἦ
1546 412 1666 465 μὲνι)

180 487 308 545 φύσις
348 493 434 536 τοῖς
469 482 749 542 πρωτοτόκοις
785 485 911 525 παισί
934 485 985 540 τῇ
1023 481 1139 534 τάξει
1166 483 1406 537 ἐμμένουσα
1430 477 1483 522 τὰ
1510 493 1624 532 πρω-

143 560 272 601 5τεῖα
300 547 527 613 βραβεύειν
557 550 706 604 εἴωθε,
743 547 862 605 παρὰ
891 550 939 592 δὲ
970 550 1058 606 θεῷ
1083 550 1162 603 οὐχ
1190 546 1324 598 οὕτως
1348 549 1394 589 ἐν
1419 550 1515 595 ταῖς
1540 545 1625 586 τῶν

181 616 453 675 προβλήσεων
489 617 708 671 μεγίσταις
751 613 825 657 οἷεί
850 630 939 664 πως
969 619 1091 669 φιλεῖ
1112 617 1321 668 γίνεσθαι.
1374 610 1624 664 α’ναλογίσα-

179 689 257 729 σθε
282 683 352 728 τὸν
378 681 523 727 Ἰσαὰκ
560 682 637 725 τοῦ
660 677 835 735 Ἰσμαῆλ
859 677 968 722 κατὰ
993 680 1181 734 γέννησιν
1209 677 1526 732 δευτερεύοντα,
1554 672 1627 717 τὸν

180 749 326 803 Ἰακώβ
353 747 458 803 μετὰ
487 746 560 790 τὸν
579 748 724 790 Ἠσαῦ
764 746 914 802 νηδύος
933 742 1162 800 ἐκθορόντα
1187 746 1262 799 τῆς
1288 745 1519 798 μητρικῆς,
1551 739 1627 783 τὸν

179 817 377 871 Μωῦσῆν
412 816 490 857 τοῦ
524 811 696 868 Ἀαρών
739 809 939 867 ὕστερον,
981 810 1054 854 τὸν
1079 812 1223 866 Λαβίδ
1247 808 1379 852 αὐτὸν
1403 806 1552 863 μικρὸν
1582 807 1628 848 ἐν

121 901 169 927 ιο
181 887 268 934 τοῖς
293 878 493 938 ἀδελφοῖς
517 876 619 923 ὄντα
647 880 726 922 κα’ν
751 880 808 938 τῷ
835 879 1024 935 πατρικῷ
1057 876 1155 935 οἴκῳ
1178 874 1406 931 νεώτερον,
1435 877 1509 916 καί
1541 872 1628 915 ἑτέ-

181 965 283 1006 ρους
320 949 368 991 δὲ
405 945 463 998 ὥς
502 948 734 996 πλείστους.
799 945 851 987 οὗ
882 943 963 1000 γὰρ
1001 941 1050 986 τό
1076 947 1193 986 θεῖον
1221 944 1264 992 ἐς
1290 941 1511 997 πρόσωπον
1539 942 1628 981 κατ’

180 1011 408 1072 ἄνθρωπον
437 1014 581 1072 ἀφορᾷ
596 1045 608 1067 ,
637 1012 712 1055 καὶ
733 1012 937 1068 βραβεύει
962 1011 1020 1069 τῷ
1043 1008 1181 1068 χρόνῳ
1207 1007 1259 1052 τὰ
1290 1011 1436 1061 τίμια,
1464 1010 1629 1054 πολιαῖς

180 1081 254 1124 καὶ
276 1080 459 1137 ἡλικίαις
506 1081 828 1135 προσκείμενον,
871 1077 964 1120 ἀλλ’
993 1078 1178 1134 εὐγενείᾳ
1211 1081 1365 1130 χαῖρον
1392 1075 1534 1128 ψυχῆς
1561 1071 1633 1114 ἐπὶ

179 1146 254 1190 τὸν
281 1149 416 1203 πρᾶον
456 1148 601 1200 βλέπει
631 1143 705 1187 καὶ
728 1139 887 1200 ἥμερον
914 1145 988 1185 καί
1014 1141 1086 1184 τὸν
1114 1142 1250 1184 αὐτοῦ
1284 1137 1552 1197 φυλάττοντα
1577 1136 1628 1180 τὰ

123 1212 431 1267 ι5ἐντάλματα.
458 1209 562 1254 κατα
586 1213 724 1252 ταῦτα
748 1212 971 1265 τοιγαροῦν
1001 1207 1075 1250 καί
1097 1203 1226 1257 αὗτὸς
1247 1207 1300 1248 ου’
1327 1207 1376 1264 τῇ
1405 1205 1631 1261 δεκαστρίᾳ

181 1276 310 1335 φύσει
335 1276 387 1320 τά
416 1276 548 1319 πολλὰ
574 1274 878 1332 χαριζόμενος,
908 1273 1016 1317 α’λλιὶ
1043 1272 1144 1323 τους
1171 1271 1360 1326 θεσμοὺς
1386 1270 1521 1325 αὐτῆς
1548 1266 1630 1311 ὅσα

180 1343 254 1386 καί
280 1341 479 1399 γυναικὸς
503 1341 865 1397 σμικρογνοόμονος
893 1338 1120 1395 διαβούλια
1148 1341 1194 1382 ἓν
1223 1344 1310 1389 τοῖς
1333 1336 1516 1393 καιρίοις
1546 1351 1627 1377 πα-
1638 1342 1673 1375 Ρ.
1687 1342 1732 1377 30

180 1407 486 1467 ρακρουόμενος
536 1407 778 1464 πράγμασι,
819 1410 1046 1461 μιμεῖσθαι
1086 1409 1248 1460 μᾶλλον
1285 1402 1524 1461 προάγομαι
1551 1388 1738 1445 τόνγ·24

181 1477 538 1532 προσωποληψίας
572 1471 710 1530 πάσης
749 1471 953 1529 ἀνώτερον
993 1471 1111 1519 θεόν.
1170 1472 1211 1515 εἶ
1234 1473 1313 1525 μὲν
1339 1466 1417 1512 ὀὖν
1444 1467 1551 1512 κατὰ
1579 1467 1627 1510 τὸ

118 1557 171 1583 20
184 1542 470 1598 α’ναμφίλογον
496 1542 541 1590 ἐς
579 1538 652 1590 τὸν
679 1542 775 1582 καθ’
814 1538 981 1595 ἡλικίαν
1025 1535 1261 1595 προήκοντα
1301 1535 1434 1580 παῖδά
1465 1551 1537 1589 μοι
1563 1532 1634 1576 τὸν

178 1605 384 1650 Ἰσαάκιον
409 1608 651 1661 μετέβαινεν
681 1605 705 1662 ἧ
735 1604 866 1662 α’ρχή,
900 1607 987 1648 κατ’
1016 1605 1140 1647 οῦδὲν
1168 1599 1222 1646 ἄν
1251 1618 1324 1657 μοι
1351 1602 1484 1656 λόγων
1513 1601 1631 1654 ἐδέη-

183 1687 257 1716 σεν
297 1674 358 1722 εἷς
403 1670 670 1727 παράστασιν
704 1673 778 1727 τῆς
825 1668 986 1728 ἇμφοΐν
1022 1687 1096 1725 μοι
1122 1677 1210 1712 τοῖν
1241 1671 1410 1711 παίδοιν
1438 1666 1631 1723 φύσεως·

184 1738 278 1781 ἐπεὶ
313 1740 362 1781 δὲ
400 1737 507 1794 πρὸς
542 1736 617 1780 τὸν
644 1735 917 1793 ὖστερότοκον
944 1734 1157 1791 Μανουὴλ
1196 1736 1223 1791 ἦ
1251 1736 1448 1789 βασιλεία
1473 1735 1633 1785 μᾶλλον

186 1805 509 1859 προσ-νένευκεν,
554 1805 750 1846 ἐκκλίνων
783 1803 829 1846 τὸ
876 1802 1148 1857 καχύποπτον
1177 1803 1263 1844 τῶν
1297 1802 1462 1843 πολλῶν
1485 1798 1559 1840 καί
1583 1798 1630 1840 τὸ

124 1873 175 1915 25
189 1867 307 1921 δόξαι
337 1868 453 1926 παρά
483 1886 593 1912 τισιν
621 1867 678 1920 (ὅς
718 1872 878 1928 φιλτρῳ
909 1871 1070 1923 μᾶλλον
1100 1867 1173 1910 καί
1199 1867 1274 1910 οὐκ
1303 1868 1432 1923 α’ρετῇ
1462 1879 1631 1920 προστι-

188 2036 290 2082 nuel)
322 2035 574 2080 obtemperare
607 2037 722 2077 velle,
755 2047 875 2082 neque
912 2036 1092 2070 delectum
1119 2037 1216 2082 ipsos
1242 2045 1415 2080 usurpare
1444 2034 1508 2067 sed
1532 2044 1633 2067 meae

189 2094 361 2117 censurae
387 2084 608 2128 permittere,
635 2082 803 2129 equidem
818 2085 935 2117 fateor
958 2089 1122 2117 naturam
1147 2083 1388 2128 principatum
1406 2087 1494 2115 natu
1519 2082 1637 2114 maio-

191 2130 290 2163 ribus
330 2130 470 2163 deferre
507 2131 634 2164 solere.
661 2131 769 2164 deum
791 2142 876 2164 vero
902 2131 941 2164 in
965 2130 1196 2175 designandis
1225 2129 1367 2174 regibus
1391 2130 1499 2162 aliam
1523 2129 1635 2161 ratio-

190 2188 272 2210 nem
300 2177 513 2222 plerumque
550 2178 654 2223 sequi
693 2178 951 2211 animadverto.
976 2179 1132 2223 cogitate
1157 2179 1319 2210 Isaacum
1342 2182 1430 2210 natu
1459 2177 1636 2209 minorem

190 2224 362 2265 Ismaele,
386 2224 557 2257 Iacobum
582 2230 666 2269 post
687 2225 816 2258 Esaum
854 2230 1017 2258 materno
1050 2231 1154 2258 utero
1191 2225 1372 2265 exiliisse,
1403 2224 1540 2257 Mosem
1564 2224 1636 2256 Aa·

191 2281 278 2304 rone
304 2271 505 2312 iuniorem,
533 2271 709 2305 Davidem
745 2277 782 2306 et
822 2277 959 2306 statura
987 2278 1023 2305 et
1047 2277 1166 2305 aetate
1189 2272 1377 2304 minimum
1405 2271 1516 2304 luisse
1540 2271 1636 2303 inter

190 2318 330 2359 fratres,
357 2318 521 2363 aliosque
545 2319 731 2363 plurimos.
756 2330 823 2352 nec
847 2319 943 2352 enim
968 2319 1057 2352 ‹leus
1082 2318 1239 2352 humano
1260 2330 1359 2352 more
1376 2329 1552 2364 personae
1581 2329 1637 2350 ra-

190 2365 328 2403 tionem
351 2364 474 2406 habet,
497 2376 565 2399 nec
590 2366 708 2410 pretia
733 2377 850 2399 rerum
882 2366 981 2400 canis
1005 2372 1042 2400 et
1068 2371 1187 2400 aetate
1208 2366 1369 2406 metitur,
1394 2364 1457 2398 sed
1476 2364 1637 2398 indolem

191 2412 328 2452 animi,
352 2412 690 2454 mansuetudinem,
715 2412 903 2447 lenitatem
930 2414 1117 2454 intuetur,
1141 2413 1466 2458 mandatorumque
1491 2422 1637 2445 suorum

191 2458 492 2492 observationem.
527 2459 661 2504 quibus
698 2459 744 2492 de
766 2461 883 2494 causis
922 2471 986 2506 ego
1012 2471 1159 2506 quoque
1185 2460 1397 2505 corrupti-ici
1424 2465 1576 2492 naturae
1600 2459 1638 2491 in

191 2505 317 2539 multis
342 2517 416 2539 non
443 2506 636 2552 obsequor,
663 2506 727 2540 sed
751 2508 828 2540 eius
846 2508 1036 2550 institutis,
1059 2513 1101 2540 ut
1113 2507 1269 2552 pusillae
1293 2506 1529 2540 mulierculae
1554 2517 1640 2538 con-

190 2552 305 2593 siliis,
330 2553 368 2586 in
394 2553 501 2586 rebus
533 2553 757 2598 gravioribus
783 2554 1005 2600 repudiatis,
1042 2554 1150 2587 deum
1177 2554 1292 2588 omnis
1322 2565 1452 2599 pravae
1479 2553 1640 2586 affectio-

191 2598 250 2633 nis
273 2605 457 2644 expertem
480 2606 661 2634 auctorem
686 2602 790 2646 sequi
820 2602 928 2635 malo.
953 2600 1085 2646 quodsi
1110 2602 1198 2635 citra
1226 2602 1335 2634 ullam
1362 2600 1639 2634 controversiam

194 2644 384 2690 imperium
408 2647 568 2688 Isaacio,
610 2648 687 2680 filio
712 2653 799 2681 natu
826 2648 1035 2693 grandiori,
1059 2648 1274 2682 tradendum
1301 2654 1418 2689 esset,
1443 2647 1538 2680 nihil
1561 2657 1641 2678 ver-

195 2690 253 2724 bis
280 2698 375 2727 esset
395 2705 486 2739 opus
512 2693 559 2727 ad
582 2694 651 2727 filii
675 2696 868 2740 utriusque
901 2695 1157 2728 declarandum
1181 2696 1377 2740 ingenium.
1403 2694 1467 2727 sed
1490 2704 1568 2725 cum
1595 2691 1641 2725 ad

196 2743 284 2770 natu
308 2740 484 2774 minorem
512 2742 718 2774 Manuelem
743 2742 782 2775 id
807 2742 971 2783 inclinet,
998 2741 1043 2775 ad
1066 2743 1164 2787 vulgi
1191 2743 1304 2776 malas
1330 2741 1552 2786 suspiciones
1577 2739 1640 2772 de-

196 2784 383 2820 clinandas
424 2793 460 2822 ct
482 2788 692 2834 opinionem
717 2799 795 2823 eam
835 2789 1060 2832 evitandam,
1085 2801 1130 2824 ne
1154 2791 1282 2824 affectu
1308 2788 1431 2834 potius
1453 2798 1563 2833 quam
1585 2786 1642 2820 iu-
