1838 3210
218 196 245 228 2
255 195 285 228 Ο
629 187 855 230 NICETAE
910 183 1217 227 CHONIATAE

213 289 256 333 τό
284 290 472 346 χρᾶσθαι
508 287 771 342 μεγαλαυχίᾳ
817 283 890 326 καὶ
928 282 1008 326 σύν
1032 283 1175 341 κόμπῳ
1203 281 1458 338 τραχύτερον
1482 282 1642 335 ἐπιέναι

212 353 259 397 τὸ
291 354 529 409 βάρβαρον,
576 353 635 401 εἰς
660 349 826 404 μνήμην
853 344 986 403 ἄγων,
1019 347 1075 397 ὥς
1099 347 1205 390 ἔοικε
1222 379 1235 402 ,
1264 346 1317 390 τά
1345 348 1576 402 πονηθέντα
1603 346 1645 390 οῖ

215 417 416 474 πρότερον
425 451 438 471 ,
477 415 596 472 ἡνίκα
638 413 686 456 τά
721 413 939 466 Ῥωμαίων
967 415 1154 469 σκῆπτρα
1185 415 1341 455 διεῖπεν
1373 409 1396 453 ὅ
1425 411 1645 467 Κομνηνὸς

213 483 412 535 Ἀλέξιος,
456 479 524 523 ὅτε
553 478 686 533 εἴχετο
719 476 862 535 Θρᾴκη
897 480 970 520 καί
995 477 1048 521 τά
1081 483 1251 520 πλεῖστα
1275 478 1347 531 τῆς
1375 476 1645 524 ΙΗακεδονιάς

212 546 418 603 ἠρήμωτο.
487 544 540 586 τὰ
566 546 644 597 μὲν
672 539 747 585 οὖν
788 545 929 598 πρῶτα
961 545 1209 599 στρατηγικῇ
1238 539 1407 599 μεθόδῳ
1435 540 1680 596 χρώμενοςό

212 612 232 654 ὃ
258 610 458 665 βασιλεύς
486 612 539 651 δι’
560 611 793 664 α’ποστολῆς
822 608 1087 663 ὁμογλώττων
1116 610 1194 650 τοῦ
1220 610 1303 650 τῶν
1336 608 1512 649 Σκυθῶν
1540 605 1644 648 εἷπο-

171 678 403 731 Οπειρᾶται
442 672 774 729 στρατεύματος,
818 672 859 715 εἴ
885 690 972 723 πως
1011 676 1051 723 ἐς
1094 672 1311 728 ὁμολογίας
1349 675 1548 726 ξυμβαῖεν
1573 669 1646 713 καὶ

211 743 286 783 τοῦ
324 739 394 782 διά
441 738 583 794 μάχης
618 746 775 793 χωρεῖν
813 739 1033 780 ἀποσταῖεν
1069 737 1217 787 πάντες
1243 735 1272 792 ἢ
1298 741 1397 793 γοῦν
1424 736 1553 789 ἔνιοι,
1583 737 1643 784 εἰς

205 807 373 854 πλείους
401 805 642 862 διῃρημένοι
662 804 798 860 φυλὰς
818 806 891 845 καί
922 802 1138 859 διακριδὸν
1155 802 1379 858 στρατήγια
1408 801 1642 857 βάλλοντες.

204 868 538 927 ἐφελκυσάμενος
567 864 639 910 οὖν
675 867 795 910 τόνδε
833 868 906 911 τὸν
933 867 1088 923 τρόπον
1115 867 1232 917 τινάς
1258 871 1339 911 τῶν
1368 869 1463 923 παρ’
1498 868 1640 916 αὐτοῖς
1657 887 1704 915 10

202 933 255 977 τά
282 937 423 990 πρῶτα
451 933 690 990 φερόντων,
727 936 864 975 πᾶσαν
891 933 1202 989 φιλοφροσύνην
1228 933 1290 974 ἐπ’
1322 936 1463 981 αὐτοῖς
1486 931 1641 975 ἐπιδεί-

202 1016 362 1053 κνυται,
393 1000 443 1041 ού
467 997 593 1052 μόνον
615 997 809 1054 περιττάς
829 997 1032 1046 ἑστιάσεις
1060 998 1205 1046 αὐτοῖς
1234 1000 1535 1055 παραθέμενος,
1566 1000 1641 1039 α’λ·

203 1064 255 1107 λά
285 1068 357 1106 καί
384 1070 569 1119 σηρικοῖς
597 1061 931 1118 καταγοητεύσας
963 1062 1205 1115 ἱματισμοῖς
1231 1065 1305 1106 καί
1328 1065 1545 1112 κυπέλλοις
1571 1064 1644 1105 καί

203 1132 370 1185 λέβησιν
411 1131 633 1184 οἷργυρέοις
678 1126 1003 1183 ὑπαγαγόμενος.
1069 1129 1251 1178 καὶτοῖς
1286 1129 1452 1171 δελέασι
1481 1127 1641 1177 τούτοις

203 1194 254 1237 τά
288 1197 371 1237 τῶν
413 1195 588 1237 Σκυθῶν
627 1191 935 1248 ύποχαυνιόσας
963 1194 1209 1250 φρονήματα
1227 1227 1239 1246 ,
1269 1192 1372 1249 ἔγνω
1399 1192 1458 1250 μὴ
1492 1191 1639 1248 καιρόν
1655 1198 1703 1240 15

203 1257 312 1302 εἶναι
341 1258 605 1314 μελλήσεως,
638 1260 730 1300 ἄλλ’
757 1258 926 1313 ἐπάγειν
961 1259 1102 1309 αὐτοῖς
1129 1258 1203 1310 τὰς
1234 1258 1432 1312 δυνάμεις
1459 1259 1536 1300 >cdx
1563 1260 1640 1300 τοῦ

204 1325 355 1367 αὐτίκα
381 1324 666 1376 συντάξασθαι
683 1356 696 1378 ,
735 1324 812 1375 ἕως
849 1324 910 1367 ἔτι
939 1323 1015 1374 τάς
1045 1323 1212 1378 γνώμας
1238 1323 1401 1380 ἔχοντές
1427 1326 1532 1367 εἰσιν
1558 1325 1639 1378 οἷμ-

158 1403 189 1436 D
205 1390 404 1446 φιβόλους
429 1393 502 1432 καί
529 1388 705 1446 ῥέπουσι
728 1389 833 1445 πρὸς
854 1389 1082 1446 ἀμφότερα,
1111 1392 1182 1432 καί
1202 1391 1423 1443 Ῥωμαίοις
1449 1391 1527 1444 μὲν
1546 1391 1639 1431 δια-

200 1455 415 1508 νοούμενοι
456 1455 716 1498 σπείσασθαι
755 1454 824 1497 διά
861 1453 910 1497 τά
938 1471 1085 1511 σφισιν
1129 1456 1489 1510 ἐπαγγελλόμενα,
1526 1457 1638 1510 θαρ-

201 1522 370 1576 ροῦντες
399 1522 445 1562 δὲ
480 1520 552 1562 καὶ
595 1519 669 1562 τὸν
696 1520 876 1573 πόλεμον
905 1520 961 1569 ὦς
988 1523 1063 1562 τοῦ
1094 1523 1212 1563 νικᾶν
1239 1520 1391 1570 ἐθάδες
1417 1519 1547 1562 πάλαι
1570 1535 1637 1575 γε-
1649 1539 1701 1566 20

191 1582 378 1638 ’νόμενοω
437 1581 544 1640 ἄρας
569 1587 704 1627 τοίνυν
738 1586 783 1626 ἐκ
810 1586 890 1627 τῶν
918 1587 993 1639 τῆς
1024 1585 1184 1641 Βερόης
1209 1587 1350 1641 μερῶν
1376 1586 1527 1642 (ἐκεῖσε
1554 1583 1634 1640 γάρ

199 1650 591 1705 ἐστρατοπεδεύετο)
623 1655 818 1706 κνεφαῖος
854 1656 939 1699 τοῖς
965 1649 1149 1699 Σκύθαις
1181 1653 1476 1706 συρρήγνυται.
1529 1653 1638 1706 γίνε-

198 1731 270 1756 ται
297 1716 440 1756 τοίνυν
457 1715 664 1770 φρικαλέα
685 1731 746 1763 τις
773 1715 979 1770 συμβολή,
1009 1717 1080 1758 καί
1106 1718 1523 1771 καταπληκτικωτέρα
1555 1717 1637 1758 τῶν

198 1776 360 1821 πώποτε
400 1777 517 1834 μάχη
558 1782 825 1821 συνίσταται·
881 1781 924 1822 οἵ
947 1795 992 1822 τε
1021 1779 1102 1835 γάρ
1129 1780 1295 1822 Σκύθαι
1321 1781 1518 1835 γενναίως
1545 1781 1636 1823 ἐδέ-

199 1848 318 1895 ξαντο
344 1843 389 1887 τὸ
419 1843 616 1902 ἡμέτερον
636 1846 876 1901 στράτευμα
905 1846 956 1903 τῇ
983 1847 1065 1888 τῶν
1093 1848 1231 1889 ἵππων
1258 1847 1469 1889 &nemost
1489 1848 1560 1890 καί
1585 1849 1636 1906 τῇ
1647 1852 1699 1894 25

294 1961 321 1983 ι.
344 1951 514 1996 χρῆσθαι
538 1950 577 1984 Α.
680 1954 712 1987 8.
738 1948 835 1998 πρὸς
859 1952 920 1985 71).-
945 1952 984 1984 A.

199 2043 262 2076 sed
289 2044 397 2076 etiam
421 2044 467 2077 ob
486 2044 717 2078 insolentiam
741 2050 776 2078 et
793 2046 1046 2079 confidentiam
1070 2045 1313 2079 barbarorum.
1329 2046 1517 2090 repetebat
1536 2047 1632 2080 enim

197 2091 368 2122 memoria
403 2091 545 2123 labores
583 2102 689 2132 suos,
729 2103 817 2136 quos
856 2093 983 2125 Alexio
1009 2093 1191 2125 Comneno
1219 2093 1419 2137 imperante
1442 2098 1631 2138 coeperat,

198 2148 277 2168 cum
292 2136 445 2169 Thracia
463 2143 635 2181 occupata
651 2143 687 2171 et
702 2138 914 2171 Macedonia
941 2140 1093 2171 maxima
1111 2150 1154 2171 ex
1165 2144 1267 2183 parte
1282 2138 1443 2172 desolata
1461 2145 1565 2173 esset.
1578 2151 1632 2173 .ac

197 2183 375 2227 principio
393 2184 509 2216 missis
527 2183 573 2215 ad
587 2184 734 2227 Scythas
747 2185 885 2228 legatis,
905 2197 1026 2218 eorum
1043 2186 1187 2230 linguae
1205 2186 1343 2229 peritis,
1360 2186 1560 2230 periculum
1577 2187 1633 2219 fa·-

198 2229 247 2261 cit
267 2240 312 2260 an
335 2234 376 2261 ut
394 2229 439 2262 ad
452 2230 636 2274 pactiones
655 2230 874 2264 descendant
895 2232 1112 2276 persuadere
1131 2233 1244 2276 possit
1267 2237 1303 2265 et
1321 2243 1340 2264 a
1359 2231 1448 2264 belli
1470 2233 1631 2266 consiliis

198 2285 319 2307 omnes
337 2284 484 2308 avocare
502 2281 563 2308 aut
578 2277 702 2309 saltem
715 2278 916 2322 plerosque.
931 2279 1062 2311 namin
1078 2279 1197 2323 plu-res
1215 2278 1331 2311 tribus
1346 2284 1448 2312 erant
1457 2278 1632 2313 distribu—

197 2321 237 2361 ti,
266 2332 332 2353 nec
351 2322 414 2354 uni
432 2322 514 2354 duci
527 2323 712 2366 parebant.
734 2324 802 2356 hoc
817 2324 926 2367 igitur
941 2330 1054 2369 ‘pacto
1069 2324 1242 2369 quosdam
1270 2335 1314 2357 ex
1327 2325 1551 2370 principibus
1569 2336 1631 2362 ense

198 2378 275 2399 rum
299 2369 395 2400 omni
410 2379 536 2412 genere
556 2370 732 2402 comitatis
748 2370 817 2402 sibi
838 2371 1016 2411 conciliat,
1040 2382 1113 2403 non
1128 2370 1235 2403 modo
1251 2371 1444 2404 luxuriosis
1459 2372 1630 2406 conviviis

197 2413 428 2454 instruendis,
456 2414 518 2447 sed
545 2420 581 2447 et
603 2416 724 2448 sericis
739 2416 896 2449 vestibus
915 2422 951 2449 et
964 2417 1102 2462 poculis
1118 2423 1155 2450 et
1170 2417 1352 2450 lebetibus
1372 2418 1550 2462 argenteis
1564 2418 1631 2451 do·—

199 2459 339 2492 nandis.
359 2460 491 2504 quibus
520 2461 700 2494 illecebris
727 2473 803 2494 cum
821 2463 941 2495 fucum
968 2464 1112 2496 fecisset
1133 2463 1272 2506 Scythis
1298 2474 1432 2508 eosque
1453 2475 1544 2498 vana
1566 2475 1629 2509 spe

199 2505 379 2547 inflasset,
415 2517 489 2539 non
521 2507 759 2540 cunctandum
795 2519 870 2541 esse
895 2515 990 2542 ratus
1018 2510 1138 2554 copias
1176 2510 1216 2542 in
1238 2510 1352 2543 aciem
1375 2509 1521 2551 eduxit,
1543 2510 1629 2544 dum

199 2551 317 2584 adhuc
341 2552 516 2596 ambiguis
562 2559 680 2586 essent
715 2555 841 2587 animis
873 2561 910 2587 et
935 2556 1135 2599 suspensis,
1159 2567 1199 2588 ac
1223 2567 1348 2600 pacem
1377 2557 1423 2590 ob
1446 2551 1630 2601 pollicita-

197 2599 315 2631 tiones
340 2599 420 2631 illas
446 2610 523 2632 cum
550 2600 714 2633 Romanis
752 2600 869 2632 facere
895 2602 1114 2644 cogitarent,
1141 2613 1208 2634 nec
1231 2607 1353 2636 tamen
1381 2614 1401 2635 a
1424 2613 1561 2647 pugna,
1589 2608 1630 2637 ut

199 2644 283 2676 olim
309 2645 451 2678 vincere
477 2646 630 2686 assueti,
659 2646 903 2679 abhorrerent.
929 2648 1058 2680 educto
1078 2648 1187 2691 igitur
1210 2649 1322 2682 Beroe
1349 2649 1506 2683 exercitu
1532 2648 1630 2695 (nam

199 2689 251 2721 ibi
274 2696 387 2724 castra
410 2691 584 2738 hahebat)
623 2693 832 2737 crepusculo
863 2693 1008 2736 Scythas
1036 2694 1247 2737 aggreditur.
1272 2696 1312 2728 fit
1337 2694 1523 2728 horribilis
1543 2705 1630 2729 con-

198 2735 334 2779 flictus,
368 2743 405 2772 et
436 2739 656 2773 atrocissima
688 2750 806 2785 pugna
845 2739 1089 2773 committitur.
1119 2751 1202 2774 nam
1230 2745 1267 2775 et
1292 2740 1444 2786 Scythae
1468 2746 1630 2777 nostrum
