1878 3230
694 171 831 211 muss
872 169 1063 212 CAPTA.
1483 149 1596 220 845

172 277 248 318 τοῦ
275 272 467 314 κινδύνου
499 270 675 326 <hafflig
695 267 743 312 ὃν
770 268 910 324 ἔγγιον
931 265 1019 323 εἶχε
1043 269 1324 324 προσέρποντα
1350 266 1423 310 καὶ
1450 268 1602 322 σχεδὸν

169 339 262 380 οὐδ’
293 334 368 378 ὅσα
397 333 491 390 γόνυ
520 334 674 389 κνήμης
701 330 856 375 ἑαυτοῦ
884 332 1193 389 αφιστοίμενον,
1227 333 1354 387 α’πρῖξ
1381 335 1457 375 καί
1479 330 1602 375 πάλιν

165 406 238 459 τῆς
265 402 510 455 Ἡρακλείας
530 397 682 452 ἔχεται·
704 397 800 448 τούς
827 400 863 440 δ’
887 400 930 440 έν
944 399 1164 455 Βυζαντίῳ
1179 400 1389 448 Λατίνους
1402 400 1475 453 τῆς
1492 415 1600 451 συμ-
1611 408 1645 441 Ρ.
1660 408 1726 453 4¹²

167 467 227 522 μα’
230 483 310 522 χου
330 465 645 517 διαμειβόμενος
666 464 861 518 στρατιᾶς
884 464 1058 517 σιτηγῶν
1075 465 1229 504 πλοίων
1243 465 1454 514 δεξιοῦται
1478 480 1603 505 κατα-

129 539 318 588 5γωγαῖς
333 532 404 571 καί
426 530 595 583 κρέασιν
611 527 755 577 υἱειόις
769 533 1026 582 ταριχηροῖς,
1049 529 1121 568 καί
1142 529 1240 581 παρ’
1262 530 1401 570 αὕτῶν
1427 530 1603 570 αἰτεῖται
1614 534 1655 569 V.
1669 535 1737 569 338

167 599 366 650 δευτέραν
393 594 596 649 συναρσιν
610 626 622 646 ,
651 594 725 634 καί
751 597 987 647 λιπαρεῖται
1006 595 1049 633 έν
1066 599 1156 641 ταῖς
1172 592 1275 647 πρὸς
1299 591 1368 634 τὸν
1380 594 1604 647 Λάσκαριν

165 668 350 717 γραφαῖς
385 658 458 700 καί
487 660 686 706 σπονδαῖς
727 663 812 707 τοῖς
854 656 1135 710 ὑποκειμένοις
1172 661 1294 714 σφίσι
1321 659 1508 700 κάκεῖνον
1538 661 1605 701 ἐν·-

165 725 418 778 τὰττεσθαι,
448 724 522 764 καί
543 721 619 778 τὴν
647 722 716 764 ὑπ’
745 720 875 764 αὐτὸν
901 725 1038 763 πᾶσαν
1066 723 1210 778 χώραν
1240 728 1330 771 ταῖς
1356 722 1437 764 ὑπὸ
1469 725 1605 766 Λατί-

169 806 266 839 νους
293 791 566 844 ἐγκρίνεσθαι,
622 786 767 839 ἆμέλει
799 786 856 836 ὥς
883 783 972 840 εἶχε
998 788 1131 828 ταῦτα
1161 791 1491 840 καταθεμένους,
1521 786 1604 829 πύ-

110 877 155 902 10
169 859 285 897 θοιτο
320 857 364 896 δὲ
407 855 480 894 καί
505 852 577 894 τὸν
614 851 836 904 Λάσκαριν
863 854 910 894 ἐκ
941 853 1122 900 Νικαίας
1150 854 1208 901 εἰς
1241 855 1450 907 Προῦσαν
1477 854 1603 906 μετιέ-

168 937 320 975 ραντα,
351 921 394 969 ἐξ
417 919 669 972 ιΗρακλειάς
696 915 855 972 πρόεισι
883 918 956 957 καί
981 915 1110 965 αὐτὸς
1127 918 1192 974 »τῷ
1223 920 1475 975 συμμαχικῷ
1501 935 1604 972 γαυ-

167 988 272 1040 ριῶν
321 982 423 1038 ὅπερ
453 984 498 1024 ὲκ
528 983 767 1033 Βυζαντίου
795 983 1012 1036 προσεχοῦς
1053 982 1192 1039 ἐκείνῳ
1235 984 1491 1036 (ἐπέσταλτο,
1530 1000 1605 1036 γυ-

157 1051 350 1107 μνασιάν
388 1063 432 1090 τε
459 1046 534 1088 καί
558 1045 787 1101 οἷνοὶπειραν
825 1043 979 1089 ἑαυτοῦ
1015 1046 1214 1088 κάκείνων
1241 1045 1506 1101 ποιούμενος,
1533 1047 1606 1090 τὸν

163 1116 400 1169 Σαγγάριον
429 1106 582 1165 διᾶβὰς
611 1109 796 1164 ποταμὸν
825 1108 1032 1165 ὑπηκόους
1059 1109 1315 1163 κωμοπόλεις
1338 1114 1394 1168 τῷ
1405 1112 1642 1167 ΛάσκαριΒ

106 1187 155 1228 15
169 1179 318 1235 ἔκειρε.
334 1179 408 1220 καί
421 1181 519 1231 μεθ’
534 1177 694 1231 ἡμέρας
711 1175 842 1225 αὔτὸς
858 1178 937 1227 μὲν
958 1178 1118 1218 ἐκεῖθεν
1134 1177 1401 1230 μεθίσταται,
1422 1175 1608 1232 ὁμήρους

167 1247 213 1288 ἐκ
232 1246 305 1299 τῆς
321 1240 589 1290 Πλουσιάδος
609 1239 839 1293 δεξάμενος,
866 1241 990 1288 ἐνίοις
1010 1242 1056 1282 δὲ
1074 1243 1152 1281 καί
1177 1239 1309 1293 δεσμὰ
1337 1244 1607 1297 περιθέμενος

167 1309 240 1352 διὰ
270 1307 314 1351 τὸ
353 1310 466 1363 σφᾶς
496 1308 693 1361 χωρῆσαι
718 1307 778 1362 τῷ
803 1303 1021 1358 Λάσκαρι·
1081 1304 1118 1346 οἱ
1146 1307 1182 1346 δ’
1210 1307 1358 1347 Ἰταλοὶ
1399 1307 1504 1360 περί
1524 1322 1604 1349 που

166 1373 265 1423 τούς
292 1373 552 1428 τριακοσίους
579 1368 783 1426 ὁρώμενοι
813 1368 1168 1424 παρεσκευάζοντο
1193 1372 1270 1423 μὲν
1309 1372 1382 1412 καί
1417 1374 1606 1424 περαιτέ-

167 1456 228 1494 ρω
242 1436 398 1494 χωρεῖν
418 1437 496 1478 xcix
514 1439 594 1478 τῶν
619 1435 770 1477 κοίλων
794 1433 899 1486 πρὸς
916 1434 966 1476 τοὶ
995 1436 1182 1489 μετέωρα
1203 1434 1382 1489 ἔβαινον,
1408 1437 1606 1478 ἐπελθόν-

103 1528 156 1554 20
167 1521 236 1555 τος
267 1506 304 1546 δ’
334 1503 478 1550 αὐτοῖς
498 1500 744 1555 α’προόπτως
770 1500 870 1554 περὶ
887 1499 964 1549 τοὶς
990 1502 1063 1554 τῆς
1085 1500 1365 1554 Νικομηδείας
1398 1503 1606 1555 Τραχείας

163 1570 433 1624 Ἀνδρονικου
481 1569 557 1608 τοῦ
586 1567 626 1607 Γ
625 1565 744 1617 ίδου,
783 1566 858 1605 καί
882 1567 1097 1619 γινομένης
1140 1567 1380 1620 συμβολῆς,
1406 1566 1606 1619 ἡττῶνται

167 1633 275 1688 μετὰ
313 1634 515 1680 πλείστας·
549 1628 731 1682 οἶμοιβιὶς
757 1632 831 1671 τοῦ
869 1631 1074 1682 πολέμου,
1105 1629 1141 1670 οἱ
1171 1632 1216 1671 δὲ
1246 1632 1319 1671 καί
1347 1632 1606 1684 ζωγροῦνται

168 1705 254 1747 τοῖς
282 1699 533 1751 περισχοῦσι
559 1693 612 1736 τὰ
641 1691 719 1750 ὅρη
738 1695 811 1736 καί
835 1700 926 1742 ταῖς
950 1697 1346 1748 προλελοχισμέναις
1372 1695 1455 1736 ὑπὸ
1486 1697 1607 1750 σφῶν

168 1760 455 1818 περιπεσόντες
482 1762 691 1814 ἐνέδραις,
724 1759 780 1808 ὥς
804 1761 912 1813 μηδὲ
940 1758 1157 1814 πυρφόρον
1186 1759 1489 1815 ὑπολελεῖφθαι
1507 1775 1606 1813 σχε-

104 1835 156 1876 25
173 1828 246 1870 δὸν
269 1826 340 1870 τὸν
366 1827 422 1884 τῷ
452 1827 596 1879 Δαβίδ
621 1827 926 1878 ἀπαγγελοῦντα
964 1825 1107 1866 τουτοῒ
1128 1823 1173 1866 τὸ
1206 1825 1473 1879 δυστύχημα.
1530 1825 1645 1872 α’λ-(ζ

169 1892 222 1936 aa
255 1895 330 1935 καί
353 1894 521 1947 Πέτρος
549 1890 572 1932 ὅ
601 1890 646 1932 ἐκ
672 1887 913 1944 Πλάντζης,
948 1884 1000 1930 οὖ
1032 1890 1105 1931 καί
1129 1887 1315 1946 πρόσθεν
1342 1888 1606 1945 ἐμνήσθημεν

170 2050 275 2079 men,
310 2048 378 2071 nec
417 2036 530 2070 multo
566 2047 587 2068 a
608 2046 648 2068 se
689 2035 858 2068 remotius
896 2045 1003 2079 qnam
1026 2045 1046 2066 a
1073 2044 1165 2077 genu
1198 2033 1291 2067 tibia
1315 2033 1443 2076 distat,
1465 2038 1607 2078 praeter

171 2086 379 2131 opinionem
417 2083 612 2122 evasisset,
649 2093 769 2114 rursus
805 2081 999 2113 Heracleae
1044 2080 1193 2113 firmiter
1225 2081 1416 2122 inhaeret,
1459 2081 1606 2113 Latinos

170 2143 254 2166 vero
271 2130 430 2174 Byzantii
456 2127 689 2172 degentes'ob
712 2127 824 2160 latum
846 2127 1019 2159 auxilinm
1035 2126 1275 2160 frumentariis
1291 2126 1441 2160 navibus
1465 2132 1502 2160 et
1525 2138 1607 2171 per-

171 2180 228 2212 nis
265 2181 533 2217 remuneratur;
570 2180 678 2220 atque
703 2174 748 2206 ab
777 2174 826 2206 eis
860 2173 995 2206 auxilia
1023 2172 1141 2205 denuo
1164 2174 1280 2217 petit,
1317 2179 1467 2218 oratque
1503 2173 1607 2206 utin

174 2225 320 2258 foedere
349 2222 539 2256 Lascarino
580 2232 616 2254 se
643 2231 787 2265 quoque
823 2225 862 2252 ut
885 2231 988 2252 suum
1018 2219 1202 2252 subditum
1227 2219 1539 2264 conprehendant,
1565 2224 1603 2251 et

174 2282 315 2305 omnem
350 2269 569 2314 provinciam
609 2278 715 2312 quam
739 2271 863 2300 teneat
889 2266 984 2298 inter
1009 2265 1152 2298 Latinas
1178 2266 1376 2310 provincias
1401 2270 1601 2298 numerent..

174 2329 266 2362 quae
291 2328 370 2349 cum
407 2315 463 2348 illi
488 2314 717 2347 annuissent:
758 2318 794 2346 et
817 2312 994 2344 Lascarim
1019 2312 1151 2344 Nicaea
1176 2312 1320 2345 Prusam
1345 2312 1477 2345 abiisse
1502 2312 1606 2343 audi-

173 2364 304 2403 visset,
331 2363 407 2406 ipse
431 2371 577 2406 quoque
595 2359 769 2392 Heraclea
792 2358 933 2403 prodit,
959 2365 996 2391 et
1019 2359 1162 2391 auxiliis
1191 2370 1306 2403 nuper
1329 2359 1496 2402 Byzantio
1521 2358 1607 2390 mis-

175 2410 223 2442 sis
248 2409 390 2442 inflatus
406 2433 416 2448 ‚
446 2419 525 2440 cum
551 2407 606 2440 sui
635 2412 712 2439 tum
740 2406 883 2438 illorum
915 2405 1122 2450 periculum-
1141 2405 1318 2446 facturus,
1347 2404 1516 2448 Sangario
1539 2402 1608 2434 flu-

174 2456 272 2489 mine
308 2458 473 2498 superato
504 2453 714 2486 Lascarinae
748 2451 896 2484 ditionis
934 2451 1068 2496 oppida
1094 2456 1234 2491 vastat,
1275 2457 1312 2484 et
1337 2456 1420 2495 post
1442 2450 1517 2481 dies
1540 2449 1609 2480 ali-

176 2506 267 2546 quot
293 2500 378 2532 inde
414 2499 632 2544 digreditur,
674 2497 862 2531 obsidibus
890 2497 1058 2530 Plusiade
1084 2498 1261 2542 acceptis,
1286 2496 1470 2529 nonnullis
1499 2495 1608 2526 etiam

174 2549 214 2580 in
239 2546 382 2579 vincula
408 2546 599 2586 coniectis,
627 2545 725 2590 quod
750 2545 796 2577 ad
814 2544 991 2577 Lascarim
1018 2543 1243 2576 defecissent.
1291 2542 1373 2575 Itali
1399 2552 1482 2574 vero
1506 2541 1610 2573 circi-

176 2600 232 2627 ter
259 2592 342 2625 CCC
366 2591 540 2635 parabant
563 2592 704 2635 longius
730 2590 917 2635 progredi,
953 2596 991 2624 et
1014 2601 1035 2622 e
1058 2589 1213 2622 vallibus
1240 2589 1277 2620 in
1313 2593 1451 2620 montes
1485 2597 1611 2619 ascen-

179 2640 326 2673 debant.
352 2636 415 2669 sed
442 2637 536 2669 circa
557 2637 788 2670 Nicomediae
812 2636 983 2670 Tracliias
1008 2635 1128 2669 subito
1155 2633 1349 2668 Andronici
1363 2633 1473 2665 Guidi
1485 2643 1611 2676 super-

177 2691 289 2719 ventu
313 2688 395 2729 post
419 2682 552 2715 variam
578 2694 718 2727 pugnae
742 2684 922 2717 fortunam
945 2683 1144 2720 vincuntur,
1168 2679 1333 2712 nonnulli
1357 2679 1463 2713 etiam
1490 2679 1527 2712 in
1551 2678 1608 2711 in-

179 2731 290 2767 sidias
327 2730 366 2773 in
389 2728 570 2763 montibus
598 2729 788 2763 collocatas
826 2729 963 2773 delapsi
988 2727 1198 2773 capiuntur,
1214 2726 1267 2758 'ut
1288 2736 1381 2771 pene
1406 2725 1527 2760 nullus
1550 2735 1610 2758 su—
