1878 3230
315 210 387 257 DE
426 214 622 259 ALExio
663 214 857 258 isAAcn
894 214 1091 258 Auem
1129 184 1213 256 m.
1252 217 1351 258 Lm.
1378 219 1411 258 1.
1479 200 1588 273 627

165 328 321 358 πτυσεν
350 316 544 358 ἆνένευσέ
574 332 616 359 τε
644 318 842 371 καθαρῶς
870 315 942 358 καί
971 315 1216 370 α’νέπνευσε,
1255 320 1326 359 καί
1353 320 1596 371 δεινοτέρων

166 382 418 435 ἀγγέλμασιν
449 383 724 435 α’κουσμάτων
751 380 947 435 βάλλεται
974 380 1131 435 ἄλλων,
1159 383 1233 425 καί
1256 379 1339 425 ταῖν
1366 380 1598 426 ἐνεστώτων
1609 391 1643 425 Ρ.
1661 391 1729 424 306

167 441 277 501 ἦσαν
303 447 354 506 τά
385 447 710 502 προσδοκώμενα
738 443 1076 502 δυσαχθέστερα,
1101 446 1145 489 εἴ.
1174 463 1222 502 γε
1246 447 1296 490 τὰ
1322 450 1400 502 μὲν
1426 445 1601 491 ὗπὲσαι-

166 527 237 554 νον
275 510 520 565 ἐλευθερίας
551 512 925 566 ε’γκαταλείμμασιν
956 509 1039 553 ἀπὸ
1077 514 1233 566 μέρους
1270 513 1519 567 α’λγύνοντα,
1547 513 1596 556 τά

131 578 206 620 ὅδ’
232 578 280 619 ἐκ
307 579 393 620 τῶν
420 574 622 631 ἑσπερίων
650 578 784 619 ἐθνῶν
814 579 1017 630 βάλλοντα
1046 579 1238 619 δουλείαν
1266 585 1467 634 παρεῖχον
1493 586 1602 635 φαν-

165 641 370 694 τάζεσθαι
400 642 593 695 παγγενεί
614 643 925 697 προβησομὲνην
955 643 1026 683 καί
1051 642 1409 685 δυσαπάλλακτον.
1469 645 1491 686 ὅ
1518 644 1599 700 γὰρ

167 706 219 762 δὴ
250 708 342 750 τότε
373 709 536 762 κρατῶν
564 708 647 748 τῶν
663 707 912 759 Ἀλαμανῶν
938 709 1149 762 Ἀμερίγος
1178 707 1203 748 ὅ
1231 711 1307 749 τοῦ
1339 711 1600 764 Φρεδερίχου

166 771 282 826 υἱός,
312 772 356 821 ὃς
383 774 427 814 ἐν
454 773 506 828 τῇ
534 771 638 814 κατά
670 775 959 828 Παλαιστίνην
997 772 1132 831 ἀνόδῳ
1173 772 1225 814 τά
1255 770 1413 816 ὕστατα
1450 777 1601 829 νίπτρα

166 841 361 880 λέλουται
389 839 580 895 ποταμίῳ
614 837 882 890 ἐναποψύξας
910 836 1107 894 ῥεύματι,
1136 837 1279 887 καθώς
1310 840 1355 881 ἐν
1387 847 1470 890 τοῖς
1499 840 1602 883 κατὰ

105 902 234 947 ποτὸν
261 903 435 957 βασιλέα
460 899 668 944 Ἰσαάκιον
700 902 773 943 τὸν
793 899 993 957 Ἀγγελον
1020 902 1156 957 λόγοις
1176 902 1406 959 ἱστόρηται,
1433 903 1502 960 τὴν
1522 923 1602 947 πα·-

164 969 303 1026 τρσραν
338 966 522 1023 εἰληφώς
560 970 776 1021 βασιλείαν
807 970 1001 1010 Σικελίαν
1039 984 1084 1010 τε
1124 969 1494 1025 παραστησάμενος
1531 973 1604 1012 καί

164 1033 338 1078 Ἰταλίαν
367 1032 686 1088 ὑπαγαγόμενος
713 1035 784 1076 ἐπὶ
814 1035 919 1090 τῷδε
960 1033 1034 1076 καὶ
1068 1035 1289 1088 Ῥωμαίοις
1330 1038 1469 1086 αὐτοῖς
1504 1038 1600 1078 ἐπε..

166 1097 324 1154 φύετο,
353 1097 610 1154 πραγμάτων
637 1099 848 1154 νεωτέρων
877 1094 1030 1148 ἄτοπος
1056 1097 1115 1141 α’)’ν
1151 1099 1330 1155 ἐραστής
1357 1101 1431 1142 καί
1457 1101 1638 1157 ρέκτηςΒ

165 1166 302 1206 κακῶν
331 1163 688 1213 δυσαπάλλακτος.
748 1164 822 1205 οὐκ
848 1165 996 1219 α’νέδην
1027 1165 1074 1206 δὲ
1108 1166 1181 1205 καί
1209 1166 1359 1206 αὐτίκα
1381 1165 1603 1218 Ῥωμαίοις

108 1225 218 1285 ιόἧν
245 1229 507 1285 ἐφεδρεύων,
534 1228 580 1270 τὸ
610 1231 682 1283 τῆς
713 1229 988 1284 ἐγχειρήσεως
1025 1230 1206 1284 ἐργῶδες
1244 1229 1602 1284 ὑποβλεπόμενος,

166 1297 239 1337 κατ’
266 1293 326 1336 ἔτι
354 1288 463 1347 ἔχων
491 1299 575 1341 τοῖς
596 1293 835 1350 ὀφθαλμοῖς
862 1296 1109 1349 προκείμενα
1140 1293 1275 1337 ὁπόσα
1297 1294 1501 1348 Ῥωμαῖοι
1527 1313 1603 1339 κα-

164 1358 214 1403 τά
245 1362 470 1402 Σικελικῶν
507 1361 756 1415 η’νδρίσαντο
787 1361 830 1408 ἐς
859 1357 937 1414 τὴν
962 1360 1183 1414 ,ἡμετέραν
1218 1361 1360 1416 πρώην
1385 1365 1603 1416 παρεμβα-

164 1424 331 1478 λόντων,
360 1423 434 1466 καί
461 1423 577 1480 παρὰ
605 1428 683 1466 τοῦ
708 1423 828 1466 πάπα
856 1426 903 1466 δὲ
929 1427 1005 1479 τῆς
1033 1427 1315 1480 πρεσβυτέρας
1337 1425 1500 1481 Ῥώμης
1526 1429 1602 1468 οὐκ

164 1487 334 1532 ἔλαττον
356 1489 728 1546 οἷνασειραζόμενος
754 1491 827 1545 τῆς
864 1492 1119 1544 προθέσεως.
1182 1492 1354 1544 πέμψας
1380 1487 1460 1532 ὀὖν
1501 1493 1602 1547 πρέ-

100 1572 153 1598 20
165 1559 280 1609 σβεις
306 1554 412 1611 πρὸς
437 1554 510 1598 τὸν
535 1555 818 1611 αὐτοκράτορα
841 1554 1046 1598 ’Ῑσαάκιον
1068 1556 1142 1610 (ου’
1166 1554 1246 1609 γάρ
1275 1573 1340 1597 πω
1366 1558 1439 1610 τῆς
1466 1557 1602 1611 ἀρχῆς

163 1621 484 1677 ἐξωστράκιστο)
513 1621 647 1670 αἰτίας
676 1620 858 1677 συνείρει
880 1620 1067 1662 οἷναιτίου
1088 1618 1296 1674 δήπουθεν
1326 1621 1596 1670 διαστάσεως.

164 1684 300 1744 ἑαυτῷ
329 1686 413 1742 γάρ
443 1682 671 1741 ἐπεμέριζε
708 1685 781 1729 καὶ
805 1687 1084 1744 προσῳκείου,
1124 1686 1181 1735 ὥς
1209 1682 1290 1740 ἤδη
1318 1688 1506 1734 Σικελίας
1533 1689 1598 1736 ἐξ·
1635 1692 1638 1693 ’

164 1750 422 1804 ουσιάζοντι,
450 1750 526 1801 τὰς
554 1752 598 1803 ἐξ
626 1751 756 1807 αὐτῆς
778 1751 1028 1804 Ἐπιδάμνου
1055 1753 1183 1807 μέχρι
1211 1750 1285 1793 καὶ
1306 1752 1380 1804 τῆς
1405 1755 1598 1804 μεγαλω-

262 1863 311 1904 14.
338 1860 407 1896 οὐκ
435 1860 584 1909 ἀνέδην]
615 1863 681 1895 καὶ
714 1861 976 1907 ἀδιαντρόπως
1005 1854 1074 1904 τὴν
1095 1863 1291 1905 βασιλείαν
1314 1860 1493 1906 ρωμαίων
1526 1873 1595 1907 yv-

255 1908 375 1954 ρεύων
402 1909 438 1941 Β.
550 1920 602 1954 ¹7·
630 1909 837 1951 σικεληνῶν
863 1910 902 1941 Α.
996 1920 1050 1943 21.
1076 1909 1253 1954 συνείρει]
1280 1911 1441 1953 συνῆρεν
1462 1909 1501 1942 A.

254 2026 324 2059 Vix
346 2027 545 2060 Romanum
565 2027 753 2072 imperium
778 2027 823 2059 ab
847 2028 915 2060 hoc
938 2027 1032 2059 malo
1058 2027 1261 2071 respirarat,
1284 2038 1362 2060 cum
1388 2027 1451 2058 alii
1475 2027 1593 2059 nuntii

162 2073 339 2117 graviores
364 2075 578 2113 afferuntur,
609 2080 646 2107 et
669 2075 787 2107 futura
812 2075 983 2106 maiorem
1008 2073 1168 2106 dolorem
1194 2076 1346 2106 afferunt
1363 2085 1468 2118 quam
1492 2084 1596 2117 prae*

161 2120 288 2153 sentia.
312 2130 395 2152 nam
420 2120 508 2153 haec
533 2120 678 2165 quidem
693 2146 702 2161 ‚
726 2122 886 2165 quamvis
911 2132 954 2152 ex
980 2126 1080 2164 parte
1105 2121 1305 2152 molestiam
1330 2119 1516 2159 haberent,
1540 2126 1595 2152 §.a-

160 2176 244 2199 men
267 2166 449 2200 libertatis
473 2167 663 2200 'nonnullis
686 2167 850 2212 reliquiis
876 2166 1166 2199 blandiebantur.
1196 2177 1289 2211 quae
1316 2172 1435 2199 autem
1464 2167 1508 2200 ab
1534 2177 1594 2198 oc-

162 2212 404 2246 cidentaHbus
429 2213 594 2258 gentibus
618 2214 880 2254 imminebant,
907 2217 951 2246 ea'
976 2214 1181 2246 servitutem
1207 2214 1407 2246 universam
1441 2218 1477 2246 et
1511 2223 1594 2256 per-

162 2264 306 2303 petuam
334 2260 604 2293 minitabantur.
629 2271 711 2292 nam
738 2260 1012 2293 Alemannorum
1037 2271 1099 2292 rex
1121 2260 1326 2302 Amerigus,
1352 2259 1525 2292 Friderici
1551 2259 1592 2291 fi-

162 2305 254 2346 lius,
280 2307 343 2351 qui
370 2307 409 2339 in
425 2306 657 2350 expeditione
682 2307 882 2340 Palaestina
905 2306 1109 2340 submersus
1136 2311 1189 2338 est
1204 2332 1212 2345 ‚
1237 2312 1279 2338 ut
1312 2307 1348 2338 in
1372 2306 1497 2338 Isaacii
1519 2306 1592 2337 An—

163 2351 235 2394 geli
261 2353 411 2398 imperio
442 2353 619 2393 diximus,
644 2359 793 2398 paterno
826 2354 1028 2398 principatu
1054 2358 1240 2397 susceptO,
1274 2352 1398 2384 Sicilia
1422 2358 1459 2385 et
1488 2352 1592 2384 Italia

163 2397 337 2440 subactis,
362 2400 535 2432 Romanos
560 2400 656 2444 ipsos
684 2399 894 2441 lacessebat,
921 2411 1092 2434 novarum
1121 2410 1236 2431 rerum
1262 2399 1464 2443 importune
1491 2399 1592 2441 cupi-

165 2442 250 2484 dus,
279 2449 317 2477 et
337 2451 512 2489 grassator
534 2446 766 2479 inevitabilis.
792 2457 910 2492 neque
935 2453 1056 2479 tamen
1090 2446 1210 2479 statim
1238 2446 1415 2478 Romanos
1440 2445 1590 2482 invasit,

165 2490 216 2521 rei
242 2489 449 2524 difficultate
475 2493 678 2525 deterritus·
705 2494 832 2537 positis
861 2493 978 2526 adhuc
1006 2493 1052 2525 ob
1080 2493 1202 2525 oculos
1232 2498 1434 2524 nostrorum
1470 2495 1590 2522 contra

164 2535 303 2568 siculos
321 2537 472 2571 sortibus
497 2538 728 2579 facinoribus,
756 2551 835 2572 cum
858 2536 995 2584 pridem
1026 2540 1063 2572 in
1087 2538 1288 2584 provincias
1313 2543 1452 2571 nostras
1478 2538 1591 2578 impe-

164 2587 240 2614 tum
267 2582 453 2624 fecissent,
489 2591 526 2618 et
560 2597 579 2618 a
603 2586 732 2618 veteris
767 2587 897 2618 Rornae
934 2587 1027 2631 Papa
1063 2584 1108 2619 ab
1141 2586 1307 2618 instituto
1338 2582 1589 2616 retraheretur.

164 2628 280 2661 missis
306 2628 414 2672 igitur
437 2629 481 2673 ad
503 2632 674 2664 Isaacium
698 2632 821 2676 legatis
838 2633 1013 2677 (nondum
1039 2633 1134 2665 enim
1158 2633 1188 2664 is
1217 2632 1366 2675 imperio
1396 2627 1590 2670 exciderat)

165 2686 305 2721 causam
330 2674 564 2709 dissensionis
589 2679 731 2710 inanem
770 2680 992 2723 quaeritans,
1029 2680 1201 2711 Romanas
1243 2676 1440 2721 provincias
1467 2683 1590 2706 omnes

166 2721 210 2754 ab
237 2721 434 2765 Epidamno
461 2733 574 2766 usque
606 2724 652 2755 ad
685 2725 852 2768 inclytam
888 2725 1011 2757 urbem
1037 2722 1410 2757 Thessalonicensium
1447 2719 1514 2752 sibi
1550 2724 1591 2751 ut

165 2767 310 2802 Siciliae
337 2768 412 2812 regi
435 2768 668 2809 vendicabat,
704 2776 743 2803 ut
766 2771 855 2803 belli
880 2772 957 2805 iure
981 2781 1095 2814 nuper
1132 2782 1148 2801 a
1175 2769 1295 2801 Siculo
1325 2767 1482 2800 exercitu
1504 2765 1589 2798 sub·
