1878 3230
508 187 579 228 ΒΕ
617 182 836 228 ιεΑΑοιο
877 183 1095 228 ANGELo
1137 187 1237 228 mn.
1265 188 1317 228 11.
1494 169 1604 226 525

169 305 267 339 τους
294 289 370 339 τὰς
401 287 562 343 ἡμέρας
588 289 670 328 τῶν
712 288 806 328 καθ’
834 283 945 341 ἡμᾶς
974 284 1170 341 μερόπων
1197 288 1488 343 παραδραμεῖν
1507 304 1518 314 ·
1548 288 1607 337 ὥς

169 354 253 411 γάρ
282 370 323 396 τι
365 350 591 396 ἐνδεόντων
619 349 725 407 πρὸς
750 351 796 394 τὸ
823 354 1009 407 καθῆκον
1026 354 1101 407 τῆς
1129 353 1424 407 μαστιγώσεως
1450 357 1534 396 τῶν
1559 356 1606 396 ἑκ

170 423 249 464 τοῦ
275 416 410 475 κύκλῳ
449 417 714 472 βαρβαρικοῦ
746 419 997 470 μαχισμῶν,
1028 420 1101 459 καί
1126 416 1349 476 ὑπερόριον
1374 417 1500 462 κακὸν
1525 419 1607 463 εἷο·

171 486 362 540 εκώμασε
402 485 663 538 Φρεδέριχος
709 481 734 522 ὅ
766 485 849 524 ταῖν
874 482 1128 535 Ἀλαμανῶν
1152 483 1243 538 ῥήξ.
1299 483 1403 540 πρὸς
1423 483 1506 540 γάρ
1533 484 1608 528 τὸν

134 552 350 606 5βασιλέα
389 545 821 603 διαπρεσβευσάμενος
847 546 1070 600 Ἰσαάκιον,
1112 547 1168 597 ὥς
1200 547 1271 591 διά
1301 553 1444 606 φιλίας
1469 553 1609 608 ᾐτεῖτο

170 618 244 672 τῆς
265 614 484 668 Ῥωμαίων
522 615 597 667 γῆς
638 614 837 666 παριέναι
867 612 993 661 αὐτός
1023 629 1066 655 τε
1107 615 1181 655 καί
1214 611 1314 657 ὅσον
1341 615 1381 656 οἱ
1408 618 1608 672 έφέποιτο

168 680 410 737 στράτευμα
441 681 487 720 έν
514 680 571 735 τῷ
600 673 797 733 ἀπαίρειν
825 680 885 727 εἰς
914 681 1226 734 Παλαιστίνην,
1255 679 1328 722 καὶ
1345 679 1395 722 τά
1426 680 1529 736 πρὸς
1557 681 1606 724 τὸ

170 750 244 803 ζῆν
269 748 514 798 ω’νουμένοις
553 743 696 792 αὔτοῖς
725 746 1024 798 χορηγεῖσθαι,
1068 746 1140 786 καί
1165 745 1210 786 τὸ
1241 747 1389 788 δοκοῦν
1415 746 1488 790 ἐπὶ
1511 746 1647 790 τού-Β

166 829 254 864 τοις
281 812 396 869 αὐτῷ
423 813 624 865 σημανεῖν
651 810 708 850 δι’
726 810 888 851 οἰκείων
903 809 1211 865 α’νταποστολῆς
1238 814 1465 866 πρέσβεων.
1491 815 1610 856 στέλ-

109 883 282 924 ιολεται
308 876 449 920 τοίνυν
477 873 582 931 πρὸς
609 872 739 916 αὐτὸν
771 874 793 916 ὅ
824 876 899 917 τοῦ
925 874 1088 931 δρόμου
1118 879 1340 933 λογοθέτης
1364 877 1558 934 Ἰωάννης
1582 877 1606 919 ὅ

166 942 363 994 Δούκας,
407 942 480 983 καί
518 942 676 989 πίστεις
717 938 817 989 δούς
850 940 923 982 καὶ
966 939 1109 994 λαβών
1134 941 1191 990 ὥς
1222 941 1348 992 αὐτὸς
1372 945 1452 997 μὲν
1478 942 1501 985 ὖ
1529 943 1611 999 ῥὴξ

165 1008 243 1064 τὴν
273 1005 356 1049 ὑπὸ
382 1006 616 1059 Ῥωμαίους
646 1005 810 1060 α’μαχεί
835 1005 1092 1049 διελεύσεται
1120 1006 1194 1049 καί
1217 1009 1349 1064 μηδέν
1376 1025 1418 1051 τι
1447 1011 1610 1065 δράσας

165 1075 324 1117 ἒσεῖται
346 1070 502 1125 κακόν,
537 1071 588 1113 οὗ
617 1072 763 1124 πόλιν,
789 1067 839 1113 οὖ
867 1071 1030 1127 κώμην,
1065 1073 1115 1114 οὗ
1145 1074 1377 1129 φρούριον,
1407 1075 1459 1116 ου’
1490 1077 1609 1117 πολί-

164 1155 305 1193 χνιον,
327 1138 525 1191 Ῥωμαῖοι
555 1139 604 1179 δὲ
629 1139 912 1192 προβαλοῦσιν
943 1136 1059 1194 αὐτῷ
1085 1137 1138 1180 τά
1181 1139 1398 1194 ἐπιτήδεια
1423 1135 1608 1196 ἄφθονα,

107 1206 223 1254 ι5ιός
260 1206 319 1260 μή
351 1219 459 1252 τινος
504 1201 718 1253 σπανίζειν
747 1202 822 1257 τὴν
855 1202 926 1244 ὑπ’
958 1198 1087 1245 αὐτόν
1124 1203 1330 1259 στρατιάν
1355 1207 1446 1248 ἀλλ’
1470 1206 1608 1261 dapa-

163 1268 327 1325 γμόνως
354 1269 427 1310 καί
453 1267 558 1311 κατὰ
587 1267 738 1321 λαιμὸν
763 1266 876 1322 ἔχειν
904 1265 1044 1322 ὥσπερ
1076 1268 1368 1323 ἐπεμβυόμενα
1395 1267 1508 1322 ὅσοις
1532 1267 1607 1314 ἅν-

162 1338 330 1390 θρωποι
356 1336 576 1390 τρέφονται
603 1335 676 1376 καί
691 1329 760 1376 οἶα
788 1339 875 1383 τοῖς
904 1335 1046 1383 ἵπποις
1074 1335 1363 1390 ξυμβάλλεται,
1391 1335 1496 1390 μετά
1514 1353 1608 1379 και-

163 1400 241 1457 ρὸν
263 1402 424 1442 ἐκεῖθεν
452 1399 641 1442 ἐπάνεισι
668 1400 743 1442 καί
771 1401 958 1454 ἀγγέλλει
995 1398 1047 1442 τά
1083 1404 1418 1457 ξυμφωνηθέντα
1444 1404 1502 1460 τῷ
1527 1407 1605 1457 βα-

165 1470 284 1510 σιλεῖ.
341 1467 415 1507 καί
440 1465 465 1507 0‘
494 1463 697 1519 βασιλεῦς
721 1467 794 1522 τῆς
821 1466 1020 1520 ξυλλογῆς
1045 1467 1127 1509 τῶν
1153 1467 1286 1509 ω’νίων
1313 1470 1517 1524 φροντίδα
1545 1472 1606 1512 τί·

102 1552 153 1580 20
165 1536 280 1587 θησι,
298 1531 371 1574 καί
397 1526 448 1586 ἦν
475 1532 518 1582 ἐξ
547 1530 824 1584 ἐπιτάγματος
844 1527 927 1572 ὑπὸ
957 1534 1041 1572 τῶν
1059 1533 1333 1586 ε’παρχιωτῶν
1358 1534 1506 1576 αὐτίκα
1531 1549 1607 1587 με-

165 1597 431 1655 ταφερόμενα
456 1599 548 1638 καθ’
576 1594 648 1645 οὓς
674 1595 820 1649 ἔμελλε
848 1597 1003 1646 τόπους
1030 1595 1051 1636 ὁ
1072 1594 1151 1652 ῥήξ
1179 1599 1441 1654 διέρχεσθαι.
1470 1596 1527 1648 ὥς
1557 1601 1645 1642 (EC

166 1663 239 1705 καί
265 1663 395 1712 αὐτὸς
439 1660 554 1712 έντὸς
594 1658 702 1704 εἶναι
734 1662 816 1703 τῶν
858 1661 985 1716 ὅρι’ων
1014 1663 1231 1717 ἠγγέλλετο
1264 1666 1347 1706 τῶν
1359 1662 1612 1717 Ῥωμαϊκῶν

165 1728 240 1771 καί
264 1726 490 1784 γράμματα
513 1725 794 1782 πεφοιτηκότα
814 1727 870 1783 τῷ
896 1730 1068 1780 βασιλεῖ
1089 1731 1181 1780 μετ’
1208 1729 1374 1783 άνδρῶν
1398 1729 1505 1772 κατὰ
1533 1724 1603 1784 γέ·-

165 1809 234 1844 νος
265 1796 469 1849 λαμπρῶν
501 1795 574 1834 καί
610 1788 782 1843 ἀξίωσιν
811 1792 886 1846 τὴν
927 1790 1063 1833 αὐτοῦ
1091 1792 1328 1848 παρουσίαν
1354 1793 1602 1850 ἐσήμαινον,

261 1940 289 1963 ι.
323 1926 383 1973 ἧμ.
410 1926 508 1973 ἡμᾶς
530 1923 618 1964 τούς
641 1925 723 1960 τότε
749 1936 787 1959 π.
812 1926 850 1959 Α.
951 1928 985 1960 6.
1010 1923 1105 1962 ὅσον
1135 1927 1264 1964 ἐκείνω
1297 1929 1497 1965 συνέποιτο
1524 1937 1600 1976 στρ.

258 1973 430 2011 ἀνιόντες
455 1974 509 2010 εἰς
538 1973 577 2005 A.
693 1985 727 2018 9.
750 1971 850 2017 αὐτῷ
877 1983 932 2005 om
963 1974 1001 2006 A.

165 2082 276 2116 aetati
297 2086 470 2127 perpetua
490 2080 588 2112 bella
612 2079 834 2112 decrevisset.
862 2080 964 2125 quasi
991 2080 1086 2112 enim
1110 2080 1256 2114 barbari
1280 2082 1508 2116 circumcirca
1530 2094 1599 2118 no·

164 2129 246 2163 stris
262 2127 459 2162 cervicibus
475 2126 702 2159 imminentes
728 2126 773 2159 ad
792 2137 856 2159 nos
880 2126 1103 2171 castigandos
1122 2139 1196 2160 non
1220 2128 1306 2161 satis
1333 2134 1462 2171 essent,
1487 2131 1598 2164 etiam

162 2176 361 2220 longinquo
401 2171 495 2207 malo
534 2184 655 2207 sumus
694 2173 865 2218 oppressi.
898 2184 979 2219 nam
1004 2173 1207 2207 Fridericus
1230 2174 1508 2210 Alemannorum
1535 2189 1598 2210 rex

163 2222 290 2267 legatis
315 2221 360 2254 ad
392 2220 567 2254 Isaacium
596 2220 847 2264 imperatorem
872 2220 988 2252 missis
1015 2220 1124 2265 petiit
1162 2226 1203 2253 ut
1229 2221 1299 2254 sibi
1323 2233 1401 2255 cum
1430 2223 1598 2257 omnibus

163 2270 276 2314 copiis
314 2267 548 2302 Palaestinam
579 2266 788 2311 petentibus
821 2277 886 2310 per
924 2267 1099 2300 Romanas
1131 2268 1333 2311 provincias
1365 2275 1492 2314 pacate
1527 2271 1597 2304 iter

163 2313 280 2348 facere
305 2320 341 2348 et
365 2319 598 2347 commeatum
624 2323 740 2345 emere
765 2313 912 2353 liceret,
938 2318 975 2346 et
996 2325 1095 2346 suam
1123 2314 1338 2347 sententiam
1365 2326 1430 2360 per
1455 2318 1598 2361 propri-

164 2373 204 2394 os
226 2362 361 2405 legatos
395 2358 466 2393 sibi
499 2359 727 2403 significaret.
758 2359 914 2392 mittitur
937 2358 1047 2404 igitur
1070 2360 1115 2393 ad
1140 2371 1219 2393 eum
1250 2361 1374 2394 Dromi
1398 2362 1596 2407 Logotheta

162 2407 340 2441 Iohannes
366 2408 504 2449 Ducns3
528 2406 672 2450 fideque
699 2405 783 2439 data
819 2411 856 2438 et
883 2412 1029 2451 accepta
1053 2418 1170 2450 regem
1194 2408 1271 2440 sine
1297 2408 1473 2442 maleficio
1497 2416 1596 2443 tran-

164 2454 334 2493 siturum,
359 2453 494 2486 nullam
520 2451 656 2492 urbem,
681 2452 820 2485 nullum
845 2452 1016 2497 oppidum
1034 2478 1042 2493 ,
1070 2454 1208 2486 nullum
1234 2455 1420 2487 castellum
1444 2461 1508 2489 aut
1530 2468 1594 2501 pa—

163 2511 246 2544 gum
269 2500 504 2539 violaturum,
533 2501 708 2532 Romanos
731 2505 967 2532 commeatum
998 2500 1030 2532 ei
1058 2500 1203 2533 abunde
1225 2501 1530 2546 suppeditaturos,
1554 2508 1594 2535 ut

165 2547 243 2579 eius
262 2546 435 2578 exercitus
461 2546 561 2579 nulla
585 2557 622 2578 re
638 2546 838 2578 necessaria
852 2552 982 2586 careat,
1006 2546 1070 2578 sed
1092 2547 1212 2579 omnia
1226 2547 1264 2580 in
1287 2553 1455 2593 promptu
1472 2548 1595 2592 copio-

164 2593 302 2626 sissime
335 2591 468 2625 habeat
502 2603 594 2637 quae
631 2597 703 2625 tam
727 2591 895 2625 iumentis
920 2604 1026 2637 quam
1054 2592 1261 2626 hominibus
1287 2595 1369 2627 usui
1393 2599 1497 2633 sunt,
1525 2594 1593 2625 ali-

164 2644 299 2684 quanto
338 2643 419 2682 post
455 2638 653 2671 revertitur.
689 2638 734 2671 iis
759 2639 1030 2672 conditionibus
1054 2640 1287 2679 renuntiatis,
1313 2640 1507 2685 imperator
1529 2651 1592 2683 per

163 2684 362 2730 provincias
387 2683 497 2716 edicit
519 2689 569 2724 ut,
596 2696 668 2729 qua
687 2696 749 2718 rex
770 2686 985 2719 transiturus
1011 2691 1122 2725 esset,
1149 2692 1366 2718 commeatus
1391 2691 1592 2729 comporte-

163 2738 243 2766 tur:
272 2730 384 2778 ipsius
411 2738 494 2763 vero
518 2730 555 2762 in
578 2730 665 2765 fines
690 2732 865 2765 Romanos
894 2732 1053 2775 ingressu
1075 2732 1230 2765 virorum
1261 2742 1389 2776 genere
1414 2737 1448 2766 et
1473 2731 1591 2776 digni-
