1878 3230
480 163 551 203 DE
589 160 807 203 lsAAclo
847 161 1062 203 ANGELO
1107 163 1204 203 uss.
1242 164 1315 203 ur.
1524 142 1632 215 593

211 261 455 303 ἐνδεδυκότα
484 263 535 318 τῇ
561 263 682 316 ψυχῇ
709 260 782 302 καί
806 260 1133 314 ὑποθαλπόμενα
1160 263 1236 302 τοῦ
1261 257 1443 314 στήθους
1476 260 1638 314 ἀναμη-

211 325 378 380 ρύοντες
405 328 464 376 εἰς
492 329 582 382 φῶς
617 323 886 381 προήνεγκαν.
943 329 1079 368 τοίνυν
1107 325 1128 368 ὃ
1154 328 1233 379 μὲν
1269 322 1537 380 αὐτοκράτωρ
1578 326 1639 373 εἰς

211 392 450 445 κυνηγέσιον
476 390 680 446 ὁρμηθείς
707 395 779 432 καί
804 390 908 446 πρὸς
934 393 988 448 τῷ
1016 390 1194 447 ἔφιππος
1220 391 1407 447 ὀφθῆναι
1431 390 1640 444 γινόμενος

209 458 502 508 μετεπέμπετο·
515 458 588 498 καί
612 455 683 498 τὸν
710 456 896 512 ἀδελφόν
916 456 1102 507 Ἀλέξιον
1119 459 1349 507 συνεξιέναι
1379 455 1417 498 οἱ
1445 455 1518 497 καὶ
1541 471 1640 497 συν-

174 522 470 575 5διαχυθῆναι
498 520 604 562 κατὰ
632 523 713 563 τῶν
743 523 875 563 ἐκεῖσε
901 522 1057 563 πεδίων
1087 520 1138 563 τὰ
1178 521 1318 576 ποώδη
1350 523 1422 563 καί
1448 518 1771 576 α’νθηροὶ’Ἶ.α37

211 585 235 626 0‘
265 587 311 627 δὲ
337 585 441 642 πρὸς
469 585 514 628 τὸ
544 588 589 628 ἐν
613 588 762 641 χερσίν
795 585 916 641 ἔργον
948 584 1271 639 ἑτοιμασάμενος
1304 589 1557 630 ἐπισπέσθαι
1601 585 1640 630 οἶ

210 652 438 704 clusinam,
467 650 572 706 πρὸς
598 650 751 705 σχάσιν
780 650 935 709 φλεβὸς
966 650 1269 706 ὲτοιμασθῆναι
1307 654 1461 706 λέγων,
1503 656 1642 706 μαλα-

209 716 358 769 κισμύν
384 714 712 771 ὑποκρινάμενος
743 715 948 770 σώματος.
1002 719 1076 759 καί
1101 714 1234 766 οὕτως
1263 715 1286 758 ὅ
1313 719 1391 771 μὲν
1419 717 1545 769 ἔξεισι
1571 716 1645 760 καὶ

207 779 336 834 μόνος
364 784 438 823 καί
464 784 537 836 τῆς
563 784 833 837 προκειμένης
853 781 1026 836 ἔχεται,
1055 781 1094 824 οἱ
1122 785 1168 824 δὲ
1194 785 1269 824 τοῦ
1295 787 1532 837 σκέμματος
1557 799 1645 824 κοι-

151 848 429 895 ιονωνοῦντες
455 848 513 903 τῷ
539 845 708 905 Ἀλεξάρ
734 847 876 901 λοιμοὶ
901 846 974 890 καί
998 850 1121 902 κύβοι
1148 849 1222 889 καί
1249 843 1413 902 εὔριποι
1447 850 1519 890 καί
1543 865 1643 903 σκη-

207 914 280 966 νῆς
316 914 506 966 γέμοντες
543 907 788 966 ἅνθρωποι,
829 910 934 955 uiuet*
968 914 1165 961 σταδίους
1206 918 1316 966 τρεῖς
1353 912 1421 955 τὸν
1465 915 1642 967 βασιλέα
1655 923 1689 957 P.
1701 924 1770 968 289

205 978 399 1033 προϊόντα
423 974 583 1025 ἰδόντες
609 979 681 1031 τῆς
702 980 852 1033 σκηνῆς
879 976 988 1031 μετά
1019 980 1104 1020 τῶν
1130 978 1257 1027 πέλας
1292 980 1365 1020 καί
1404 978 1539 1034 φίλων
1583 976 1644 1028 οἷς

205 1045 475 1084 πεπολίτευτο
502 1042 574 1084 καί
597 1044 640 1084 οἳ
665 1042 918 1100 συνδιῴκουν
943 1043 1059 1101 αὐτῷ
1086 1042 1135 1085 τὰ
1162 1046 1256 1085 κατ’
1277 1041 1443 1099 ἔφεσιν,
1489 1061 1645 1100 συναρ-

206 1106 410 1159 πάζουσιν
439 1107 664 1161 εἰρωνικῶς
691 1106 759 1150 τὸν
781 1109 987 1161 Ἀλέξων,
1016 1108 1088 1150 καί
1114 1110 1174 1158 εἰς
1203 1108 1277 1163 την
1306 1111 1519 1162 βασίλειον
1545 1126 1646 1164 σκη-

150 1172 283 1227 ι5νην
306 1174 453 1214 τοῦτον
481 1174 696 1227 εἰσάγουσι
723 1175 796 1215 καί
825 1171 1155 1228 ἀναγορεύουσιν
1182 1171 1483 1229 αὐτοκράτορα.
1538 1171 1646 1229 ἦσαν

207 1241 247 1280 δ’
276 1232 393 1287 οὗτοι
428 1238 449 1280 ὃ
478 1240 647 1291 Βρανᾶς
678 1236 922 1293 Θεόδωρος,
970 1238 993 1280 ὁ
1022 1238 1318 1292 Παλαιολόγος
1348 1240 1389 1280 Γ
1385 1237 1557 1295 εαίργιος
1568 1272 1581 1292 ,
1621 1238 1647 1281 ὅ

206 1305 478 1359 Πετραλίφας
503 1302 692 1358 Ἰωάννης
716 1303 790 1345 καί
815 1301 836 1344 ὅ
859 1302 1020 1346 ςΡαοὺλ
1052 1306 1389 1357 Κωνσταντΐνος,
1426 1302 1448 1346 ὃ
1476 1307 1645 1347 Καντα-

205 1367 403 1426 κουζηνὸς
429 1369 612 1423 ,Μιχαὴλ
642 1371 716 1411 καί
740 1369 891 1422 συχνοὶ
916 1371 1045 1424 ἕτεροι
1079 1369 1273 1424 ἀνάρσιοι
1300 1373 1373 1410 καί
1390 1365 1555 1424 εὔριποι
1572 1366 1646 1412 ἇν-

205 1438 394 1489 Qunam,
435 1433 539 1476 κατὰ
565 1436 682 1489 γένος
709 1436 768 1492 τῷ
805 1437 976 1488 βασιλεῖ
1009 1433 1337 1486 συναπτόμενοι,
1377 1433 1451 1476 καί
1492 1442 1646 1491 σμῆνος

143 1517 194 1543 20
208 1496 307 1542 ἄλλο
338 1500 529 1555 ἀγελαῖον
575 1502 675 1555 περὶ
722 1498 766 1541 τὸ
811 1498 1235 1555 σεβαστοκρατορικόν
1274 1497 1405 1541 πάλαι
1443 1500 1646 1556 ἅλητεῦον

297 1635 327 1667 7.
351 1618 448 1668 πρὸς
473 1620 626 1669 σχάσιν]
661 1619 720 1656 ὅτι
758 1620 962 1669 α’νιόμαλόν
999 1622 1081 1656 ἐστι
1117 1621 1159 1656 τὸ
1201 1619 1292 1656 ὅλον
1323 1633 1401 1667 μου
1436 1622 1546 1668 σῶμα
1578 1624 1644 1657 καὶ

296 1671 391 1703 θέλω
420 1668 747 1714 ψλεροτομηθῆναι
782 1668 818 1700 Β.
958 1680 991 1713 9.
1023 1667 1064 1702 δὲ
1095 1670 1160 1710 τῆς
1190 1667 1356 1711 ἑταιρίας
1382 1669 1544 1708 Ἀλεξίου
1578 1672 1644 1702 καὶ

294 1718 370 1749 τῶν
408 1715 632 1760 σκεμμάτων
671 1716 799 1748 ἐκείνω
849 1717 1084 1760 συμμέτοχοι
1120 1716 1166 1751 Α,
1209 1715 1349 1746 omissis
1387 1716 1518 1761 λοιμοὶ
1563 1718 1641 1750 καῖ.

301 1775 352 1798 ιι.
385 1760 571 1808 σταδίους]
599 1759 713 1807 ἥμισυ
770 1762 867 1793 ιλίου
895 1762 931 1793 Β.
1040 1761 1088 1792 13.
1114 1756 1157 1794 ui
1197 1771 1253 1793 om
1279 1762 1319 1792 A.
1418 1765 1469 1804 14.
1493 1763 1641 1807 εἰρωνι-

298 1812 371 1845 κιῦς
396 1819 452 1841 om
475 1809 516 1842 A.
634 1807 790 1855 σκηνην]
816 1806 977 1840 αὐλαίαν
1001 1807 1120 1852 εἰσάγ.
1143 1808 1183 1841 Α.
1329 1808 1377 1841 16.
1401 1806 1422 1840 ὅ
1449 1810 1640 1853 πετραλεί-

297 1868 384 1901 φας.
418 1854 437 1888 ὅ
461 1852 579 1901 ῤαῦλ
602 1853 771 1896 ἰωιίννης·
800 1853 821 1887 ὁ
845 1851 1141 1896 καντακουζηνὸς
1169 1859 1443 1892 κωνσῐαντῖνος
1475 1857 1539 1889 καὶ
1561 1854 1639 1889 ἓτε-

297 1914 360 1948 ροι
386 1900 566 1948 ἄρχοντες
591 1905 788 1947 συγγενεῖς
809 1900 926 1934 αὐτοῦ
943 1900 980 1932 Β.

202 2027 387 2062 perperam
412 2021 448 2049 et
485 2021 619 2050 temere
646 2014 977 2056 administraretur,
1004 2025 1084 2048 cum
1111 2024 1149 2047 re
1186 2023 1269 2047 vera
1302 2012 1397 2047 illud
1436 2018 1634 2059 spectaret,

201 2064 300 2108 quod
339 2075 382 2096 ex
422 2064 563 2108 imperii
606 2062 867 2096 mutationibus
906 2073 944 2095 se
983 2061 1138 2106 plurima
1171 2061 1416 2093 emolumenta
1448 2062 1635 2106 percipere

201 2110 528 2150 animadvertebat,
556 2121 649 2154 quae
672 2110 734 2142 diu
758 2110 913 2142 caelarat
940 2108 1091 2148 animis,
1117 2112 1192 2140 tum
1219 2108 1256 2139 in
1281 2112 1444 2152 apertum
1468 2109 1633 2151 protulit.

199 2168 279 2188 cum
305 2163 423 2189 autem
447 2154 642 2201 imperator
673 2167 866 2189 conscenso
899 2165 993 2199 equo
1026 2159 1195 2188 venatum
1229 2155 1344 2186 iturus
1373 2154 1518 2186 fratrem
1549 2154 1633 2187 Ale-

198 2203 308 2244 xium,
336 2209 376 2236 ut
406 2213 525 2236 secum
549 2204 664 2236 exiret
688 2208 725 2236 et
749 2203 787 2235 in
813 2201 974 2237 herbidis
999 2206 1036 2234 et
1057 2199 1195 2233 floridis
1218 2200 1291 2233 illis
1317 2200 1406 2233 locis
1430 2211 1502 2233 una
1529 2200 1632 2234 oble-

199 2255 373 2291 ctaretur,
398 2250 529 2282 accersi
554 2250 732 2288 iussisset,
761 2249 791 2281 is
816 2248 1005 2281 destinatis
1023 2246 1244 2291 exequendis
1268 2247 1451 2286 intentus,
1474 2248 1630 2291 aegritu·

199 2295 283 2328 dine
310 2301 346 2329 et
370 2307 482 2329 venae
507 2297 666 2329 sectione
694 2295 882 2335 simulata,
907 2294 1070 2327 comitari
1096 2304 1177 2325 eum
1202 2293 1388 2326 recusavit.
1415 2293 1467 2326 sic
1491 2294 1555 2326 ille
1571 2305 1630 2326 so·-

146 2338 153 2342 ⁷
198 2341 255 2374 lus
280 2348 444 2387 coeptum
469 2343 538 2375 iter
566 2342 806 2387 prosequitur.
828 2341 946 2374 Alexii
968 2351 1052 2373 vero
1076 2339 1275 2380 coniurati,
1309 2339 1473 2372 homines
1505 2340 1626 2380 leves,

200 2389 450 2429 conscelerati,
484 2388 608 2433 euripo
632 2388 902 2428 mutabihoees,
933 2387 1023 2420 fucis
1050 2392 1087 2419 et
1111 2386 1203 2419 dolis
1235 2385 1381 2426 referti,
1411 2385 1475 2419 ubi
1510 2387 1625 2431 impe—

200 2439 350 2468 ratorem
375 2447 453 2467 cum
480 2435 698 2468 satellitibus
723 2440 760 2468 et
783 2434 927 2474 amicis,
953 2444 1105 2478 quorum
1132 2433 1171 2465 in
1195 2431 1478 2466 administranda
1503 2444 1541 2465 re
1555 2444 1623 2476 pu-

199 2479 294 2512 blica
317 2486 354 2513 et
378 2481 635 2526 cupiditatibus
670 2481 743 2514 suis
781 2479 968 2525 explendis
999 2490 1107 2524 opera
1142 2478 1335 2518 utebatur,
1372 2479 1442 2511 tria
1480 2479 1622 2511 circiter

199 2525 315 2558 stadia
353 2537 372 2558 a
398 2527 629 2560 tabernaculo
658 2528 844 2561 recessisse
879 2526 1069 2566 viderunt,
1102 2525 1265 2558 Alexium
1300 2524 1453 2557 invitum
1482 2524 1622 2556 scilicet

199 2572 386 2616 abreptum
411 2579 447 2605 et
479 2575 516 2606 in
539 2575 806 2618 imperatorium
829 2573 1023 2606 tentorium
1046 2571 1256 2616 perductum
1287 2572 1536 2615 imperatorem
1563 2580 1620 2601 sa·

199 2619 370 2651 lutat-unt.
399 2626 500 2651 erant
537 2620 575 2652 hi
606 2621 737 2653 Branas
765 2619 996 2659 Theodorus,
1032 2618 1205 2662 Georgius
1239 2616 1491 2660 palaeologus,
1527 2614 1619 2647 Rau}

198 2665 473 2704 Constantinus,
497 2665 760 2699 Cantacuzenus
787 2665 965 2706 Michael,
1000 2669 1037 2696 et
1065 2664 1129 2696 alii
1159 2663 1358 2707 complures
1393 2659 1546 2705 improbi
1581 2665 1618 2693 et

198 2711 293 2743 leves
321 2711 504 2750 homines,
540 2711 745 2755 imperatori
782 2713 952 2758 sanguine
986 2711 1125 2751 iuncti,
1162 2715 1198 2743 et
1237 2719 1363 2753 agmen
1394 2718 1516 2740 eorum
1553 2706 1618 2751 qui

267 2779 410 2814 Niceeas
439 2777 640 2813 Chom‘cnes.
1315 2776 1359 2811 38
