1838 3210
429 199 499 238 DE
537 197 792 238 MANUELE
834 194 1097 239 coMNENo
1138 196 1237 236 Lm.
1263 196 1335 236 vl.
1495 174 1603 231 253

164 301 310 352 βαῖνον
351 299 428 338 τοῦ
453 299 675 351 Περσικοῦ
703 294 1036 349 στρατεύματος,
1081 296 1336 337 κατακλᾶται
1364 292 1412 336 τὸ
1441 292 1643 349 πρόθυ-Β

165 380 267 417 μον,
297 364 369 404 καί
394 363 469 404 τοῦ
485 362 668 414 α’κμαίου
688 359 842 403 ἐκείνου
870 361 1186 414 μεθαρμοσθείς
1213 357 1396 414 λήματος
1420 359 1497 415 ’τήν
1523 376 1609 402 σω·

166 431 315 484 τηριάν
344 424 481 484 ἑαυτῷ
511 428 739 481 διατίθησι,
769 424 842 467 καί
868 424 916 480 δν]
949 423 1025 480 την
1050 428 1322 481 προκειμένην
1340 425 1612 480 παραλλάξας

168 495 343 549 πορείαν
387 493 579 545 α’νωτέρω
618 495 884 546 μεταχωρεῖ,
925 492 1146 546 α’ναδιφῶν
1185 489 1334 544 ἑτέραν
1367 492 1612 546 περαίωσιν.

132 558 228 610 ,ὄαῖς
258 560 304 601 δὲ
330 554 486 612 ἄπορος
524 553 578 611 ἦν
602 557 624 598 ὁ
662 555 851 609 ποταμὸς
876 553 1163 609 πανταχόθεν,
1195 554 1291 604 τούς
1319 554 1614 617 ἐπιδιώκοντας

170 624 342 677 δεδιώς,
382 624 459 678 τὴν
503 623 663 664 α’σπίδα
702 621 878 670 ὑποθεὶς
918 622 978 677 τῷ
1026 618 1150 662 ὕδατι
1192 620 1248 669 ὥς
1284 623 1452 678 κελητίῳ
1479 618 1613 678 ταύτῃ

169 692 346 746 ἐχρῆτο,
371 690 552 743 α’ρίστως
581 685 879 736 α’ντικαταστὰς
905 688 965 744 τῷ
1003 688 1075 741 τῆς
1100 680 1279 741 ἇνάγκης
1306 685 1406 736 όξεῖ.
1431 688 1505 729 καί
1529 689 1615 729 τοί-

169 771 245 797 νυν
271 756 326 811 τῇ
354 756 433 806 μὲν
459 754 561 810 λαιᾷ
591 750 666 795 τὸν
690 751 815 793 ἵππον
844 753 1034 804 κατέχων
1065 748 1439 806 παρανηχόμενον,
1466 754 1518 809 τῇ
1544 753 1615 793 δε-

169 822 239 876 ξιᾷ
267 821 314 861 δὲ
352 818 427 873 τήν
463 818 634 872 σπάθην
668 816 829 872 γυμνὴν
862 814 1077 870 δεδωκώς,
1116 819 1191 858 καί
1224 819 1464 871 προσποιῶν
1489 818 1531 859 έν
1554 819 1614 874 τῷ

112 905 159 931 ιο
171 886 410 940 παραυτίκα
436 884 594 938 ταύτην
618 885 678 932 εἰς
696 881 833 935 οἴακα,
867 881 1066 925 ἐσάλευεν
1094 878 1204 924 οὕτω
1232 882 1340 924 κατὰ
1367 880 1511 938 βραχύ
1540 883 1617 925 τοῦ

170 951 364 1005 ποταμοῦ
406 950 614 991 διαπλέων
659 947 705 991 τό
736 951 927 1002 πέλαγος.
981 949 1034 989 ου’
1062 945 1144 1003 μὴν
1174 950 1218 997 ἐς
1246 950 1363 998 τέλος
1394 949 1616 999 ἐξέπλευσε

169 1017 216 1062 τὸ
249 1021 413 1059 θανεῖν.
479 1015 538 1064 εἰς
567 1014 648 1069 γὰρ
679 1014 725 1057 τὸ
757 1014 984 1069 ἀντιπέραν
1020 1009 1102 1069 ἤδη
1129 1013 1345 1068 γενόμενος
1374 1016 1450 1057 ἐπί
1473 1029 1515 1056 τι
1541 1013 1655 1070 γή-(Ξ

172 1087 304 1138 λοφον
355 1079 537 1134 ἄνεισιν,
580 1077 731 1122 ἑαυτὸν
771 1075 885 1128 ὅστις
924 1077 1040 1122 ἐστὶν
1077 1080 1283 1134 εὐφημῶν
1320 1082 1395 1122 καί
1436 1079 1618 1135 μεγάλης

173 1146 355 1202 γλώττης
382 1146 523 1204 κόμπῳ
548 1143 781 1201 χριόμενος,
812 1141 925 1194 ὅπως
957 1146 1208 1198 συναχθῶσι
1231 1146 1305 1187 καί
1329 1146 1466 1201 ἕτεροι
1484 1148 1617 1198 Τοῦρ-

115 1217 240 1259 ιόκοι
266 1214 355 1266 μετ’
384 1212 521 1254 αὐτοῦ
532 1228 543 1239 ·
603 1208 770 1260 οὐδενὸς
807 1211 855 1252 δὲ
886 1211 970 1251 τῶν
998 1208 1215 1265 ἐπισήμων
1242 1211 1316 1253 καί
1342 1210 1474 1252 αὗτὸν
1503 1209 1618 1253 εἰδό-

173 1295 255 1322 των
276 1278 496 1331 Ῥωμαίων
534 1275 920 1331 προσπελάσαντος,
965 1275 1073 1317 ἄλλοί
1102 1291 1217 1325 τινος
1255 1277 1338 1318 τῶν
1383 1274 1618 1332 ἐπικούρων

172 1344 359 1387 Ἀλανῶν
376 1339 676 1397 ἐπιδραμόντος
705 1339 809 1383 ὅπου
829 1340 906 1396 τήν
933 1339 1080 1397 καινὴν
1105 1342 1290 1395 εἰρεσίαν
1306 1338 1480 1396 σχάζειν
1497 1340 1617 1395 ἔμελ-

172 1414 270 1463 λεν,
301 1411 536 1464 α’ναιρεῖται
557 1404 809 1466 ἆμφιστόμῳ
838 1405 1048 1453 κνώδοντι.
1105 1409 1151 1450 ἐκ
1178 1408 1225 1449 δὲ
1250 1407 1399 1450 τούτου
1422 1405 1615 1461 α’κόσμως
1628 1422 1670 1456 v,
1690 1423 1750 1458 103

174 1491 218 1518 τε
242 1477 418 1530 Πέρσης
443 1474 614 1524 ἕκαστος
653 1473 935 1530 ἀπεδίδρασκε
972 1475 1047 1516 καί
1071 1472 1326 1529 Μαίανδρος
1354 1471 1450 1522 τοῦς
1477 1476 1616 1515 πλείο-

91 1563 164 1592 ·2o
175 1556 249 1590 νας
278 1542 522 1594 εἰσεδέχετο,
551 1540 607 1590 ὥς
636 1543 810 1595 βραχεῖς
829 1541 874 1581 ἐκ
891 1541 971 1582 τῶν
999 1538 1212 1581 τοσούτων
1231 1537 1439 1592 χιλιάδων
1463 1540 1621 1581 διασω-

175 1609 322 1661 θῆναι.
378 1607 452 1648 καί
478 1608 601 1648 τοῦτο
629 1604 675 1648 τὸ
707 1604 843 1660 ἔργον,
871 1603 989 1659 εἴπερ
1016 1620 1058 1647 τι
1081 1600 1197 1657 ἄλλο,
1226 1606 1439 1660 α’νέρρωσε
1465 1606 1542 1657 μὲν
1567 1603 1621 1646 τιὶ

170 1669 392 1725 Ῥωμαίων
430 1669 687 1727 πράγματα,
719 1674 893 1712 καθεῖλε
933 1672 981 1711 δὲ
1019 1669 1072 1711 τὰ
1111 1672 1295 1725 Περσῶν
1333 1668 1622 1726 φρυάγματα·

181 1737 238 1786 ὥς
257 1736 338 1792 γὰρ
369 1737 423 1778 ου’
442 1739 672 1789 δεξομένων
689 1738 804 1791 σφᾶς
825 1738 908 1778 τῶν
929 1733 1149 1787 Ῥωμαίων
1175 1734 1406 1790 γεγηθότες.
1427 1734 1623 1791 ἐπῄεσαν,

182 1805 255 1844 καί
268 1802 324 1853 ὥς
341 1804 480 1844 πᾶσαν
506 1802 780 1858 ἀφανίσοντες
799 1803 952 1856 μικροῦ
970 1799 1045 1855 τήν
1059 1803 1252 1856 Φρυγίαν
1269 1798 1343 1842 καί
1368 1801 1622 1856 φθεροῦντες
1634 1816 1666 1849 1)

117 1878 170 1920 25
184 1866 338 1924 ὁπόσην
353 1867 487 1910 ἔπεισι
499 1866 756 1922 ΙΙῙαίανδρος
769 1867 1070 1922 α’γκυλορρόας,
1085 1864 1299 1919 ἐσβάλλων
1313 1867 1373 1914 εἰς
1391 1864 1625 1909 θάλασσαν.

181 1936 320 1977 πίπτει
347 1935 394 1976 δὲ
421 1932 526 1976 κατὰ
563 1936 707 1975 τοῦτον
745 1930 817 1975 τὸν
843 1930 1024 1986 πόλεμον
1046 1933 1268 1987 Ἀσπιέτης
1294 1932 1339 1983 ἐξ
1370 1927 1510 1980 αἰτίας
1536 1945 1626 1972 τοι-

270 2033 632 2115 8.υπε1(ξινηχόμενον
664 2033 781 2078 vulgo.
906 2044 956 2079 ¹7·
986 2031 1167 2081 Ἀλανῶν]
1203 2034 1362 2069 ,σκυθῶν
1390 2032 1440 2073 A,
1478 2029 1626 2078 α’λαμα-

272 2095 350 2118 νων
405 2108 413 2116 .

183 2163 303 2197 cidere
320 2189 330 2204 ‚
358 2163 471 2196 fracta
506 2162 693 2195 alacritate
718 2165 756 2194 et
777 2170 950 2205 generoso
989 2159 1054 2192 illo
1080 2158 1210 2204 spiritu
1238 2156 1431 2191 debilitato
1456 2167 1542 2191 suae
1569 2169 1628 2192 sa-

184 2211 254 2245 luti
279 2210 453 2250 consulit,
480 2214 516 2242 et
538 2209 724 2254 proposito
753 2208 884 2241 itinere
908 2206 1090 2240 declinato
1120 2205 1283 2250 superius
1310 2204 1496 2246 abscedit,
1523 2204 1626 2238 aliud

185 2258 315 2292 vadum
345 2257 584 2302 quaesiturus.
623 2256 709 2300 quia
734 2265 816 2287 vero
840 2254 975 2287 flumen
1004 2263 1183 2297 nusquam
1208 2251 1352 2284 transiri
1376 2257 1541 2296 poterat,
1567 2263 1628 2284 ca—

185 2311 248 2350 pto
273 2316 316 2337 ex
338 2309 502 2348 tempore
537 2303 688 2336 consilio
715 2306 817 2335 scuto
840 2311 905 2345 pro
944 2300 1054 2333 lintre
1079 2299 1219 2339 utitur,
1243 2299 1345 2331 laeva
1368 2309 1502 2343 equum
1525 2298 1627 2332 iuxta

185 2357 369 2384 natantem
399 2350 520 2391 ducit,
547 2355 585 2383 et
609 2349 735 2382 dextra
758 2347 917 2392 gladium
939 2357 1004 2392 pro
1031 2345 1276 2391 gubernaculo
1294 2345 1475 2378 sustinens
1497 2350 1628 2378 natan-

189 2398 235 2431 do
261 2398 435 2443 paulatim
453 2397 690 2441 progreditur.
714 2401 866 2428 mortem
889 2399 1011 2427 tamen
1035 2393 1170 2426 evitare
1185 2403 1259 2424 non
1282 2391 1414 2436 potuit.
1438 2403 1520 2424 nam
1545 2403 1627 2425 cum

188 2445 227 2478 in
253 2445 461 2478 ulteriorem
488 2445 602 2488 ripam
626 2442 820 2482 evasisset,
859 2441 1000 2474 tumulo
1026 2449 1221 2473 conscenso
1244 2439 1325 2484 quis
1351 2439 1399 2471 sit
1421 2438 1627 2483 praedicat,

190 2497 228 2524 et.
252 2491 498 2534 arrogantibus
533 2489 652 2523 verbis
679 2494 793 2522 semet
827 2488 944 2532 ipsum
969 2487 1149 2526 celebrat,
1176 2496 1248 2530 quo
1273 2486 1394 2530 plures
1419 2485 1559 2518 Turcae
1583 2495 1626 2517 eo

191 2537 421 2570 confluerent.
454 2548 577 2570 verum
600 2547 675 2569 non
699 2535 744 2568 ab
781 2534 915 2567 illustri
947 2534 1072 2578 aliquo
1106 2538 1143 2566 et
1166 2537 1254 2565 noto
1288 2533 1467 2573 Romane,
1492 2531 1556 2565 sed
1580 2530 1627 2563 ab

192 2584 305 2616 Alano
337 2583 492 2628 quodam
532 2583 719 2616 occiditur.
760 2593 805 2614 ex
829 2592 871 2614 eo
896 2582 1022 2614 Persae
1057 2581 1167 2612 effuse
1194 2578 1373 2622 fugientes
1396 2578 1562 2623 plerique
1587 2577 1628 2609 in

192 2629 387 2663 Maeandro
423 2630 717 2674 submerguntur,
758 2627 947 2672 perpaucis
987 2637 1031 2659 ex
1070 2631 1126 2659 tot
1147 2625 1310 2658 millibus
1334 2625 1562 2658 conservatis.
1588 2622 1628 2656 id

191 2676 338 2716 factum,
362 2676 391 2708 si
415 2676 504 2720 quid
532 2676 649 2716 aliud,
678 2686 751 2708 rem
776 2676 969 2707 Romanam
993 2673 1109 2706 erexit
1132 2677 1169 2705 et
1187 2673 1371 2705 Persarum
1396 2669 1628 2704 insolentiam

194 2723 373 2767 repressit.
401 2722 533 2756 alacres
558 2723 653 2756 enim
681 2721 965 2762 invehebantur,
999 2725 1036 2753 et
1067 2721 1244 2757 Romanos
1267 2724 1366 2762 terga
1397 2716 1564 2757 daturos,
1588 2726 1627 2748 se

194 2780 278 2804 vero
304 2774 418 2803 totam
442 2780 555 2814 prope
581 2768 786 2813 Phrygiam,
827 2778 935 2813 quam
972 2766 1045 2800 late
1080 2764 1277 2799 Maeander
1309 2764 1352 2797 ad
1389 2774 1486 2797 mare
1511 2772 1627 2809 usque
1656 2783 1657 2787 =
