1838 3210
449 222 522 265 m:
559 220 814 266 MANUELE
852 219 1114 265 coMNssNo
1154 220 1252 262 un.
1291 220 1362 261 vi.
1497 198 1605 255 235

173 324 255 368 τῶν
279 322 484 379 Περσῶν,
509 321 738 371 κυκλωθείς
765 321 812 362 δὲ
843 317 924 361 ὑπὸ
960 321 1042 362 τῶν
1069 319 1276 372 πολεμίων
1306 315 1438 367 αὖτός
1463 332 1508 358 τε
1533 333 1609 359 κα-

172 391 408 433 τακαίνεται
436 386 509 429 καί
534 384 574 428 οἱ
616 384 698 428 σύν
730 380 846 441 αὐτῷ
872 387 1093 428 πίπτουσιν
1120 381 1322 437 ἅπαντες,
1349 383 1479 437 ἀλκῆς
1505 381 1609 437 ἔργα

172 457 248 498 καί
271 453 415 510 χειρὸς
440 451 634 508 γενναίας
661 448 931 505 παράδειγμα
961 449 1255 503 ἐνδειξάμενοι.
1311 450 1358 491 ἐκ
1385 450 1431 490 δὲ
1459 446 1609 490 τούτου

171 524 312 562 πλεῖον
339 520 524 573 ὲπαρθὲν
549 515 596 559 τὸ
623 513 839 570 βάρβαρον
867 516 1052 570 ἀπόρους
1087 514 1218 572 πάντῃ
1244 514 1468 568 Ῥωμαίοις
1494 514 1609 555 ἑποί-

134 589 247 630 5ουν
272 585 348 634 τὰς
374 580 568 637 τροχιοὶς,
609 581 684 622 καί
711 579 842 634 βύζην
881 581 1122 634 νενησμένοι
1150 580 1347 632 α’πεῖργον
1368 577 1443 634 τὴν
1475 575 1609 634 πάρο-

169 651 258 692 δον.
314 647 355 690 οἱ
381 650 429 690 δὲ
448 647 650 699 Ῥωμαῖοι
679 641 749 687 οἶα
777 647 823 686 ἐν
850 647 978 701 στενῷ
1005 647 1151 702 χωρίῳ
1181 641 1412 696 εἱλούμενοι
1439 645 1514 685 καί
1532 641 1609 685 ‹12-

168 714 309 770 λήλοις
335 712 648 769 περιπίπτοντες
665 706 714 751 οὗ
733 709 862 764 μόνον
890 710 1051 764 δρᾶσαί
1064 725 1105 751 τι
1124 707 1248 751 κακὸν
1269 710 1346 750 οὐκ
1377 705 1490 761 εἶχον
1507 708 1609 758 τούς
1623 720 1660 755 v,
1675 723 1723 767 96

166 780 412 833 πολεμίους,
462 775 568 820 ἀλλὰ
627 778 698 818 καί
739 779 826 825 τοῖς
872 776 1241 830 ἐπιπορευομένοις
1284 771 1608 828 προσιστάμενοι

166 841 366 901 ἀχρείους
392 844 606 892 κοῖκείνους
632 843 802 884 ἐποίουν
829 841 890 890 εἰς
915 838 962 882 τὸ
993 838 1246 893 ἀμύνεσθαι.
1304 835 1404 880 ὅθεν
1431 841 1504 880 καί
1531 839 1607 895 ῥᾷ-

108 925 154 953 ιο
166 926 211 953 ον
237 908 319 952 ὑπὸ
349 911 433 951 τῶν
476 909 744 961 ἐπικειμένων
782 906 926 955 αὐτοῖς
965 903 1191 960 ἔθνησκον,
1227 905 1300 946 καί
1328 899 1381 959 ἦν
1410 905 1509 947 ου’δὲ
1526 906 1607 957 μία

163 991 228 1025 τις
255 973 527 1030 ἐπιβοήθησις
552 970 632 1015 ἀπὸ
667 975 750 1015 τῶν
780 970 1073 1028 ου’ραγοϋντων
1111 968 1328 1025 ταγμάτων
1356 965 1384 1024 ἢ
1410 970 1457 1011 ἐκ
1482 973 1606 1024 βασι-

162 1044 266 1091 λέως
295 1041 451 1092 αΰτοῦ,
478 1035 507 1094 ἢ
534 1035 802 1094 ὑποχώρησις
827 1036 900 1079 καὶ
926 1038 1195 1092 παρὲκκλισις
1221 1036 1294 1077 ἐπὶ
1318 1033 1503 1089 θάτερα·
1558 1032 1605 1076 αἱ

161 1105 243 1162 γάρ
275 1102 436 1159 ἅμαξαι
457 1103 562 1147 κατὰ
594 1105 723 1157 μέσον
764 1101 1031 1156 ἑλισσόμεναι
1058 1098 1339 1155 ὗπονοστῆσαι
1366 1101 1443 1152 μὲν
1474 1100 1603 1140 οὖδα-

161 1173 252 1224 μῶς
277 1170 373 1213 εἴων
410 1169 486 1219 τοὶς
526 1169 837 1224 προηγουμένας
874 1169 1008 1219 τάξεις
1047 1165 1120 1208 καί
1150 1164 1468 1219 μετατάξασθαι
1493 1162 1645 1221 πρόςΡ,
1665 1179 1728 1213 με

102 1236 206 1280 15τὸ
236 1236 469 1291 χρήσιμον,
516 1241 601 1284 τοῖς
631 1235 678 1275 δὲ
710 1232 816 1287 μετὰ
843 1235 918 1276 τοῦ
955 1229 1253 1288 αὗτοκράτορος
1291 1227 1600 1285 στρατεύμασιν

159 1298 301 1357 ὥσπερ
331 1300 597 1357 α’ντίφραγμα
628 1298 843 1354 γινόμεναι
871 1296 947 1353 τὴν
973 1299 1017 1347 ἐς
1043 1297 1095 1339 τὰ
1126 1293 1269 1352 πρόσω
1295 1295 1470 1351 πορείαν
1497 1296 1602 1337 α’πε-

157 1369 350 1421 τείχιζον.
404 1364 552 1408 ἔπιπτε
593 1366 734 1407 τοίνυν
759 1365 862 1418 βοῦς
902 1366 949 1406 ἐκ
974 1362 1226 1416 τοξεύματος
1252 1362 1498 1417 Περσικοῦ,
1530 1359 1606 1402 καὶ

156 1435 258 1486 παρ’
286 1433 401 1489 αὔτῷ
417 1430 581 1486 βοωτης
611 1431 847 1484 α’πὲψυχεν.
903 1430 1028 1478 ἵππος
1052 1427 1126 1470 καί
1152 1424 1364 1482 οἷναβάτης
1392 1426 1501 1479 ὅμοῦ
1527 1442 1604 1468 κα-

155 1499 414 1552 τεβέβληντο.
471 1495 516 1538 αἱ
543 1493 746 1551 σήραγγες
774 1494 930 1548 μεσταί
964 1491 1172 1547 σωμάτων
1199 1493 1519 1549 προυφαίνοντο,
1547 1490 1598 1534 τιὲ

94 1576 148 1605 20
159 1559 266 1619 ἄλση
290 1564 372 1605 τῶν
399 1560 609 1604 πεσόντων
634 1560 891 1616 πεπλήρωτο.
949 1559 1139 1613 αἱμάτων
1166 1557 1320 1615 ῥύακες
1347 1555 1601 1613 προύβαινον

156 1628 462 1683 κελαρύζοντες.
534 1624 643 1681 αἷμα
671 1626 932 1684 συνεφύρετο
975 1626 1146 1679 αἵματι,
1173 1626 1230 1681 τῷ
1255 1627 1338 1667 τῶν
1364 1621 1601 1678 ὑποζυγίων

156 1692 204 1736 τὸ
230 1691 430 1748 βρότειον.
472 1689 604 1741 οὕτως
632 1688 685 1747 ἦν
711 1691 827 1733 δεινοὶ
859 1690 910 1733 τὰ
941 1693 1032 1733 ἐκεῖ
1058 1692 1130 1732 καί
1155 1692 1295 1732 πᾶσαν
1325 1687 1602 1744 ὑπερβαίνον-

156 1775 209 1802 τα
237 1756 499 1814 συγγραφήν.
554 1754 611 1807 ὥς
637 1752 714 1798 οὖν
746 1751 840 1798 οὔτε
866 1761 1103 1811 προχωρεῖν
1130 1757 1224 1809 ἐξῆν
1249 1753 1323 1796 καί
1344 1753 1392 1795 τὸ
1421 1755 1599 1804 α’ναζεῧ·

157 1830 223 1876 §aa
252 1825 299 1866 δὲ
328 1818 464 1873 ἄλλως
492 1818 700 1865 ἀδύνατον
732 1819 791 1878 (οἷ
818 1819 899 1876 γὰρ
911 1823 1084 1876 Πέρσαι
1115 1821 1189 1862 καί
1213 1817 1316 1861 κατὰ
1343 1818 1479 1861 νοότου
1507 1820 1599 1873 ε’γὲ-

249 1912 282 1947 3.
300 1910 554 1960 παραδεῖγμα]
584 1910 811 1957 παράστημα
834 1910 875 1943 A.
983 1910 1015 1944 5.
1040 1907 1209 1956 α’πεῖργ]
1235 1906 1445 1953 ἔπεζύγουν
1467 1908 1600 1941 πᾶσαν

248 1970 290 1993 π.
314 1959 353 1992 Α.
494 1971 527 2004 9.
553 1957 743 2005 ἀχρείους]
772 1956 1072 2002 ἄχρησιμεύτους
1097 1957 1132 1987 Β.
1258 1966 1309 1988 ιο.
1332 1953 1596 2001 ἐπικειμένων]

246 2005 518 2061 ἐπιφυομένων
534 2006 574 2038 Α.
695 2007 746 2040 18.
770 2003 923 2052 βοώτης]
951 2003 973 2037 0‘
996 2001 1062 2040 τὰς
1085 2001 1231 2049 ἁμάξας
1255 2001 1407 2048 σύρνων
1429 2001 1467 2034 Β.
1540 2003 1597 2045 24.

246 2063 340 2086 κατα
368 2054 490 2087 νῶτον
516 2051 690 2097 ἐγίνοντο
706 2051 748 2084 Α.

155 2131 312 2165 cilliores
337 2141 415 2164 esse
441 2142 549 2177 quam
586 2135 628 2164 ut
650 2132 834 2165 Persarum
858 2129 1073 2175 phalangem
1103 2131 1401 2174 perrumperent,
1423 2138 1504 2161 cum
1529 2128 1598 2160 ali-

154 2183 246 2223 quot
269 2178 455 2223 equitibus
480 2179 519 2212 in
554 2177 693 2211 medios
717 2177 838 2211 hostes
874 2176 1076 2210 invehitur:
1106 2175 1170 2209 sed
1195 2175 1240 2209 ab
1264 2175 1309 2207 iis
1334 2175 1598 2207 circumventus

155 2230 192 2258 et
216 2225 293 2270 ipse
312 2224 501 2266 occiditur,
527 2229 563 2258 et
587 2225 662 2257 eius
688 2225 823 2258 milites
845 2234 969 2256 omnes
994 2223 1190 2256 fortissime
1216 2221 1428 2255 dimicantes
1453 2220 1597 2254 cadunt.

155 2281 198 2303 eo
226 2281 392 2304 successu
418 2271 506 2304 elati
530 2271 675 2304 barbari
699 2277 735 2304 et
758 2270 965 2314 conglobati
991 2280 1114 2303 omnes
1138 2270 1214 2302 vias
1242 2268 1411 2301 Romanis
1433 2268 1601 2312 praeclu-

154 2322 295 2359 serunt3
323 2317 387 2362 qui
411 2323 454 2351 ut
477 2318 516 2351 in
539 2318 725 2362 angustiis,
749 2317 846 2350 inter
870 2328 907 2350 se
932 2316 1103 2360 impliciti
1123 2320 1161 2348 et
1187 2315 1252 2348 alii
1278 2315 1370 2347 alios
1397 2314 1601 2359 impedien-

151 2368 228 2405 tes,
257 2363 470 2398 adversariis
503 2364 593 2397 adeo
618 2374 749 2397 nocere
782 2375 858 2396 non
890 2368 1082 2408 poterant,
1120 2367 1162 2395 ut
1185 2367 1223 2395 et
1247 2360 1500 2394 defensoribus
1525 2361 1600 2394 suis

153 2409 373 2444 obsisterent
395 2416 432 2444 et
454 2411 666 2455 urgentibus
689 2410 855 2443 hostibus
880 2410 1022 2442 facilius
1048 2409 1251 2449 interirent,
1276 2419 1344 2441 nec
1369 2407 1414 2440 ab
1438 2413 1598 2440 extremo

153 2456 292 2500 agmine
306 2462 369 2490 aut
386 2457 465 2502 ipso
489 2458 705 2502 imperatore
723 2457 838 2495 iuvari
862 2462 926 2489 aut
944 2455 1113 2488 recedere
1130 2461 1193 2488 aut
1213 2454 1260 2488 ad
1275 2454 1487 2488 alterutrum
1502 2455 1598 2487 latus

97 2542 103 2549 .
153 2501 334 2536 declinare
347 2510 506 2548 possent.
524 2516 606 2537 nam
633 2515 769 2545 currus,
795 2503 859 2548 qui
885 2504 925 2536 in
940 2502 1060 2535 medio
1086 2501 1335 2542 trahebantur,
1358 2512 1427 2534 nec
1452 2506 1600 2534 antece-

153 2548 281 2582 dentes
303 2550 463 2594 legiones
480 2552 640 2596 recipere
656 2562 734 2584 sese
751 2555 815 2583 aut
829 2549 942 2583 aciem
958 2548 1180 2582 commodius
1203 2549 1380 2581 instruere
1404 2548 1598 2592 patieban-

152 2600 233 2637 tur3
261 2600 298 2628 et
322 2597 547 2641 imperatoris
570 2608 796 2643 progressum
831 2602 1005 2641 tanquam
1032 2596 1129 2629 vallo
1165 2595 1308 2628 obiecto
1337 2593 1596 2638 impediebant.

153 2641 315 2674 iumenta
335 2643 471 2686 pariter
498 2649 536 2678 et
558 2643 721 2677 homines
747 2643 829 2677 telis
854 2643 1002 2676 Persicis
1035 2642 1307 2682 sternebantur3
1330 2641 1442 2674 valles
1466 2640 1597 2684 plenae

154 2692 258 2720 erant
287 2688 538 2732 cadaveribus,
566 2691 679 2725 saltus
712 2689 913 2723 interfectis
937 2688 1150 2731 scatebant3
1184 2688 1382 2722 manabant
1412 2687 1480 2719 rivi
1513 2696 1597 2718 san-

154 2733 284 2778 guiniS,
307 2745 432 2768 cruore
486 2736 638 2771 ecudum
662 2742 699 2770 et
723 2736 908 2770 hominum
933 2735 1118 2781 permisto,
1142 2739 1244 2768 tanta
1271 2734 1472 2773 atrocitate,
1500 2742 1595 2776 quae

152 2779 264 2815 nullis
288 2781 438 2827 exprimi
478 2783 595 2818 itteris
617 2783 741 2830 possit.
764 2794 845 2819 cum
868 2783 978 2828 igitur
995 2793 1115 2829 neque
1139 2780 1307 2828 progredi
1331 2790 1450 2826 neque
1476 2789 1595 2824 regre-
