1838 3210
312 171 422 227 258
723 182 953 224 NxCETAE
997 179 1310 223 cnomATAss

310 286 503 345 φρουράν
529 283 793 334 Ῥωμαίους,
831 277 974 321 ἔπειτα
1023 280 1070 321 δὲ
1106 281 1179 320 καί
1215 282 1449 333 πολιορκεῖν
1488 277 1749 333 ἐπεβάλοντο.

308 352 409 396 ὅθεν
435 350 473 392 οἱ
503 349 687 399 ἔσωθεν,
716 347 756 388 εἰ
776 343 835 400 μή
856 360 918 394 τις
947 344 1088 393 αὐτοῖς
1115 342 1357 400 ε’παρήξειεν
1373 340 1540 396 ἔξωθεν,
1566 346 1680 401 σφᾶς
1703 358 1750 386 τε

309 415 463 464 αὐτούς
493 410 567 454 καί
592 408 666 467 τήν
692 408 814 453 πόλιν
840 407 1179 464 καταπροδιόσειν
1221 410 1438 464 ἠπείλουν,
1468 408 1526 458 ὥς
1557 407 1615 463 μὴ
1643 409 1750 464 >59⁶-

307 497 378 523 υια
413 477 635 532 λιμώττειν
661 477 874 530 στέγοντες
904 474 993 528 ἔτι,
1035 473 1109 516 καί
1135 472 1231 525 τούς
1258 476 1480 527 πολεμίους
1509 474 1750 528 ἀποτρέψα-

263 549 410 592 Βσθαι
454 541 562 592 ὅλως
590 542 666 583 οῦκ
704 540 901 595 ἔχοντεςμ
939 539 999 595 μὴ
1031 536 1257 594 ἆναμείνας
1283 535 1459 595 οὖν,τὴν
1485 541 1648 582 τελείαν
1673 542 1786 585 τοῦ5

304 611 438 652 κακοῦ
467 607 660 662 α’γγελίαν
704 603 725 647 ὁ
755 605 990 661 Μανουὴλ,
1019 604 1202 655 α’ναστὰς
1241 604 1319 660 τὴν
1346 602 1594 660 ὑστεραίαν,
1621 598 1647 661 ᾗ
1677 601 1750 646 τά·

305 690 408 729 χους
432 669 564 727 εἶχεν,
606 670 677 714 ἐπὶ
714 670 792 726 τὴν
818 673 1038 714 Κλαυδίου
1074 670 1142 713 διὰ
1173 671 1246 725 τῆς
1277 668 1548 725 Νικομήδους
1576 665 1748 724 ἤλαυνε,

302 739 361 796 μὴ
393 740 573 781 αὐλαίαν
609 736 911 792 ἆνακτορικήν,
952 736 1010 792 μὴ
1041 738 1202 792 κλίνην,
1231 734 1290 791 μὴ
1320 734 1499 790 στιβάδα
1526 734 1629 790 μήτε
1655 734 1748 779 τινὰ

302 802 432 860 ἄλλην
467 802 622 859 σκευὴν
664 804 896 859 τρυφῶσαν
930 802 1110 859 α’ρχικὴν
1146 803 1429 856 ἑπαγόμενος,
1468 800 1579 855 μόνα
1622 802 1670 844 δὲ
1694 800 1746 844 τά

300 870 515 924 ἱππάσιμα
548 871 690 926 φέρων
720 870 795 910 καὶ
820 867 970 918 στολὰς
997 870 1140 925 φολίσι
1169 870 1361 924 σιδηραῖς
1389 866 1596 923 ὑφαντάς.
1653 869 1746 910 ἐπέ·
1763 876 1813 912 ἰο

299 952 430 978 τεινεν
459 931 534 977 οὖν
562 934 661 984 τοῦς
688 932 918 987 σταθμούς.
972 937 1172 977 τοσοῦτον
1199 936 1237 976 δ’
1265 929 1317 989 ἦν
1343 936 1485 990 ἐκείνῳ
1506 932 1552 976 τὸ
1584 933 1748 988 πρόθυ-

299 1017 380 1056 μον
412 999 582 1058 φθάσαι
607 999 706 1051 τοὺς
734 1003 1067 1056 πολιορκοῦντας
1095 1002 1291 1042 ποθοῦντι
1310 998 1390 1055 πρὸ
1422 1002 1496 1041 τοῦ
1525 1002 1679 1041 παθεῖν
1704 1014 1748 1041 τι

299 1067 395 1116 τοὺς
423 1066 541 1109 ἔνδον
562 1065 719 1120 δεινόν,
747 1066 889 1108 ὁποῖον
921 1068 997 1107 ov’n
1027 1065 1115 1108 ἔστι
1133 1067 1240 1124 λόγῳ
1270 1063 1619 1120 περιηγήσασθαι.
1653 1066 1749 1106 oin·

299 1134 375 1174 οῦν
406 1133 482 1181 τὰς
511 1130 660 1181 νύκτας
688 1131 807 1174 ἴαυεν
836 1130 1021 1191 α’ΰπνους
1051 1131 1124 1173 καί
1167 1130 1272 1186 πρὸς
1302 1129 1378 1186 τὴν
1397 1131 1568 1184 πορείαν
1592 1131 1749 1184 ἐχρᾶτο

299 1197 412 1254 φωτί
438 1200 596 1255 ποιητῷ
635 1199 818 1251 βαδίζων
859 1196 930 1239 διά
969 1199 1043 1252 τῆς
1072 1198 1298 1238 Βιθυνῶν·
1363 1196 1390 1252 ἦ
1438 1198 1484 1238 δὲ
1513 1196 1570 1245 ὥς
1596 1197 1814 1240 ἑπίπανιό

297 1269 389 1312 ταῖς
419 1264 679 1317 ξυναγκειάις
717 1261 1005 1316 πεπύκνωται,
1045 1264 1118 1304 καί
1146 1259 1298 1318 ἄπορός
1332 1264 1421 1305 ἐστι
1462 1263 1653 1318 πολλαχῇ
1691 1263 1749 1318 τῷ

298 1331 375 1384 τῆς
405 1326 508 1384 ὕλης
535 1333 772 1384 συνηρεφεῖ.
829 1330 869 1369 εἰ
895 1330 941 1370 δέ
968 1343 1050 1369 που
1082 1330 1156 1369 καί
1182 1329 1330 1383 χρείας
1362 1325 1586 1382 ἱκανούσης
1615 1329 1747 1369 ἐδεῖτο

300 1391 668 1447 διαναπαύεσθαι,
713 1393 856 1448 γήϊνον
883 1390 972 1447 εἶχε
1002 1392 1080 1448 τὴν
1108 1394 1344 1447 καθέδραν,
1373 1394 1446 1434 καί
1473 1389 1615 1448 κάρφη
1643 1392 1749 1433 ὑπο-

297 1461 530 1514 βεβλημένη
574 1459 647 1500 καί
689 1457 873 1514 φορυτὸς
923 1459 1192 1511 ὑποκείμενος
1234 1460 1374 1516 ἐκείνῳ
1415 1455 1489 1511 τήν
1527 1458 1750 1513 στρωμνήν

298 1524 552 1577 ἑσχεδίαζεν.
619 1523 688 1566 ὁτὲ
730 1526 777 1567 δὲ
806 1523 930 1566 ὑετοῦ
971 1526 1291 1578 κατενεχθέντος
1331 1526 1406 1565 καί
1447 1525 1527 1564 τοῦ
1554 1523 1748 1575 σταθμοῦ
1760 1542 1813 1568 20

297 1591 521 1644 γενομένου
551 1588 660 1630 κατὰ
690 1590 888 1645 φάραγγα
930 1587 1144 1644 τεναγώδη
1173 1585 1338 1631 ἄνωθέν
1356 1604 1402 1630 τε
1432 1595 1523 1636 ταῖς
1552 1586 1748 1643 σταγόσιν

299 1655 481 1708 ἐτέγγετο
509 1653 582 1696 καί
606 1654 681 1697 τὸν
708 1653 837 1697 ὕπνον
865 1657 1063 1697 διεσπᾶτο
1096 1657 1153 1712 τῷ
1180 1653 1257 1710 τὴν
1287 1654 1468 1708 στιβάδα
1496 1651 1748 1710 ὑποτρέχον-

298 1734 342 1759 τι
369 1718 541 1772 νάματι.
609 1718 713 1761 κάπί
740 1725 826 1769 τοῖς
869 1718 1080 1769 τοιούτοις
1113 1721 1304 1775 ἠγαπᾶτο
1331 1721 1492 1773 μᾶλλον
1522 1722 1596 1762 καί
1622 1719 1748 1774 ἤγᾶτο

297 1780 326 1839 ἢ
354 1780 419 1827 ὅτε
448 1782 678 1840 διαδήματι
705 1787 938 1828 ἑταινιοῦτο
967 1785 1041 1828 καί
1065 1789 1291 1842 περιέκειτο
1317 1784 1393 1842 τὴν
1421 1785 1652 1842 ἁλουργίδα
1678 1787 1751 1827 καί

393 1895 427 1941 4.
452 1893 764 1944 ἀποτρέψασθαι]
791 1897 940 1932 ἐκεῖθεν
974 1896 1153 1938 ἐκδιῶξαι
1187 1899 1226 1931 Α.
1382 1908 1434 1933 ιο.
1461 1895 1642 1943 §qamvis-J
1666 1896 1749 1930 δια·

390 1942 561 1980 πλόκους
586 1943 628 1977 Α.
727 1947 779 1979 13.
804 1943 902 1989 λόγῳ
928 1946 992 1978 καὶ
1016 1943 1274 1988 διηγήσασθαι
1300 1945 1339 1978 Α.
1436 1946 1486 1988 14.
1509 1941 1575 1980 τοῖς
1599 1944 1748 1991 νύκτας]

393 1987 483 2030 ὅλην
506 1989 573 2030 τὴν
596 1991 735 2025 νύκταν
762 1990 1000 2035 περιεπάτει.
1017 1990 1112 2037 μετὰ
1150 1994 1224 2025 τῶν
1255 1989 1479 2037 μαζαλοέδων
1514 1987 1577 2024 dui
1602 1991 1665 2033 τῆς
1690 1993 1747 2035 βι-

391 2037 528 2073 θυνίας
555 2038 590 2069 Β.
710 2037 845 2083 ἐχρῆτο
871 2038 911 2070 Α.
1035 2041 1085 2073 16.
1107 2040 1336 2073 πεπύκνωτο
1365 2038 1392 2069 Α

300 2145 408 2178 gnare
431 2141 639 2179 coeperunt.
663 2137 799 2170 obsessi
817 2143 948 2179 autem,
974 2138 1045 2171 nisi
1070 2143 1209 2171 mature
1230 2138 1364 2170 auxilia
1380 2138 1620 2178 mitterentur,
1645 2139 1744 2183 quod

298 2192 366 2213 nec
392 2181 598 2215 diuturnam
624 2183 754 2217 samem
775 2186 917 2228 perpeti
943 2196 1010 2217 nec
1037 2185 1158 2218 hostes
1181 2185 1392 2230 propulsare
1427 2185 1503 2216 ullo
1526 2184 1635 2217 modo
1659 2196 1745 2229 pos-

300 2233 401 2268 sent,
430 2227 654 2262 deditionem
680 2241 717 2262 se
743 2232 899 2264 facturos
923 2231 1166 2264 minabantur.
1213 2231 1361 2264 Manuel
1378 2231 1487 2273 igitur
1510 2231 1596 2263 mali
1625 2237 1744 2265 extre-

299 2273 348 2305 mi
375 2275 504 2306 nuntio
529 2286 602 2308 non
640 2283 850 2320 expectato,
880 2278 1079 2322 postridie,
1118 2282 1252 2322 quanta
1278 2277 1462 2310 celeritate
1487 2282 1650 2321 poterat,
1677 2289 1744 2323 per

298 2320 547 2353 Nicomediam
585 2322 852 2367 Claudiopolim
886 2325 1049 2357 maximis
1084 2324 1276 2356 itineribus
1316 2323 1524 2365 contendit,
1552 2325 1631 2358 sine
1657 2325 1743 2358 ullis

300 2366 426 2398 aulicis
459 2367 623 2408 deliciis,
658 2371 764 2402 armis
790 2376 827 2403 et
862 2371 965 2415 equis
998 2370 1174 2403 duntaxat
1215 2370 1427 2413 instructu53
1459 2375 1496 2404 et
1520 2376 1562 2404 ut
1585 2370 1743 2404 hostium

301 2418 449 2445 conatus
479 2419 730 2456 anteverteret,
758 2417 940 2449 insomnes
965 2422 1089 2450 noctes
1118 2417 1207 2461 agit3
1238 2422 1274 2449 et
1301 2417 1347 2449 ad
1370 2417 1466 2450 faces
1490 2428 1555 2461 per
1578 2417 1744 2461 Bithyni-

301 2471 374 2499 am,
405 2470 498 2503 quae
521 2466 670 2504 propter
698 2462 838 2494 crebras
863 2464 974 2496 valles
998 2469 1034 2496 et
1060 2462 1187 2496 densas
1212 2463 1318 2496 silvas
1343 2463 1466 2496 multis
1494 2464 1532 2496 in
1561 2463 1649 2496 locis
1675 2465 1743 2497 im-

299 2505 425 2550 pedita
464 2506 576 2540 habet
599 2507 748 2549 itinera,
781 2509 894 2553 pedes
922 2510 1169 2554 proficiscitur.
1213 2509 1311 2554 quod
1336 2510 1453 2542 sicubi
1482 2510 1741 2555 quiescendum

303 2557 406 2592 erat,
441 2552 560 2586 cubile
596 2554 651 2586 illi
692 2560 768 2588 erat
792 2555 944 2595 humus,
986 2557 1101 2589 lectus
1141 2567 1159 2588 e
1192 2556 1306 2600 paleis
1335 2562 1370 2589 et
1404 2556 1512 2589 foeno
1538 2557 1739 2593 constabat.

302 2610 382 2631 cum
412 2599 535 2643 pluvio
564 2605 724 2646 tempore
757 2602 795 2635 in
819 2603 971 2646 palustri
1008 2603 1087 2635 loco
1112 2602 1383 2644 diversabantur,
1408 2603 1524 2636 nubes
1551 2609 1589 2637 et
1616 2603 1740 2636 subter

302 2644 453 2678 fluentes
478 2646 544 2679 rivi
569 2658 730 2680 somnum
755 2649 789 2681 ei
812 2649 1133 2693 interrumpebant.
1165 2660 1258 2694 quae
1284 2660 1338 2682 res
1364 2651 1534 2683 maiorem
1561 2651 1594 2683 ei
1622 2650 1740 2683 homi—

302 2703 387 2724 num
423 2697 459 2725 et
495 2692 785 2728 benevolentiam
817 2700 853 2728 et
890 2695 1164 2729 admirationem
1195 2696 1359 2741 peperit,
1399 2708 1506 2742 quain
1532 2697 1569 2730 iu
1594 2697 1738 2742 imperii

303 2738 482 2784 principio
509 2738 673 2774 diadema
698 2753 855 2787 purpura
881 2748 916 2777 et
941 2753 1053 2789 equus
1079 2743 1195 2777 aurcis
1220 2742 1378 2789 phaleris
1403 2749 1560 2777 ornatu&
1591 2749 1632 2777 ut
1653 2753 1739 2789 pro-
