1878 3230
316 155 427 218 560
736 175 965 217 NicETAE
1003 173 1313 220 cuomATAn

313 276 513 331 στρόφοις
557 275 803 327 μεταβολαῖς
848 272 951 316 κατὰ
1002 273 1072 316 τὸν
1121 277 1194 329 τῆς
1233 276 1420 326 Αὐλίδος
1461 279 1736 356 πολυρρόῖθιον

191 342 301 389 2274
313 338 525 395 πορθμόν·
578 337 920 393 παραλαμβάνων
959 337 1039 393 γὰρ
1068 337 1141 381 τὸν
1165 340 1258 382 ’Ate
1253 341 1346 390 ξιον
1373 353 1568 384 συσσιτον
1595 359 1737 393 νωτοις

311 403 514 459 διηνεκέσι
554 405 723 459 γέραιρε
765 418 896 458 κρεων
923 400 980 452 ὥς
1000 403 1281 458 Ἀγαμέμνων
1307 402 1437 446 πάλαι
1467 406 1539 448 τὸν
1556 405 1751 462 Arana,-

310 470 382 510 καί
432 468 590 522 ἒνάγων
638 466 743 522 πρὸς
780 466 855 522 τήν
892 470 974 510 τῶν
1022 470 1299 523 προκειμένων
1345 469 1585 524 ἐδεσμάτων
1636 473 1736 518 a'm-

175 535 294 571 V.a25
308 534 506 576 πόστολον
533 527 695 588 ἔφαψιν
722 533 860 588 ,,φα’γε
899 532 1205 589 καθηγούμενε”
1235 533 1429 584 πολλάκις
1456 537 1656 590 ἐπέλεγεν.
1747 540 1772 583 5

420 593 482 639 Οὖ
525 596 593 639 τὸν
615 597 808 649 Ἀλέξιον
849 599 896 639 δὲ
932 601 1002 640 καί
1039 595 1110 641 τὸν
1133 595 1408 654 Ἀνδρόνικον
1435 596 1544 642 οὕτω
1575 602 1736 644 διέθετο

304 663 526 710 Ἰσαάκιος·
594 661 700 703 α’λλά
748 665 821 704 καί
861 666 1177 706 Κωνσταντΐνον
1217 663 1288 706 τόν
1318 662 1571 720 Ἀσπιέτηνς
1609 665 1737 721 ὕπερ-

307 727 591 784 φθεγξᾰμενον
627 730 700 769 τοῦ
736 728 1042 783 στρατεύματος
1083 723 1134 770 οὗ
1161 726 1386 783 ἡγεμόνευε
1421 727 1493 772 τὸν
1522 730 1626 772 κατὰ
1655 732 1738 773 τῶν

308 793 491 847 Βλάχων
527 791 679 846 μετιών
716 793 919 869 ”J'RWOW
964 796 1036 836 καί
1061 794 1250 850 φήσαντα
1277 794 1406 848 μόνον
1435 795 1492 845 ὥς
1517 796 1566 837 οῦ
1593 796 1736 852 φέρειν

307 858 478 912 ἔχουσιν
506 857 545 900 οῖ
572 874 828 914 στρατιωται
857 860 964 917 λιμω
995 861 1068 901 καί
1091 859 1276 914 Βλάχοις
1306 862 1632 914 διαμιλλᾶσθαι,
1661 863 1735 903 δυ·
1754 880 1799 906 ιο

307 924 354 965 σι’
380 923 713 978 δυσαπαντήτοις
743 929 904 978 κακοῖς,
947 924 1052 966 α’λλα
1079 924 1219 980 χρεών
1245 925 1389 975 αυτοῖς
1415 928 1736 981 παρασχεθῆναι

307 987 359 1030 τὰ
388 990 552 1030 ἐπέτεια
582 990 811 1044 σιτηρέσια,
840 989 908 1032 τὸν
943 988 1082 1043 θυμὸν
1105 987 1279 1043 ἐκκόψαι
1309 989 1368 1045 μή
1396 991 1599 1066 δυκνήθεις1
1615 993 1736 1032 κατέ-

305 1068 385 1107 σχε
415 1069 459 1094 τε
487 1053 638 1096 αυτι’κα
665 1052 926 1109 μεταστήσας
953 1057 1024 1109 τῆς
1050 1055 1256 1109 ἆρχηγίας
1282 1071 1350 1096 και
1380 1057 1458 1096 τοῦ
1486 1054 1627 1111 φωτὸς
1652 1057 1736 1098 τῶν

270 1117 503 1171 Βόμμάτων
530 1120 757 1173 ἑστέρησεν,
799 1117 1102 1174 ἄναταροίττειν
1128 1117 1386 1169 ὑποπτεύσας
1411 1118 1479 1162 τὸν
1506 1114 1637 1176 ’ἄνδρα
1664 1121 1736 1178 τὴν

304 1181 502 1239 στρατιὰν
528 1184 584 1239 τῷ
611 1185 684 1237 τῆς
717 1183 996 1239 ὖπερηγοριάς
1027 1183 1307 1240 προσχήματι.
1751 1191 1797 1232 15
1843 1231 1851 1237 ‚

406 1247 453 1291 ‘0
486 1249 532 1289 δὲ
559 1250 635 1289 τοῦ
666 1250 890 1303 Κομνηνοῦ
911 1250 1183 1303 Ἀνδρονίκου
1213 1249 1328 1303 υἱός,
1357 1246 1405 1292 ὃν
1439 1252 1652 1306 προσεχῶς
1677 1251 1734 1293 εἶ-

306 1313 522 1368 ρήκειμεν,
550 1310 623 1354 οὐκ
651 1310 731 1355 οἶδ’
755 1312 835 1355 εἴτε
860 1315 934 1368 τῆς
961 1317 1163 1369 πατρικῆς
1203 1314 1460 1365 ἄποστασίας
1488 1316 1734 1371 ἀναπληροῖ·-

306 1395 379 1421 σαι
406 1376 451 1420 τὸ
496 1381 646 1432 μέτρον
680 1377 930 1432 βουλόμενος
966 1376 1050 1420 εἴτε
1078 1380 1134 1437 τῷ
1161 1378 1318 1421 τεκόντι
1344 1381 1552 1433 ἐπαμῦναι
1576 1381 1733 1435 προθέ-
1789 1419 1804 1431 „

305 1459 450 1497 μενος,
499 1440 691 1498 πρόσεισι
718 1443 820 1497 μετὰ
855 1442 994 1498 βραχύ
1034 1446 1107 1498 τῆς
1145 1446 1218 1486 τοῦ
1243 1443 1398 1499 πατρὸς
1427 1442 1655 1499 πηρώσεως
1677 1446 1734 1501 τῷ

304 1512 480 1566 μεγίστῳ
510 1509 612 1564 ναῷ,
641 1510 784 1549 ποθῶν
811 1510 969 1550 ἐκεῖθεν
999 1510 1058 1557 εἰς
1075 1510 1291 1562 βασιλείαν
1315 1509 1635 1563 α’ναρπασθῆναι
1662 1510 1735 1551 καί
1744 1526 1794 1553 20

305 1572 598 1628 ἀναρρηθῆναι
645 1572 750 1627 πρὸς
787 1576 865 1615 τοῦ
903 1576 1213 1627 συνειλεγμένου
1256 1571 1353 1614 λεώ.
1420 1568 1473 1627 ἦν
1511 1575 1558 1614 δὲ
1593 1571 1729 1629 ἑορτή.

305 1639 396 1679 ἀλλ’
415 1633 532 1679 οὔπω
557 1643 641 1688 τοῖς
667 1639 916 1680 συνελθοῦσι
943 1637 1048 1679 κατὰ
1069 1636 1115 1679 τὸ
1141 1638 1304 1690 τέμενος
1327 1636 1351 1677 6
1378 1638 1527 1691 τρόπος
1554 1637 1728 1692 ἔγνωστο

298 1706 397 1745 καθ’
426 1701 474 1744 ὃν
502 1704 633 1744 ἐκεῖσε
663 1704 898 1757 εἰσέδραμε,
927 1704 1000 1744 καί
1021 1705 1239 1757 χειροῦται
1261 1701 1318 1751 ὥς
1337 1702 1519 1753 α’ποστάς
1544 1704 1616 1745 καί
1640 1705 1729 1746 στέ-

394 1804 428 1838 5.
451 1798 481 1835 ὦ
507 1803 592 1835 καθ.
618 1802 657 1835 A.
781 1803 815 1836 6.
841 1801 956 1839 οὕτως
981 1802 1087 1836 ἔθετο
1118 1803 1156 1836 Α.
1265 1802 1326 1858 14
1362 1800 1558 1846 ταράττειν
1580 1803 1643 1836 καὶ
1666 1802 1729 1846 dq-

392 1848 639 1896 μογερτεύειν
665 1849 700 1882 B.
802 1851 851 1885 18.
876 1851 926 1894 τῷ
949 1859 1006 1882 om
1030 1850 1069 1882 A.
1176 1859 1232 1883 21
1255 1842 1301 1890 ἦν
1325 1847 1364 1882 δὲ
1389 1846 1494 1894 ἑορτή
1522 1860 1579 1882 om
1597 1850 1637 1882 A.

299 1933 448 1980 darent,
485 1949 660 1984 eumque,
693 1943 733 1972 ut
768 1938 958 1984 proverbio
989 1939 1137 1980 dicitur,
1173 1944 1297 1983 stupor
1321 1937 1481 1971 dentium
1507 1938 1552 1972 ob
1582 1939 1726 1974 acerbas

299 1997 384 2019 uvas
417 1996 438 2017 a
468 1990 569 2029 patre
605 1990 761 2028 gustatas
800 1985 996 2019 invaderet.
1032 1991 1211 2018 caeterum
1248 1984 1416 2017 trimestri
1449 1990 1609 2029 tempore
1636 1998 1727 2019 non·
1868 1987 1878 2022 >1

300 2032 384 2064 dum
414 2032 558 2075 elapso,
583 2031 778 2075 imperator
802 2042 844 2064 eo
879 2031 963 2064 inde
991 2037 1153 2064 revocato
1194 2043 1231 2065 se
1271 2041 1312 2063 ea
1339 2042 1432 2075 quae
1469 2032 1602 2071 faceret
1626 2034 1726 2066 nulla
1872 2030 1878 2036 ’

299 2089 378 2110 cum
415 2078 553 2110 ratione
588 2078 704 2110 facere
731 2083 767 2110 et
801 2077 932 2122 Euripo
970 2077 1286 2111 inconstantiorem
1312 2087 1388 2109 esse
1415 2076 1618 2111 declaravit.
1643 2089 1726 2112 nam

299 2123 464 2156 Alexium
497 2133 641 2156 mensae
684 2134 769 2157 suae
804 2123 1006 2157 adhibitum
1045 2124 1199 2157 subinde
1233 2123 1397 2157 carnibus
1421 2129 1462 2156 ut
1486 2125 1725 2167 Agamemnon

200 2208 205 2213 ¹
299 2169 443 2202 Aiacem
466 2169 673 2211 honoravit,
708 2169 832 2202 crebro
859 2175 901 2203 ut
934 2171 1011 2203 sine
1038 2170 1252 2228 verecundia
1276 2169 1365 2202 cibis
1390 2170 1563 2214 appositis
1588 2170 1724 2203 fruere-

300 2219 360 2247 tur
383 2214 542 2248 hortans.

258 2262 261 2263 ⁷
393 2260 520 2304 Neque
542 2271 626 2293 vero
650 2261 814 2294 Alexium
843 2267 879 2295 et
903 2262 1143 2295 Andronicum
1170 2261 1344 2295 duntaxat
1366 2262 1416 2294 sic
1439 2261 1605 2294 tmctavit
1626 2262 1724 2295 Isaa-

301 2306 400 2346 eius,
439 2306 502 2339 sed
542 2311 579 2339 et
607 2306 879 2340 Constantinum
906 2309 1087 2352 Aspietam
1124 2307 1170 2340 ob
1197 2309 1413 2347 exercitum,
1439 2307 1496 2340 cui
1524 2306 1621 2340 bello
1642 2309 1723 2341 Bla-

301 2352 402 2385 chico
427 2357 610 2406 praeerat,
641 2352 696 2385 his
719 2352 836 2386 verbis
861 2353 1066 2395 defensum,
1090 2365 1163 2386 non
1186 2364 1290 2398 posse
1314 2332 1446 2386 milites
1476 2364 1553 2385 curn
1581 2353 1722 2388 duobus

300 2398 515 2442 gravissimis
548 2397 712 2431 hostibus
745 2398 884 2431 Blachis
927 2405 962 2432 et
984 2400 1076 2432 fame
1101 2399 1288 2439 dimicare,
1312 2399 1374 2431 sed
1401 2410 1518 2432 annua
1543 2399 1722 2443 stipendia

300 2445 351 2478 eis
377 2443 611 2489 persolvenda
639 2455 727 2484 esse,
750 2445 869 2477 statim
894 2443 1068 2488 dignitate
1093 2445 1223 2490 privari
1249 2425 1288 2478 eti
1302 2446 1481 2478 excaecari
1507 2446 1620 2487 iussit,
1648 2458 1721 2481 non

300 2491 504 2524 moderatus
529 2490 735 2522 iracundiae
760 2501 856 2531 suae,
883 2490 981 2535 quod
997 2491 1100 2523 illum
1123 2502 1187 2536 per
1212 2492 1365 2536 speciem
1392 2491 1612 2525 defensionis
1635 2503 1721 2527 con-

301 2538 409 2571 citare
434 2536 566 2569 milites
584 2535 840 2580 suspicabatur.

392 2584 439 2616 At
464 2582 635 2615 Comneni
659 2581 853 2615 Andronici
878 2582 993 2622 filius,
1025 2581 1070 2614 de
1098 2593 1169 2626 quo
1194 2581 1299 2615 modo
1323 2581 1477 2616 diximus
1492 2609 1500 2624 ‚
1525 2582 1621 2615 haud
1646 2584 1719 2616 scio

300 2641 346 2662 an
372 2634 413 2662 ut
434 2633 603 2674 paternae
631 2627 843 2661 defectionis
867 2639 1066 2660 mensuram
1090 2629 1256 2672 impleret
1277 2639 1321 2660 an
1343 2634 1383 2662 ut
1405 2630 1498 2674 patri
1522 2640 1625 2673 opem
1649 2629 1719 2661 fer-

300 2681 375 2715 ret,
403 2685 476 2708 non
499 2675 612 2707 multo
637 2679 718 2718 post
751 2674 827 2707 eius
862 2674 1146 2707 excaecationem
1170 2674 1207 2706 in
1231 2675 1420 2708 maximum
1446 2676 1618 2720 templum
1641 2683 1718 2708 sese

299 2721 445 2768 recipit,
469 2720 554 2756 inde
578 2731 598 2754 a
630 2725 733 2755 coetu
761 2720 886 2767 populi
912 2720 1003 2767 (erat
1027 2725 1145 2754 autem
1172 2720 1247 2755 dies
1268 2721 1394 2768 festus)
1420 2721 1481 2756 sed
1506 2720 1551 2756 ad
1574 2722 1717 2767 imperi*
