1838 3210
267 186 342 259 94
678 197 908 242 NICETAE
962 196 1274 241 CHONJATAE

268 317 396 355 ρατα,
440 295 806 350 διεξιππασοᾶμεθα
845 294 922 337 συν
961 295 1074 352 ῥύμῃ
1105 296 1180 337 τοῦ
1221 293 1426 347 ποταμίου
1456 295 1574 336 τοῦδε
1604 292 1696 350 ῥεύ-

265 381 424 419 ματος,
455 365 527 405 καί
553 364 596 410 ἐς
621 358 722 402 αὐτὸ
753 358 998 413 ἐμβάλωμεν
1042 363 1144 412 μεθ’
1174 359 1328 415 ὄρμῆς·
1387 358 1458 400 καί
1484 356 1696 414 στήσεται,

269 427 364 473 οἶδα
389 431 561 485 σαφῶς,
600 424 645 467 τὸ
692 422 810 480 ὕδωρ
850 425 1093 479 α’ναχασθὲν
1122 424 1194 466 καὶ
1227 426 1302 466 τοῦ
1338 426 1426 466 κατ’
1456 424 1698 479 εὐθυωρίαν

268 492 572 547 οἷνακοπήσεται
601 492 818 545 προρρέειν
847 486 986 545 ὥσπερ
1014 491 1351 544 ἒπαναστραφέν,
1378 487 1491 531 καθὰ
1523 487 1594 530 καί
1617 487 1698 529 πά-

267 564 337 601 λαι
366 556 467 613 ῥοῦς
511 556 534 596 ὅ
566 554 810 608 Ἰορδιίνειος
841 556 899 611 τῷ
929 554 1093 610 Ἰσραὴλ
1125 552 1402 607 πεζευόμενος.
1459 555 1531 595 καί
1555 552 1619 608 εἴη
1648 549 1738 596 ἂνό

266 622 311 665 τὸ
342 621 462 675 ἔργον
489 622 612 662 τοῦτο
641 621 712 661 καί
743 619 948 674 διανόημα
977 625 1062 668 τοῖς
1089 619 1300 672 ὀψιγόνοις
1328 620 1532 671 αόίδιμον,
1561 617 1698 677 χρόνῳ

265 686 323 742 μή
354 683 699 738 διακοπτόμενον,
750 684 800 725 οὗ
829 683 960 739 λήθης
989 684 1168 738 ἐξίτηλον
1197 682 1400 738 ῥεύματι,
1429 682 1699 737 καίκατάγε-

263 756 346 797 λως
378 750 533 800 πλατὺς
560 752 641 792 τῶν
664 751 873 804 Περσῶν,
906 744 965 791 ὧν
990 747 1042 790 τά
1071 750 1184 790 κῶλα
1215 750 1313 804 περὶ
1338 750 1503 791 τουτονί
1527 749 1699 791 πεσοῦν-

263 832 334 858 ται
363 815 437 858 τὸν
464 814 650 869 ποταμὸν
680 817 723 863 ἐς
750 814 929 856 κολωνὸν
958 811 1158 867 αἷρόμενα
1190 816 1264 856 καί
1284 811 1339 864 ὥς
1365 815 1566 869 τρόπαιον
1595 829 1699 870 προ-

268 880 501 938 φαινόμενα
542 882 601 929 εἷς
642 881 756 929 κλέος
791 879 909 934 ἡμῶν
947 879 1089 920 αὐτῶν
1117 878 1365 922 οἷθιίνατον.”
1420 882 1592 921 τοιαῦτα
1620 896 1764 922 noc-ro

222 948 626 1002 Βρακελευσάμενος
666 947 738 987 καί
772 943 823 987 τὰ
851 949 1002 1000 σημεῖα
1030 945 1103 998 τῆς
1135 944 1275 999 μάχης
1304 942 1544 997 ἀναδείξας,
1574 943 1700 994 αότός

267 1027 313 1053 τε
337 1009 405 1053 τὸν
429 1011 553 1053 ἵππον
581 1012 710 1067 ἐφῆκε
741 1009 874 1064 συχνά
894 1011 1121 1063 μυωπίζων
1137 1025 1180 1051 τε
1206 1009 1279 1051 καί
1303 1008 1616 1063 ἐγκελευόμενος
1643 1010 1701 1059 ὥς

265 1075 340 1119 τόν
384 1075 574 1129 ποταμόν
623 1074 729 1129 μετὰ
773 1073 912 1131 ῥύμης
955 1074 1279 1130 διαβησόμενος,
1322 1078 1394 1116 καί
1421 1073 1459 1116 οἱ
1487 1078 1623 1118 λοιποὶ
1654 1078 1700 1118 δὲ

263 1144 556 1190 παιανίσαντες
596 1143 670 1183 καί
710 1139 756 1182 τὸ
785 1137 967 1194 σύνηθες
1015 1139 1294 1191 ἀλαλάξαντες
1338 1138 1526 1195 ἐχώρουν
1552 1139 1700 1195 ὄμόσε,

265 1205 478 1261 πυργηδὸν
518 1204 741 1260 ταξάμενοι
784 1207 857 1247 καί
890 1204 1181 1255 πυκνώσαντες
1222 1201 1395 1254 {am-0239
1436 1205 1508 1247 καί
1550 1205 1700 1262 α’θρόοι
1720 1223 1767 1250 ια

265 1270 612 1325 ἐξιππαζόμενοι,
655 1268 711 1320 ὥς
751 1272 828 1313 τοῦ
869 1270 1076 1323 ποταμίου
1117 1270 1326 1325 χεύματος
1365 1269 1408 1312 τὸ
1451 1273 1529 1325 μὲν
1556 1273 1598 1321 ἐς
1624 1271 1702 1327 τὴν

262 1339 418 1392 χέρσον
446 1338 744 1391 ἐκτιναχθῆναι
774 1341 863 1384 ταῖς
888 1339 971 1378 τῶν
998 1336 1134 1378 ἳππων
1161 1340 1324 1391 χηλαῖς,
1352 1335 1398 1377 τὸ
1431 1338 1477 1379 δὲ
1505 1338 1702 1392 διακοπῆ-

266 1418 339 1444 ναι
374 1402 448 1444 καὶ
484 1404 558 1456 τῆς
602 1400 746 1457 πρόσω
789 1403 935 1456 στῆναι
984 1403 1144 1458 φορᾶς,
1176 1401 1231 1450 ὥς
1258 1400 1370 1457 εἴπερ
1400 1403 1460 1451 εἰς
1491 1398 1703 1459 οἷνιίρρουν

260 1467 384 1523 ’παρὰ
428 1469 557 1523 φύσιν
603 1466 772 1508 ιῖνὲλυεν
816 1463 845 1521 ἢ
874 1469 944 1509 καί
970 1469 1029 1515 εἰς
1057 1467 1238 1509 τούπίσω
1268 1467 1600 1521 οἷνεστοιβάζετο,
1629 1469 1707 1510 αὖ..

267 1532 363 1581 τοὺς
376 1533 426 1574 δὲ
441 1532 498 1581 ὥς
513 1530 582 1574 διὰ
606 1533 732 1588 ξηρᾶς
759 1531 1093 1587 ὗγροποροῦντας
1108 1530 1222 1587 παρά
1251 1530 1376 1583 δόξαν
1402 1538 1486 1582 τοῖς
1513 1535 1707 1590 Πέρσαις
1719 1553 1771 1580 20

268 1599 557 1649 ἐπεισπεσεῖν,
598 1594 666 1638 ὅτε
704 1598 777 1639 καί
800 1596 858 1651 μὴ
894 1595 988 1650 ἔχον
1015 1596 1060 1639 τὸ
1086 1595 1302 1653 βάρβαρον
1328 1600 1442 1654 φυγῇ
1473 1596 1549 1652 τὴν
1574 1614 1708 1653 σωτη-

145 1672 255 1717 ,Ρ.48
269 1664 365 1718 ρίαν
395 1660 632 1716 ὖποκλέψαι
658 1664 759 1716 γοῦν
790 1661 1052 1717 (διωκόμενοι
1080 1661 1160 1717 γὰρ
1190 1663 1570 1717 κατελαμβάνοντο,
1599 1666 1708 1719 μηδὲ

360 1783 394 1806 2.
419 1771 477 1820 ἐς]
511 1771 568 1806 ἐπ’
596 1772 636 1805 Α.
757 1774 806 1807 ι5.
833 1770 1031 1817 πυργηδὸν
1064 1773 1288 1821 ταξάμενοι]
1324 1775 1589 1812 πυκνώσαντες
1622 1774 1707 1810 {am

361 1816 452 1856 τοὺς
483 1815 760 1863 ώσεὶᾐπύργος
787 1816 894 1856 ἐντὸς
928 1818 1180 1860 εἰσήλθοσαν,
1219 1823 1283 1853 καὶ
1325 1820 1346 1861 ἤ
1371 1822 1445 1856 τῶν
1468 1820 1616 1867 ιῖλόγων
1641 1822 1706 1867 ἅρ-

360 1863 412 1911 μή
435 1858 474 1899 τό
508 1862 607 1909 ὕδωρ
631 1865 684 1901 εἰς
711 1863 780 1906 τῆν
801 1863 918 1910 ξηρὰν
951 1865 1219 1909 ἐκτιναχθῆναι
1256 1867 1410 1908 ἐποίησε
1445 1870 1508 1901 καὶ
1544 1866 1708 1904 ὄπισθεν

360 1911 429 1946 τὸν
453 1906 628 1957 ποταμὸν
651 1911 828 1945 ἀνελθεῖν
854 1910 1031 1956 ἐβιάσατο
1060 1912 1096 1944 Β.
1202 1923 1254 1947 20.
1292 1912 1615 1961 ιῖγροποροῦνῐας]
1641 1925 1707 1949 πε-

363 1959 622 2003 ζοποροῦντας
644 1957 685 1990 Α.
784 1967 839 1991 22.
869 1957 1087 2001 οἷποκλέψαι
1111 1959 1152 1992 A.

272 2052 360 2083 sent.
388 2048 459 2080 iam
486 2046 572 2091 quia
596 2046 725 2079 fluvius
751 2045 827 2086 hic,
861 2051 900 2079 ut
925 2047 1103 2087 cernitur,
1130 2049 1274 2082 nonnisi
1298 2060 1389 2083 nova
1413 2051 1552 2084 ratione
1576 2054 1707 2085 transi-

272 2095 302 2127 ri
326 2098 465 2139 potest,
503 2103 567 2137 ego
591 2093 669 2137 ipse
705 2091 813 2124 huius
841 2093 995 2136 exempli
1023 2098 1239 2126 monstrator
1263 2104 1343 2136 ero,
1371 2107 1562 2142 meumque
1588 2100 1707 2131 consi-

271 2141 361 2173 lium
393 2140 528 2184 primus
565 2149 732 2184 exequar.
762 2139 839 2171 acie
872 2138 1090 2172 condensata
1113 2139 1299 2185 hastisque
1315 2143 1514 2176 coniunctis
1540 2156 1618 2177 cum
1641 2146 1707 2178 im-

270 2191 358 2231 petu
391 2186 565 2218 irruemus
601 2190 638 2218 et
671 2184 803 2217 flumen
826 2185 1143 2229 perequitabimus.
1175 2188 1260 2219 satis
1285 2189 1357 2220 scio
1382 2201 1510 2234 aquam
1529 2192 1706 2236 repulsam

271 2238 444 2266 staturam
488 2242 584 2272 esse,
622 2241 866 2275 conversoque
902 2231 1017 2264 veluti
1049 2242 1152 2264 cursu
1177 2244 1251 2266 non
1277 2240 1372 2267 reeta
1406 2243 1706 2281 promanatnram.

271 2289 345 2312 non
381 2277 548 2311 dissimili
590 2277 678 2310 olim
700 2278 839 2310 ratione
873 2278 1057 2311 Israelitae
1090 2278 1304 2320 Iordanem,
1329 2292 1519 2326 suppresso
1539 2284 1705 2325 flumine,

271 2325 426 2371 pedibus
452 2324 682 2357 transierunt.
716 2324 907 2356 consilium
932 2323 1002 2357 hoe
1024 2330 1060 2356 et
1083 2324 1220 2358 facinus
1245 2327 1352 2359 etiam
1378 2328 1423 2361 ad
1444 2335 1607 2374 posteros
1631 2341 1706 2364 me-

272 2371 447 2405 morabile
472 2375 527 2403 est
549 2371 730 2410 futurum,
755 2370 855 2403 nulla
878 2370 1142 2415 longinquitate
1166 2374 1357 2417 temporis,
1394 2376 1494 2408 nulla
1521 2377 1705 2411 oblivione

272 2416 562 2458 obliterandum,
587 2427 667 2449 cum
692 2427 827 2449 summo
852 2417 1034 2449 Persarum
1057 2417 1210 2461 probro,
1240 2430 1391 2464 quorum
1418 2421 1588 2456 cadavera
1613 2424 1705 2456 circa

272 2464 368 2497 hunc
392 2474 531 2496 amnem
555 2468 732 2507 prostrata
759 2462 797 2495 in
821 2462 949 2495 collem
974 2469 1145 2507 exurgent
1161 2489 1170 2504 ‚
1196 2476 1237 2497 ac
1264 2466 1376 2500 instar
1399 2469 1537 2514 tropaei
1562 2470 1705 2515 conspi-

273 2511 414 2543 cientur
440 2520 518 2542 cum
547 2509 659 2553 gloria
696 2513 818 2542 nostra
852 2509 1078 2542 immortali.”
1111 2521 1203 2554 quae
1226 2522 1305 2545 cum
1330 2513 1480 2548 dixisset
1505 2521 1541 2549 et
1566 2516 1704 2561 signum

300 2567 413 2601 ugnae
445 2555 626 2594 dedisset,
657 2560 695 2588 et
718 2555 794 2599 ipse
819 2565 951 2599 equum
975 2555 1126 2600 flagellis
1155 2557 1360 2593 cohortatus
1385 2560 1421 2592 in
1447 2561 1593 2595 fluvium
1618 2563 1706 2596 fecit

274 2608 468 2648 impetum,
505 2607 542 2635 et
580 2602 690 2634 ceteri
735 2600 780 2634 de
819 2612 916 2635 more
942 2603 1094 2646 peractis
1118 2605 1284 2646 precibus
1309 2606 1535 2653 clamoreque
1560 2609 1705 2642 sublato

274 2650 394 2683 hostes
423 2648 654 2689 adoriuntur,
693 2647 769 2680 acie
795 2648 902 2681 turris
937 2649 1049 2683 instar
1072 2649 1244 2683 instructa
1271 2651 1491 2698 densataque
1516 2655 1704 2689 confertim

273 2695 564 2742 perequitantes,
603 2700 645 2727 ut
676 2693 833 2727 fluminis
866 2694 983 2727 undae
1015 2695 1158 2739 ungulis
1195 2707 1367 2742 equorum
1389 2701 1519 2743 partim
1547 2702 1584 2734 in
1609 2701 1704 2746 ripas

276 2746 541 2783 excuterentur,
567 2741 696 2788 partim
721 2740 946 2781 resisterent,
985 2752 1055 2775 non
1081 2752 1179 2775 secus
1209 2754 1248 2776 ac
1276 2745 1448 2780 sixcontra
1473 2747 1642 2781 naturam
1659 2747 1703 2780 ad
