1838 3210
268 148 338 212 24
371 139 373 142 ”
404 162 407 164 “
657 162 884 206 ΝιοΕΤΑΕ
924 159 1230 203 cnoNiATAE

261 263 411 319 ἔποχον
441 266 585 316 λέοντι,
615 265 686 304 καί
712 263 856 303 τοῦτον
874 258 918 300 ἐκ
943 261 1023 301 τῶν
1051 255 1164 301 α’)’των
1192 256 1372 312 ἡνιοχεῖν
1398 255 1574 312 μηδενὸς
1603 255 1686 299 ἑτέ-

259 344 336 383 ρου
364 327 533 377 ὑπόντος
579 327 813 381 ἐπιτηδείου
850 324 954 379 πρὸς
983 323 1234 378 διεξαγωγὴν
1261 324 1334 365 τοῦ
1361 324 1506 377 θηρός.
1562 317 1612 377 ἦν
1640 324 1686 363 δὲ

257 391 284 448 ἦ
311 395 525 449 σύγκρισις
555 394 631 433 τοῦ
665 389 927 441 ἰνδάλματος,
958 388 1015 438 ὥς
1040 392 1168 444 μέχρι
1198 388 1270 430 καὶ
1296 386 1586 442 προσρήματος
1610 397 1686 439 ψι-
1728 387 1735 395 ”

256 461 334 499 λοῦ
351 460 423 499 καί
448 458 607 511 γυμνῆς
626 455 879 510 πραγμάτων
900 453 1189 509 α’νακηρύξεως
1215 455 1486 502 ε’πιτευξεΐται
1511 453 1582 506 τῆς
1608 454 1685 504 βα-

255 525 412 571 σιλείας
440 521 461 562 ὁ
491 526 610 572 παῖς,
652 523 728 575 τῆς
768 521 815 561 δὲ
838 521 1026 572 μείζονος
1053 519 1320 562 οἷποπεσεῖται
1352 515 1722 572 κυριαρχήσεως,5

255 585 281 627 ὃ
304 588 378 628 καί
408 588 543 643 μικρῷ
581 587 843 642 συμβέβηκεν.
866 582 1066 641 ὕστερον·
1123 585 1295 640 θανάτῳ
1326 581 1404 639 γὰρ
1431 580 1508 637 τῆν
1533 583 1578 631 ἐξ
1611 578 1686 624 οἷν-

253 649 437 706 θριόπων
464 652 689 693 ἐστείλατο.

363 718 480 771 Περί
516 717 564 758 δὲ
601 717 766 771 θέρειον
793 711 908 770 (ὅροιν
945 708 1196 770 τὸνἼστρον
1223 712 1440 767 διαβάντες
1467 710 1504 754 οἱ
1536 705 1687 755 Οὖννοι

212 779 324 835 Οτήν
350 796 394 823 τε
413 782 699 837 Βρανίτζοβαν
717 779 1024 836 ἐξεπόρθησαν,
1057 784 1373 834 κατερείψαντες
1400 777 1450 819 τά
1479 779 1597 831 τείχη
1616 777 1688 818 καί

250 846 349 895 τούς
375 849 521 895 λίθους
561 846 898 900 μετενεγκάμενοι
927 846 983 893 εἰς
1011 843 1056 886 τὸ
1087 845 1345 898 Ζεύγμινον,
1373 844 1444 886 καί
1469 842 1547 898 τήν
1572 845 1684 896 Σαρ-
1705 856 1753 883 ιο

251 911 370 967 δικὴν
397 913 639 966 ἐληΐσαντο,
682 909 759 960 τὰς
785 911 858 952 ἐπὶ
883 913 1001 967 φιλίᾳ
1029 911 1081 967 τῇ
1111 908 1309 964 πρότερον
1336 909 1553 962 ὁμολογίας
1580 909 1689 949 εἷπο-

249 976 493 1029 σεισάμενοί
510 991 556 1017 τε
592 978 667 1017 καί
701 973 987 1026 διαξάναντες.
1044 971 1097 1029 ἦν
1125 976 1173 1016 δὲ
1200 974 1225 1029 ἦ
1256 976 1333 1026 μὲν
1362 972 1592 1027 ἑνδόμυχος
1619 975 1687 1015 αι’-

248 1042 317 1083 τίοι
343 1041 525 1096 ταυτησί
560 1042 633 1095 τῆς
672 1042 881 1095 διαφορᾶς
921 1040 967 1082 τὸ
1011 1039 1084 1082 τὸν
1111 1040 1341 1095 Ἀλμούζην
1367 1038 1480 1094 παρὰ
1510 1040 1687 1092 βασιλέα

249 1107 388 1148 ἐλθεῖν
413 1106 487 1148 καί
517 1107 831 1161 προσδεχθῆναι
857 1109 952 1160 παρ’
998 1107 1133 1147 αὐτοῦ
1160 1105 1469 1158 ἀσμενέστατα,
1495 1105 1686 1158 κασίγνη-

249 1186 321 1212 τον
353 1168 451 1213 ὄντα
473 1169 686 1226 Στεφάνου
730 1174 808 1211 τοῦ
834 1173 915 1211 τῶν
948 1166 1115 1213 Οἷῖννων
1151 1172 1455 1226 κατάρχοντος,
1495 1169 1520 1225 ἦ
1549 1172 1585 1211 δ’
1614 1170 1684 1211 εὐ’-
1703 1168 1749 1209 15

250 1235 472 1292 πρόσωπός
499 1251 545 1277 τε
586 1232 674 1289 ἅμα
710 1238 783 1277 καί
817 1233 1023 1290 πρόδηλος
1068 1232 1239 1292 άφορμῆ
1268 1234 1312 1278 τὸ
1341 1235 1440 1284 τούς
1467 1233 1687 1290 οἰκήτορας

250 1299 539 1356 Βρανιτζόβης
566 1302 797 1358 λῃστρικῶς
822 1303 1089 1343 ἐπιτίθεσθαι
1114 1307 1198 1350 τοῖς
1213 1299 1553 1358 παραβάλλουσιν
1582 1300 1687 1342 ἐκεῖ·

249 1370 299 1409 θι
327 1364 502 1416 Οῧννοις
542 1369 626 1409 κατ’
666 1369 872 1422 ἐμπορίαν
898 1370 971 1409 καί
997 1369 1102 1422 δρᾶν
1131 1370 1192 1410 ἐπ’
1223 1369 1363 1416 αὐτοῖς
1391 1366 1446 1409 τά
1475 1367 1685 1421 χείριστα.

250 1431 322 1475 ἅτε
355 1435 411 1474 δ”
432 1430 676 1488 οἷπροόπτως
703 1433 781 1474 τοῦ
813 1435 944 1473 κακοῦ
979 1435 1102 1475 τοῦδε
1127 1435 1466 1487 ξυνενεχθέντος,
1491 1431 1582 1473 τότε
1606 1432 1686 1483 μὲν

207 1500 302 1556 Βτῇ
331 1498 432 1540 κατὰ
460 1498 535 1554 τήν
568 1496 902 1540 Φιλιππούπολιν
944 1499 1118 1555 ἐνδημίᾳ
1144 1497 1196 1539 τά
1224 1500 1297 1552 τῆς
1323 1498 1583 1553 προμηθείας
1608 1501 1750 1550 βα-’.ιο

247 1563 392 1612 σιλεύς
422 1564 724 1618 ἐπεμέτρησεν,
779 1558 962 1612 Οῧννους
987 1564 1146 1605 ἐκεῖθεν
1181 1560 1441 1616 μετανάστας
1477 1563 1650 1615 θέμενος
1669 1579 1682 1591 ·

248 1632 305 1686 τῷ
332 1631 369 1670 δ’
399 1628 560 1670 ἐπιόντι
588 1629 720 1686 καιρῷ
747 1627 851 1683 πρὸς
891 1627 1157 1684 παρασκευήν
1181 1629 1262 1670 τῶν
1290 1627 1450 1670 οἰκείων
1476 1629 1549 1670 καί
1574 1624 1685 1681 ἄμυ-

248 1710 324 1735 ναν
350 1696 432 1735 τῶν
472 1695 680 1746 πολεμίων
720 1691 983 1749 χρησάμενος
1009 1693 1087 1743 τὰς
1116 1693 1312 1746 δυνάμεις
1339 1693 1591 1748 συνήθροισε
1615 1696 1690 1736 καί

248 1761 350 1812 νῆας
378 1758 721 1812 ταχυναντούσας
748 1759 964 1814 ἦτοιμασε,
992 1762 1065 1801 καί
1089 1757 1243 1808 ταύτας
1272 1761 1315 1808 ἐς
1339 1758 1412 1802 τὸν
1426 1753 1584 1815 Ἴστρον
1610 1759 1683 1801 διὰ

249 1827 323 1866 τοῦ
349 1822 517 1870 Πόντου
556 1826 857 1875 κατακολπιῖῐας
894 1822 1065 1882 ὑδραῖος
1105 1824 1217 1879 ὅμοῦ
1250 1823 1324 1868 καί
1356 1829 1553 1882 χερσαῖος
1596 1830 1683 1874 τοῖς
1694 1823 1746 1866 25

349 1949 399 1972 ιο.
423 1936 656 1983 μετήνεγκαν
678 1937 717 1970 A.

251 2030 329 2063 vice
356 2027 626 2068 moderaretur,
650 2039 730 2061 cum
758 2027 896 2072 alioqui
918 2029 1011 2062 nihil
1035 2028 1186 2061 haberet
1213 2027 1260 2060 ad
1281 2027 1495 2061 domandam
1523 2027 1682 2061 belluam

253 2074 568 2108 accommodatum.
593 2074 694 2107 cuius
722 2074 789 2107 visi
820 2074 909 2108 haec
933 2076 1144 2120 significatio
1169 2079 1267 2115 erat,
1290 2085 1440 2118 puerum
1463 2074 1614 2119 imperio
1636 2075 1684 2108 ti-

252 2122 330 2153 tulo
355 2126 460 2155 tenus
499 2126 536 2153 et
560 2121 705 2153 nomine
729 2120 865 2165 absque
899 2133 935 2154 re
958 2123 1169 2167 potiturum,
1198 2122 1293 2164 regia
1315 2132 1398 2153 vero
1422 2126 1602 2165 potestate
1626 2131 1686 2154 or-

250 2167 375 2201 hatum
400 2168 471 2209 iri3
496 2166 535 2199 id
562 2166 660 2211 quod
689 2167 798 2211 paulo
823 2172 905 2212 post
928 2169 1078 2210 accidit,
1103 2179 1145 2200 eo
1170 2172 1285 2199 morte
1309 2167 1462 2200 sublato.

275 2218 277 2220 ’
344 2213 419 2246 Sub
434 2218 616 2246 'aestatem
643 2213 766 2245 Hunni
789 2221 956 2257 superato
989 2216 1079 2247 Istro
1105 2220 1141 2247 et
1164 2213 1395 2246 Branizobam
1419 2217 1621 2254 vastarunt,
1646 2218 1684 2247 et

249 2259 439 2292 moenibus
463 2259 592 2292 dirutis
614 2270 697 2292 saxa
723 2260 949 2303 Zeugminum
974 2262 1255 2299 transtulerunt,
1285 2265 1321 2292 et
1343 2260 1523 2293 Serdicam
1549 2259 1684 2303 spolia-

250 2311 355 2346 runt,
392 2311 511 2350 spreto
556 2311 592 2338 et
622 2311 726 2349 rupto
766 2306 920 2340 foedere.
955 2307 1062 2340 huius
1086 2306 1347 2339 controversiae
1376 2307 1517 2340 occulta
1542 2311 1578 2338 et
1598 2317 1683 2339 vera

250 2363 356 2388 caiisa
399 2353 495 2393 fuit,
531 2351 629 2397 quod
660 2352 830 2385 Almuzen
863 2353 1037 2398 Stephani
1072 2354 1282 2385 Hunnorum
1320 2353 1492 2397 principis
1537 2353 1683 2385 fratrem

250 2398 298 2431 ad
333 2409 371 2431 se
402 2399 591 2442 profugum
629 2399 821 2442 imperator
860 2399 1099 2432 libentissime
1131 2405 1344 2443 susceperat.
1383 2399 1421 2431 id
1463 2410 1546 2432 vero
1578 2409 1682 2443 prae-

250 2446 441 2481 texebatur
477 2451 513 2477 et
540 2445 657 2488 palam
691 2444 950 2486 obiiciebatur,
975 2446 1074 2490 quod
1095 2444 1329 2478 Branisobani
1354 2446 1566 2478 Hunnorum
1588 2456 1682 2479 mer—

251 2497 390 2524 catores
423 2491 620 2536 spoliarent
656 2496 691 2523 et
727 2492 880 2535 pessime
916 2497 1122 2525 tractarent.
1165 2491 1264 2536 quod
1297 2492 1430 2524 malum
1462 2503 1541 2524 cum
1577 2502 1683 2535 prae-

250 2542 307 2570 ter
345 2538 629 2582 expectationem
667 2538 878 2581 ingruisset,
925 2539 1120 2583 imperator
1153 2538 1322 2582 prudenti
1355 2538 1504 2571 consilio
1545 2537 1683 2582 Philip-

250 2584 376 2628 popoli
404 2594 440 2617 se
472 2584 613 2624 tenuit,
646 2583 785 2616 Hunnis
823 2583 907 2617 inde
942 2585 1065 2629 pulsis.
1102 2585 1312 2618 succedenti
1339 2595 1423 2617 vero
1446 2590 1608 2628 tempore
1635 2583 1682 2619 ad

251 2630 524 2663 instructionem
549 2641 692 2663 suorum
721 2635 758 2663 et
781 2630 955 2663 ultionem
980 2631 1137 2665 hostium
1160 2642 1243 2663 usus
1269 2631 1389 2675 copias
1418 2631 1534 2674 coegit
1557 2635 1595 2663 et
1616 2641 1682 2663 na-

251 2687 311 2709 ves
347 2676 533 2722 expeditas
567 2676 802 2720 comparavit3
844 2677 962 2721 iisque
997 2689 1061 2722 per
1095 2678 1243 2710 Pontum
1279 2677 1317 2710 in
1342 2678 1472 2710 Istrum
1498 2676 1681 2718 traiectis,

251 2727 345 2756 terra
370 2728 406 2758 et
424 2734 517 2769 aqua
541 2723 759 2757 adversarios
786 2727 840 2757 est
859 2723 1012 2760 adortus.
1038 2724 1145 2759 ssuvio
1164 2724 1300 2757 triremi
1319 2723 1548 2769 imperatoria
1571 2723 1680 2757 traie-
