1838 3210
266 193 372 227 210
708 149 940 241 ¹isicem:
993 183 1302 227 CIIONIATAE
1335 191 1338 193 “

261 290 338 343 την
375 288 551 342 καρδιάν
583 286 713 337 μέσην
744 282 985 335 ἐπλήττετο,
1028 278 1090 323 ὅτι
1122 280 1365 336 συναρήξειν
1392 277 1496 333 ὅλως
1522 286 1691 337 βασιλεῖ’

220 356 502 399 Οκατένευσεν
548 346 575 404 ἢ
603 350 702 402 γοῦν
733 344 943 402 ἐπώτρυνε
970 346 1046 402 την
1072 349 1159 388 κατ’
1188 347 1432 400 Αἰγυπτίων
1455 351 1684 399 μελετῶντα

257 421 432 470 κίνησιν.
504 416 559 470 τῷ
587 429 652 455 τοι
693 412 766 453 καί
802 413 1118 468 α’ναβαλλομὲνῳ
1162 409 1279 469 ἐῴκει
1316 413 1388 453 καί
1427 415 1684 470 σκεπτομένῳ

254 481 448 526 πολλάκις
477 478 523 519 τὸ
567 479 770 532 ποιητέον.
846 477 927 529 ὀψὲ
976 478 1012 518 δ’
1037 471 1111 518 οὖν
1138 478 1329 531 σημαίνει
1356 479 1415 533 τῷ
1435 474 1683 535 Ἀνδρονίκῳ

252 543 327 598 την
356 547 425 586 ε’πί
447 543 743 597 Ἱεροσολύμων
785 543 947 593 ἵεσθαι,
997 542 1053 590 (ὃς
1073 543 1208 583 ἐκεῖσε
1225 539 1491 592 συνελθόντες
1512 543 1719 599 omnim-5

253 611 490 662 σκέψωνται
527 605 758 663 ἀμφότεροι
785 605 810 646 ὃ
836 608 981 655 κοινῶς
1009 603 1323 661 διαπράξωνται.
1379 603 1466 661 εἶχε
1495 608 1632 648 τοίνυν
1659 605 1684 661 ἦ

250 677 329 725 μὲν
357 672 622 728 Παλαιστίνη
657 671 729 714 τὸν
758 673 1124 727 Κοντοστέφανον,
1156 670 1227 713 τόν
1254 673 1291 712 δ’
1318 672 1534 726 Ἀμέριγον
1560 665 1686 718 αὖθις

251 740 277 792 ἦ
306 740 520 793 μέλλησις,
564 737 636 779 καί
663 737 685 778 ὅ
725 737 953 790 μετάμελος
983 735 1112 786 πολύς
1143 737 1372 790 ἐγκειζιιενος
1399 737 1584 793 ὑπέτυφε
1612 734 1687 791 την

250 801 407 857 ψυχήν,
462 801 594 845 πολλοὶ
626 804 671 845 δὲ
703 804 774 844 καί
801 797 907 843 ἄλλα
935 800 1179 856 Πάτροκλον
1208 802 1420 856 πρόφασιν
1446 803 1683 857 προτιθείς,

251 868 375 910 οὐδὲν
416 863 537 923 ἧττον
581 869 652 909 ἐπί
690 869 794 908 πᾶσι
833 868 905 907 καί
944 864 1018 920 την
1046 869 1130 907 τῶν
1170 867 1328 908 οἰκείων
1360 866 1684 921 στρατευμάτων
1703 884 1747 908 ιο

249 932 534 988 προυβάλλετο
579 930 794 986 συλλογήν.
867 930 1135 985 Ἀνδρόνικος
1180 932 1214 971 δ’
1246 932 1316 972 ἑπί
1343 930 1505 980 τούτοις
1528 928 1684 985 ἤχθετο

248 1001 326 1050 μὲν
357 1001 430 1040 τοῦ
460 999 612 1051 καιροῦ
637 995 848 1052 τηνάλλως
879 997 1225 1050 ἐκμετρουμένου,
1265 990 1392 1052 οὗπερ
1429 998 1502 1038 οὐκ
1525 993 1576 1051 ἦν
1602 998 1685 1039 εἶσ-

252 1064 379 1112 αῦθις
410 1065 685 1116 ἐπιλαβέσθαι
708 1062 765 1110 ὥς
792 1063 899 1116 μηδὲ
926 1064 1136 1114 κομῶντος
1164 1061 1399 1110 ἐξόπισθεν·
1455 1061 1686 1116 ὑπέθραττε

252 1130 288 1169 δ’
325 1127 451 1170 αὐτὸν
491 1125 688 1176 πλειόνως
716 1126 736 1169 ὃ
766 1131 841 1168 τοῦ
871 1129 1069 1168 ναυτικοῦ
1099 1125 1372 1181 πληρώματος
1415 1126 1685 1181 ὄψωνιασμὸς

253 1194 442 1247 διακενῆς
461 1190 750 1244 ἀναλυόμενος.
806 1188 827 1231 ὁ
859 1189 938 1246 γάρ
968 1187 1168 1244 βασιλεύς
1195 1193 1322 1246 τριῶν
1336 1194 1480 1246 μηνῶν
1506 1194 1562 1250 τῷ
1592 1191 1683 1234 στό-
1702 1194 1747 1234 15

206 1262 307 1315 Βλῳ
335 1260 568 1313 σιτηρέσιον
594 1259 866 1312 ἐπεμέτρησεν
896 1258 940 1298 ἐκ
968 1258 1044 1297 τοῦ
1070 1253 1319 1311 Αὐγούστου
1347 1257 1475 1312 μηνός
1503 1258 1684 1314 ἀρξάμε-

249 1339 346 1378 νος,
374 1318 425 1378 ἦν
453 1325 498 1364 δὲ
525 1323 617 1364 τότε
644 1320 778 1376 λη’γων
806 1320 829 1362 ὅ
859 1323 1153 1375 Σεπτέμβριος,
1210 1323 1302 1364 ἐπεὶ
1326 1324 1364 1363 δ’
1393 1321 1529 1365 ἐδόκει
1558 1324 1686 1365 α’παί-

251 1405 354 1443 ρειν,
381 1387 455 1443 την
485 1387 553 1428 δια
588 1390 713 1442 ξηρᾶς
740 1386 913 1441 πορείαν
943 1386 965 1426 ὁ
998 1385 1074 1441 ῥηξ
1107 1386 1179 1427 τοῦ
1206 1386 1434 1429 θαλαττίου
1463 1391 1686 1443 προτίθησι

250 1456 378 1507 πλοῦ,
407 1452 478 1494 καί
515 1453 764 1508 ’.Ανδρονίκῳ
797 1449 954 1492 οὑτωσί
981 1456 1111 1493 ποιεῖν
1140 1451 1388 1506 ὑποτίθησι,
1416 1451 1586 1508 φάσκων
1613 1455 1685 1494 εύ-

248 1520 512 1574 μαρεστέραν
541 1519 695 1559 εἰδέναι
723 1514 879 1571 ταύτην
906 1517 1046 1573 πολλῷ
1075 1517 1147 1558 καί
1190 1518 1482 1572 ἀπαθεστέραν
1509 1521 1567 1575 τῷ
1594 1517 1684 1560 ὲλο-
1696 1536 1748 1562 20
1801 1542 1806 1547 ·

249 1587 378 1641 μένῳ,
408 1582 480 1624 καί
509 1582 566 1631 ὥς
594 1584 744 1624 ἑσεῖται
766 1579 856 1634 ἅμα
887 1579 1020 1629 οὕτως
1048 1585 1194 1637 σφίσιν
1218 1583 1261 1632 ἐξ
1289 1583 1444 1637 ἐφόδου
1492 1583 1565 1625 καί
1604 1583 1684 1625 πά-

249 1664 396 1704 ρεργον
436 1648 536 1689 ὁδοῦ
564 1643 918 1704 παραστήσασθαι
947 1645 991 1687 τὸ
1029 1646 1197 1688 Τούνιόν
1223 1662 1266 1689 τε
1309 1649 1380 1689 καί
1402 1648 1446 1690 τὸ
1477 1651 1684 1694 Τενὲσιον.

250 1715 300 1756 τὰ
336 1715 382 1755 δέ
409 1714 498 1754 ἐστι
526 1710 746 1765 κωμύδρια
782 1714 838 1768 τῷ
864 1713 935 1764 τῆς
960 1710 1179 1765 Αἰγύπτου
1209 1708 1342 1770 ἆμιρᾷ
1369 1717 1685 1766 καθυπείκοντα,

251 1780 301 1820 ου’
331 1776 596 1834 δυσπρόσοδα
626 1778 723 1818 οὐδὲ
754 1776 1014 1830 δυσέμβολα,
1044 1776 1132 1818 ἀλλ’
1158 1779 1225 1834 ἐφ’
1253 1778 1401 1820 ὑπτίου
1416 1781 1583 1832 κείμενα
1611 1794 1684 1821 πε-

342 1890 374 1923 5.
402 1887 753 1929 συνδιασκέψωνται
779 1886 916 1923 κοινῶς
939 1885 960 1919 δ
983 1886 1015 1920 δ.
1034 1889 1072 1921 Α.
1169 1890 1220 1931 14.
1245 1887 1467 1934 ὀψωνισμὸς
1498 1890 1535 1922 Α.
1635 1901 1684 1934 ¹7·

343 1934 365 1968 ὁ
388 1946 446 1966 om
472 1937 509 1968 A.
605 1943 660 1966 20.
687 1932 840 1980 εἰδέναι]
867 1932 963 1966 εἶναι
990 1934 1029 1966 A.
1135 1944 1189 1966 22.
1215 1933 1256 1968 τὸ
1296 1935 1428 1969 τύνιον
1453 1936 1489 1968 Β.
1517 1937 1686 1969 τενέσιον

342 1982 422 2014 ΑΒ;
459 1980 565 2023 vulgo
594 1981 769 2023 τενέβιον.
909 1982 952 2013 23
987 1976 1197 2026 κωμύδρια]
1234 1983 1431 2014 καστέλλια
1465 1980 1582 2028 μικροὶ
1623 1983 1685 2015 καὶ

341 2027 468 2073 ἄπορα
492 2027 529 2059 Β.
643 2027 696 2071 24.
723 2025 784 2071 ἐφ’
810 2024 960 2072 ὑπτίου]
986 2026 1048 2059 ἐπι·
1074 2026 1226 2072 κάμπου
1252 2027 1289 2060 Β.

255 2144 292 2165 re
321 2131 526 2176 angebatur.
561 2129 712 2174 proinde
748 2140 821 2162 rem
844 2130 1106 2174 procrastinat,
1144 2142 1185 2164 ac
1207 2131 1360 2164 subinde
1395 2132 1484 2176 quid
1509 2132 1685 2176 agendum

256 2180 303 2211 sit
337 2178 525 2210 deliberat.
561 2176 707 2209 tandem
744 2175 987 2209 Andronicum
1021 2177 1268 2221 Hierosolyma
1299 2179 1464 2219 accersit,
1503 2185 1544 2211 ut
1570 2179 1621 2211 ibi
1646 2180 1683 2213 in

255 2235 440 2257 commune
465 2223 662 2255 consulant.
690 2233 761 2267 quo
793 2234 872 2255 cum
895 2222 1118 2255 Andronicus
1153 2225 1330 2264 venisset,
1355 2225 1538 2268 Amerigus
1565 2225 1684 2258 denuo

256 2276 460 2310 cunctatur,
500 2276 536 2302 et
577 2269 804 2313 poenitentia
842 2268 1071 2301 vehementer
1107 2275 1272 2302 aestuans
1308 2270 1410 2303 aliud
1447 2278 1556 2316 atque
1584 2272 1686 2305 aliud

256 2322 411 2357 excusat,
436 2326 650 2359 suarumque
665 2315 844 2358 legionum
861 2315 1151 2349 convocationem
1169 2322 1343 2349 causatur.
1366 2317 1590 2351 Andronicus
1608 2329 1685 2352 eam

255 2375 389 2397 moram
406 2368 481 2395 tum
508 2362 552 2394 ob
575 2361 862 2405 irrecuperabilis
887 2361 1082 2395 occasionis
1103 2363 1314 2406 neglectum,
1333 2369 1408 2397 tum
1432 2374 1516 2397 vero
1539 2369 1686 2409 propter

256 2411 387 2443 frustra
411 2409 590 2452 insumpta
614 2408 651 2439 in
677 2408 823 2440 classem
848 2407 1028 2451 stipendia
1054 2419 1156 2452 aegre
1181 2409 1339 2451 ferebat,
1365 2421 1458 2454 quae
1493 2411 1686 2455 imperator

258 2456 304 2489 ad
338 2461 409 2489 tres
446 2465 584 2486 menses
621 2453 794 2486 duntaxat
827 2458 1049 2494 numerarat,
1087 2454 1131 2487 ab
1162 2455 1319 2499 Augusto
1355 2457 1581 2500 auspicatus,
1605 2467 1686 2490 cum

259 2501 468 2546 September
494 2506 571 2533 tum
598 2501 720 2532 exiret.
747 2511 825 2532 cum
850 2505 969 2532 autem
1005 2510 1065 2532 rex
1090 2506 1256 2534 terrestre
1282 2502 1351 2535 iter
1374 2508 1450 2535 tum
1474 2508 1514 2536 ut
1530 2513 1686 2535 commo-

259 2549 339 2581 dius
365 2553 403 2580 et
428 2548 540 2580 tutius
566 2546 783 2589 navigationi
809 2546 1056 2589 praetulisset,
1092 2552 1167 2579 tum
1200 2547 1298 2591 quod
1324 2548 1443 2582 obiter
1467 2550 1625 2582 Tunium
1649 2554 1686 2583 et

260 2594 462 2628 Tenebium
489 2603 596 2636 pagos
623 2593 722 2624 aditu
749 2592 872 2624 faciles
897 2597 934 2624 et
956 2593 993 2624 in
1011 2592 1162 2637 planitie
1189 2594 1296 2636 sitos,
1324 2605 1474 2639 quorum
1502 2594 1685 2628 habitato-

261 2652 316 2674 res
341 2640 535 2674 Christiani
566 2639 730 2683 plerique
762 2637 917 2670 nominis
942 2639 1091 2683 Aegypti
1114 2640 1262 2673 Amerae
1300 2647 1485 2685 parerent,
1510 2652 1684 2686 occupare

260 2687 407 2727 liceret,
431 2685 652 2719 Andronicus
690 2684 778 2728 regis
818 2684 1008 2717 consilium
1043 2686 1214 2730 sequitur.
1239 2687 1427 2721 interiecto
1448 2689 1578 2721 itinere
1596 2688 1684 2720 citra

261 2733 461 2767 molestiam
485 2731 669 2771 confecto,
694 2736 731 2763 et
755 2730 910 2764 castellis
946 2741 1037 2776 quae
1065 2730 1218 2766 diximus
1233 2758 1242 2774 ,
1266 2734 1365 2779 quod
1387 2735 1482 2768 iusto
1503 2733 1682 2780 praesidio
