1838 3210
0 410 3 418 *
0 379 4 386 -
0 357 2 368 -<
0 262 13 345 wia-qv,
0 0 25 251 :mxu-mm

557 180 823 223 ioHANNEs
865 180 1176 223 counimus,-
1514 181 1585 236 29

144 281 462 331 ἐπιστατοῦντος
495 282 780 334 Ταϊσμανίου,
820 277 996 330 ἑαυτούς
1024 282 1098 322 καί
1126 279 1201 335 τήν
1229 276 1348 323 πόλιν
1375 282 1432 337 τῷ
1458 280 1587 323 αύτο-

143 344 318 402 κράτορι
354 347 630 403 ἐνεχείρισαν.
697 344 722 387 ὅ
762 346 811 387 δὲ
839 344 974 400 αύτὴν
1017 344 1160 388 εἰσιών
1189 346 1264 388 καί
1290 346 1338 389 τὸ
1368 343 1475 388 πολύ
1502 347 1588 388 τῶν

143 413 329 468 Περσῶν
372 413 532 455 ἐκεῖθεν
573 410 819 466 ἀπαγαγών,
851 412 926 453 καί
952 412 1188 465 δισχιλίους
1215 410 1386 461 ὅπλίτας
1406 408 1590 465 Ῥωμαί-

145 493 220 527 ους
267 478 484 534 φρουροὺς
523 479 576 533 τῇ
605 478 646 518 Γ
643 476 775 534 άγγρα
812 475 1147 531 ἐγκαταστήσας,
1173 475 1249 533 τήν
1279 475 1589 531 βασιλεύουσαν

107 539 307 590 5εἴσεισι.
373 541 481 598 πλὴν
526 543 625 584 οὐδὲ
661 543 837 598 ταυτηνί
874 539 951 597 τήν
987 540 1107 584 πόλιν
1148 545 1215 600 ἐφ’
1245 543 1378 597 ῆλίοις
1406 543 1434 598 ἦ
1462 546 1588 586 Κων-

143 609 361 652 σταντίνου
389 613 565 664 μακροῖς
601 606 778 662 ἔβλεψεν
816 607 888 649 ὑπ’
923 607 1056 663 αὖτὴν
1083 611 1365 665 κληρουμένην
1393 608 1467 651 καί
1494 613 1587 658 ταῖς

142 677 310 725 λοιπαῖς
347 675 650 728 ἐνταττομένην
692 673 894 729 ύπηκόοις
920 673 1114 716 πόλεσιν·
1174 674 1265 716 ἀλλ’
1293 676 1516 731 ἐπιβρῖσαν
1542 673 1586 717 τὸ
1598 681 1689 717 Ρ.ι5

143 739 358 796 ,Περσικὸν
381 742 526 793 μεῖζον
561 742 639 781 τοῦ
670 741 870 795 προτέρου
898 739 971 781 καί
996 741 1091 782 λιάν
1118 741 1460 796 ἐπικρατέστερον
1473 774 1487 795 ,
1514 740 1589 783 καί

141 803 274 859 βαλὸν
299 803 469 860 χάρακα
487 837 500 858 ,
529 807 639 863 λιμῷ
665 803 982 861 παρεστήσατο,
1009 801 1149 856 ἄλλοις
1180 806 1360 862 καιρίοις
1399 807 1587 849 ἐπισπω-

83 882 132 912 ιο
141 871 268 925 μένου
293 873 370 914 τοῦ
396 873 604 925 βασιλέως
624 870 697 913 καί
722 870 887 920 τούτοις
913 870 986 913 τὸν
1002 873 1103 913 νοῦν
1128 873 1419 927 προσέχοντος.

258 934 314 979 Τὸ
345 937 385 978 δ’
416 937 499 978 a’no
535 939 662 979 τοῦδε
690 936 793 980 κατὰ
819 939 892 992 τῆς
918 939 1108 980 Κιλίκων
1136 939 1356 993 στρατείαν
1383 936 1583 995 ἐκήρυξε,

139 1002 213 1046 τὸν
242 1001 486 1058 Λεβούνην,
525 1002 570 1052 ὃς
599 1003 818 1060 Ἀρμενίας
853 999 980 1058 ἦρχε,
1008 1004 1195 1056 μετιέναι
1220 1005 1364 1046 ποθῶν
1394 1002 1452 1054 ὥς
1478 1001 1587 1048 ἄλλα

142 1083 189 1111 τε
222 1067 401 1124 κατήκοα
428 1069 656 1122 Ῥωμαίοις
682 1071 918 1122 πολίσματα
935 1067 1267 1124 χειρωσάμενον,
1294 1068 1400 1112 α’λλοὶ
1433 1069 1483 1126 δή
1514 1073 1588 1114 καί

141 1137 389 1184 Σελευκείας
415 1135 613 1190 ἐπιβῆναι
639 1132 911 1190 πειρώμενον.
966 1132 1161 1191 α’γηοχώς
1187 1131 1328 1177 τοίνυν
1353 1134 1430 1184 τὰς
1454 1131 1585 1185 οὔσας

81 1198 130 1242 ι5
143 1199 345 1254 δυνάμεις
383 1198 458 1241 καὶ
499 1204 658 1250 νεαλεῖς
700 1197 833 1252 ἄλλας
882 1201 1030 1249 αύταϊς
1072 1202 1385 1255 προσθέμενος,
1424 1204 1498 1244 καί
1530 1201 1581 1245 τοὶ

139 1266 295 1323 ἐφόδια
322 1265 445 1309 ἱκανὰ
488 1265 595 1322 πρὸς
620 1267 797 1323 χρονίαν
835 1265 1037 1322 ἐκδημίαν
1063 1268 1307 1323 ἐνθέμενος,
1335 1274 1429 1318 ταῖς
1457 1271 1585 1311 Κιλι-

138 1335 249 1383 κιάις
275 1334 429 1382 πύλαις
455 1333 692 1390 ἐφίσταται·
747 1331 821 1374 καί
845 1332 1003 1383 ταύτας
1018 1332 1181 1387 ἀμαχεὶ
1205 1331 1431 1389 παρελθών
1450 1330 1583 1378 Ἀδά-

139 1416 212 1456 νης
231 1401 373 1455 ἐπέβη,
402 1398 477 1441 καὶ
502 1404 651 1454 κρατεῖ
673 1400 747 1454 τῆς
780 1400 963 1454 Ταρσοῦ.
1018 1399 1071 1440 ου’
1095 1402 1227 1454 μέχρι
1257 1401 1303 1442 δὲ
1329 1399 1478 1443 τούτου
1506 1406 1619 1442 τῖε-Β

138 1464 351 1523 ριγράψας
390 1462 438 1508 τὸ
483 1463 704 1521 πρόθυμον
733 1464 834 1519 περὶ
857 1465 933 1519 τῆς
964 1459 1064 1520 δ’λης
1085 1463 1315 1520 Ἀρμενίας
1342 1467 1583 1521 διαγωνίζε-

77 1544 129 1572 20
141 1548 236 1585 ται,
265 1528 363 1574 ὅθεν
402 1533 461 1588 πῇ
496 1533 575 1583 μὲν
619 1528 816 1587 ὁμολογίᾳ
861 1528 1136 1586 χειρούμενος
1172 1531 1225 1574 τὰ
1255 1533 1338 1575 τῶν
1366 1536 1584 1590 φρουρίων

139 1595 462 1652 ἐπικαιρότατα,
486 1600 544 1653 πῇ
575 1597 619 1638 δὲ
647 1595 718 1638 διὰ
748 1596 890 1651 μάχης
919 1595 1026 1639 αὐτὰ
1054 1596 1345 1651 ὑπαγόμενος,
1379 1601 1584 1655 ἐγκρατής

141 1659 307 1718 ἁπάσης
334 1665 406 1718 τῆς
433 1662 579 1717 χώρας
606 1664 780 1716 γίνεται.
838 1660 1010 1712 ἐπιστὰς
1028 1664 1075 1704 δὲ
1102 1662 1182 1705 σύν
1211 1659 1353 1714 ἄλλοις
1379 1666 1452 1708 καὶ
1477 1666 1586 1707 α’πο-

139 1726 255 1786 τόμῳ
282 1730 364 1770 τινί
392 1726 575 1783 ἐρύματι
620 1724 722 1782 ὅπερ
758 1726 882 1770 Βακὰ
926 1726 1176 1780 ὀνομάζεται
1187 1761 1200 1780 ,
1229 1730 1323 1772 ἐπεί
1350 1729 1408 1785 μὴ
1436 1737 1585 1787 χεῖρας

140 1793 388 1850 προύτεινον
425 1795 543 1850 αὐτῷ
577 1791 615 1835 οἱ
645 1792 762 1842 ἐντὸς
798 1789 894 1836 οὔτε
935 1793 1023 1848 μήν
1063 1793 1342 1851 προυχώρουν
1381 1797 1441 1846 εἷς
1471 1799 1586 1852 εἰρη-

232 1912 267 1947 6.
290 1911 553 1959 πληρουμένην
576 1913 614 1944 Α.
722 1924 756 1957 9.
781 1912 1066 1958 ἀποσπωμένου
1082 1911 1139 1945 vel
1164 1913 1459 1959 περισπωμένου
1484 1914 1586 1949 Wol-

236 1959 315 1991 fius.
437 1962 487 1995 18.
514 1958 581 2005 οὔ]
608 1958 672 1992 καὶ
700 1958 739 1991 Α.

144 2062 189 2096 de
213 2062 330 2096 causis
354 2063 466 2106 igitur
490 2061 691 2096 obsidionis
715 2063 870 2107 pertaesi
898 2063 1009 2102 cives,
1037 2072 1077 2094 ac
1099 2062 1157 2094 vel
1182 2063 1220 2094 in
1246 2062 1370 2106 primis
1397 2061 1587 2096 Tanisma-

142 2110 197 2143 nii
221 2109 325 2142 obitu
351 2109 515 2153 Gangrae
549 2109 742 2154 praesidiis
765 2109 1012 2147 consternati,
1046 2114 1159 2142 semet
1182 2108 1278 2153 ipsos
1304 2114 1340 2142 et
1368 2108 1494 2143 urbem
1518 2111 1587 2143 im-

142 2157 303 2202 peratori
339 2155 568 2189 dediderunt.
603 2157 667 2201 qui
703 2156 906 2200 ingressus,
943 2155 1141 2200 multisque
1167 2156 1279 2188 Persis
1317 2155 1507 2198 abductis,
1550 2163 1588 2192 et

145 2203 288 2236 duobus
311 2203 474 2236 millibus
497 2204 737 2236 Romanorum
779 2203 818 2235 in
842 2202 931 2235 urbe
960 2202 1148 2235 collocatis
1163 2227 1172 2243 ‚
1196 2202 1407 2246 Byzantium
1436 2205 1588 2237 reverti-

143 2255 213 2284 tur.
240 2249 305 2283 sed
348 2261 415 2284 nee
449 2249 542 2282 hanc
565 2249 692 2283 urbem
717 2249 866 2282 Romani
899 2248 962 2282 diu
986 2254 1193 2282 tenuerunt.
1218 2260 1301 2282 nam
1325 2250 1452 2282 Persae
1479 2250 1588 2296 longe

143 2297 342 2330 maioribus
369 2302 407 2330 et
431 2296 641 2330 fortioribus
676 2297 790 2341 copiis
818 2296 950 2329 reversi
980 2306 1057 2336 eam
1083 2301 1120 2329 et
1141 2296 1313 2340 operibus
1342 2301 1378 2330 et
1402 2296 1497 2331 fame
1522 2297 1588 2331 do-

132 2343 329 2384 'mum-unt,
352 2344 568 2388 imperatore
603 2343 685 2376 aliis
711 2342 818 2376 rebus
848 2342 1015 2387 gravibus
1040 2347 1214 2387 occupato
1241 2349 1277 2376 et
1300 2343 1454 2376 intento.

235 2390 319 2424 Post
343 2389 433 2424 haec
460 2389 729 2434 expeditionem
754 2391 793 2423 in
821 2389 984 2423 Ciliciam
1013 2389 1242 2423 denuntiavit
1264 2389 1435 2423 Lebunae
1462 2390 1588 2424 Arme-

141 2437 227 2471 niae
251 2437 343 2481 regis
370 2436 568 2470 ulciscendi
593 2448 722 2478 causa,
747 2437 811 2482 qui
835 2442 978 2481 praeter
1004 2436 1075 2469 alia
1103 2437 1261 2469 Romana
1279 2436 1413 2482 oppida
1437 2437 1588 2471 subacta

143 2485 253 2518 etiam
272 2483 457 2518 Seleuciae
483 2484 705 2517 imminebat.
731 2484 841 2528 igitur
857 2489 894 2516 et
914 2488 1086 2516 veterano
1101 2483 1217 2516 milite
1240 2488 1435 2516 convocato
1461 2489 1499 2517 et
1521 2495 1590 2517 no-

142 2532 196 2565 vis
224 2529 425 2564 delectibus
449 2529 595 2572 habitis,
620 2536 657 2564 et
677 2531 773 2564 iusto
789 2535 989 2563 commeatu
1015 2529 1061 2563 ad
1086 2530 1294 2563 diuturnam
1317 2530 1586 2575 expeditionem

140 2583 379 2622 praeparato,
419 2577 570 2611 Ciliciae
600 2578 716 2622 portis
739 2577 828 2610 citra
858 2587 1013 2622 pugnam
1043 2577 1220 2622 superatis
1247 2575 1408 2610 Adanam
1433 2582 1586 2621 occupat

143 2629 182 2657 et
209 2624 321 2657 Tarso
343 2625 492 2670 potitur.
527 2623 592 2657 sed
622 2634 709 2669 prae
748 2623 859 2664 animi
896 2624 1083 2656 alacritate
1120 2623 1176 2656 his
1207 2633 1282 2657 non
1305 2629 1495 2657 contentus
1519 2634 1585 2668 pro

142 2674 221 2703 tota
243 2671 411 2704 Armenia
436 2676 594 2716 pugnat3
623 2676 661 2704 et
683 2671 840 2704 castellis
866 2670 1180 2716 opportunissimis
1219 2669 1425 2716 quibusque
1453 2670 1584 2715 partim

144 2715 334 2750 deditione
366 2718 497 2762 partim
520 2718 556 2751 vi
596 2717 733 2762 captis,
773 2722 850 2750 tota
874 2717 1059 2762 provincia
1083 2718 1233 2761 potitur.
1258 2727 1440 2761 aggressus
1463 2722 1584 2750 autem

142 2763 238 2797 inter
260 2768 379 2798 cetera
402 2764 588 2798 castellum
611 2763 794 2810 quoddam
818 2769 1052 2810 praeruptum
1076 2765 1223 2799 nomine
1246 2764 1386 2805 Bacam,
1414 2775 1494 2797 cum
1517 2762 1583 2797 ho-
