1878 3230
357 198 392 252 9
405 199 422 231 1
435 179 468 232 8
879 195 948 234 Gr
951 194 1233 235 ossAmum.

357 293 429 334 καὶ
459 290 615 346 μούλης
651 291 957 347 υποθυμιὰσῃς.
1000 296 1150 333 Auctor
1193 291 1260 330 GB
1296 291 1431 342 μοῦλα
1473 292 1766 346 κολοστολίστη.

356 351 452 389 hino
478 348 662 397 μουλίων
689 347 811 386 mulio
837 349 876 384 in
896 335 1079 386 Basilicis
1120 347 1144 386 Ι.
1175 346 1227 385 60
1256 350 1335 399 §7
1341 346 1429 385 ..D
1458 345 1534 386 loc.

463 414 603 450 μουσ
617 399 675 439 ου’
688 415 798 453 ριον
820 402 970 440 liuciae
980 401 1301 440 Musulmanicae.
1314 361 1379 438 73ἱο
1399 399 1769 449 μουσουλμανίζειν

359 455 689 495 Musulmanicam
708 456 933 508 religionem
955 455 1142 507 piwolifexi.
1162 454 1249 493 vide
1268 453 1519 493 Meursium
1510 468 1549 492 in
1569 468 1615 493 eo
1629 455 1765 494 verbo.

466 505 893 574 μουρτζουφλος
927 509 1215 571 superciliosus.
1243 508 1334 547 vide
1363 509 1592 547 Meuisium.

470 559 652 614 νερόν.
687 564 727 601 in
761 564 893 601 Indice
925 556 1089 613 ἄντλον,
1117 558 1264 612 νερόν,
1303 576 1417 615 aqua
1446 563 1639 601 Maximus
1684 561 1770 626 epi-

361 631 509 685 scopus
530 617 731 680 Margunii
761 616 894 656 homil.
930 630 973 655 1·
1011 615 1063 656 νά
1078 593 1339 654 α’ποδάῖεται
1375 614 1447 654 καί
1481 615 1539 662 εἰς
1574 612 1620 654 τὸ
1654 613 1774 680 νερὸν

361 671 434 712 καί
470 672 528 717 εἰς
555 668 601 710 τὸ
617 650 729 734 πῦρ.
757 673 910 710 Auctor
939 669 1039 709 alius
1068 670 1134 707 GB
1163 663 1312 733 ηῧρικα
1340 668 1668 733 μικροπόταμον,
1701 667 1774 709 καί

362 726 421 774 εἰς
459 721 505 763 τὸ
535 721 652 776 νερὸν
678 721 723 764 τὸ
747 725 874 774 μέσον
902 721 1006 777 φλόξ
1033 725 1108 762 τοῦ
1134 720 1265 774 πυρὸς
1291 720 1491 775 ἐξήρχετο.

472 783 840 828 νοσοκομεῖον
888 778 1173 816 nosocomium.
1201 778 1305 816 locus
1333 777 1598 829 venerabilis,
1625 777 1670 816 in
1695 790 1774 832 quo

362 843 532 895 argi-ott
537 833 711 871 homines
738 832 1139 871 curantur.1ulianus
1170 832 1408 870 Antecessor
1437 831 1538 870 Nov.
1569 845 1590 885 7
1621 845 1707 884 cap.
1732 844 1772 871 1.

473 901 529 925 νυ
547 900 643 924 κτα
686 900 778 924 nox.
805 901 849 949 Ρ.
881 900 951 950 127
982 886 1009 924 b
1037 880 1208 931 νυκτόςι
1239 885 1361 924 codex
1387 885 1458 923 GB
1488 882 1645 931 νύκτας.
1682 886 1775 924 ste-

360 942 518 1007 plnnus
547 939 771 980 Sacblices·
802 937 875 993 την
903 937 1050 979 νύκταν
1077 936 1222 993 πόρνοι
1247 938 1482 991 περπατοῧν
1510 952 1578 978 και
1605 939 1776 978 κλέπται

359 1009 431 1035 και
462 992 660 1055 φονίσκοι.

469 1044 638 1096 ξενών
686 1062 826 1087 xenon.
853 1062 896 1101 p.
929 1048 1006 1088 285
1033 1063 1056 1088 a
1093 1061 1153 1094 εις
1187 1049 1470 1097 νοσοκομεῖονε
1515 1046 1616 1087 alius
1652 1046 1775 1086 codex

363 1102 526 1151 ξενῶνα.
558 1102 695 1140 lustin.
726 1103 828 1140 Nov.
868 1116 933 1141 ιιι
969 1117 1057 1155 cap.
1095 1116 1108 1142 1
1145 1100 1527 1150 ξενῶσι.1ιι113ῑιι13
1567 1103 1665 1141 Nov.
1700 1101 1775 1151 104

363 1156 598 1196 xenonibus.
627 1156 696 1194 sic
737 1157 857 1196 etiam
887 1156 1218 1195 Nov.1ust.131
1254 1170 1290 1194 c.
1325 1155 1498 1205 10,1ul.
1532 1169 1633 1220 ¹¹9
1647 1169 1778 1194 c.11.

365 1210 632 1276 Menologipm
654 1211 754 1248 lunii
775 1224 823 1262 27
854 1210 904 1248 de
923 1211 1171 1272 Sampsone·
1185 1208 1270 1276 τῆς
1298 1208 1482 1273 ἰατρικῆς
1505 1205 1583 1274 γάρ
1611 1207 1779 1272 ἐπιστή-

368 1278 449 1315 μης
477 1258 527 1315 ἦν
554 1263 598 1302 ἐν
624 1264 764 1317 πείρα,
794 1277 862 1301 και
892 1259 961 1302 τὸν
988 1263 1162 1326 βασιλέα
1185 1260 1474 1303 Ἰουστινιανόν
1508 1261 1661 1326 ἅνιάτῳ
1698 1260 1779 1302 ποί-

368 1319 436 1355 &et
461 1317 753 1379 περιπεσοῦντα
782 1313 944 1356 ἰάσατο.
1002 1317 1046 1355 ἐκ
1085 1313 1231 1356 τούτου
1277 1313 1297 1356 ὁ
1335 1311 1530 1366 βασιὶευς
1569 1301 1780 1379 ὑπεραγα-

367 1368 484 1416 σθείς
512 1367 586 1421 την
606 1367 760 1436 α’ρετὴν
789 1371 866 1408 τοῦ
894 1364 1043 1419 ἄνδρος
1070 1370 1140 1408 καί
1165 1370 1290 1418 σέβας
1308 1368 1419 1423 αυ’τῶ
1445 1367 1679 1419 ἀπονέμων,
1709 1366 1780 1409 τόν

368 1426 556 1475 μέγιστον
582 1417 689 1462 οικον
712 1437 779 1461 και
807 1420 1051 1486 περιβόητον
1078 1423 1133 1485 δι’
1153 1421 1282 1462 αὐτοῦ
1307 1408 1516 1486 ἀνεγείρας
1535 1423 1688 1471 ξενῶνα
1708 1437 1781 1463 κα-

369 1476 602 1525 τεσκεύασε,
630 1490 700 1515 και
730 1473 1018 1529 σκευοφύλακα
1047 1476 1117 1528 τῆς
1146 1476 1222 1516 τοῦ
1241 1475 1342 1515 θεοῦ
1362 1474 1542 1540 μεγάλης
1567 1474 1783 1544 ἐκκλησίας

371 1530 624 1596 κατέστησεν.
654 1530 821 1582 Niceph.
855 1530 953 1569 Call.
990 1544 1030 1569 11
1069 1531 1143 1570 18.
1162 1527 1299 1596 χωρία
1324 1527 1375 1568 τοὶ
1403 1528 1599 1570 κάλλιστα
1636 1545 1694 1570 ων
1722 1526 1782 1570 εἶ-

369 1598 444 1635 χεν
474 1579 651 1632 αυτόθι,
693 1588 775 1630 τοῖς
803 1583 935 1622 αὐτου
969 1584 1135 1632 ’ξειῶσιν
1172 1581 1459 1651 α’πεχαρίζετο.
1503 1584 1664 1624 M·1nuel
1691 1587 1782 1624 Mo-

371 1637 584 1690 schopulus
608 1637 705 1687 περὶ
731 1637 853 1688 σχεδε
888 1634 1032 1677 κοιτών
1072 1637 1225 1690 κυρίως
1252 1637 1330 1689 μὲν
1371 1633 1479 1685 οἶκος
1520 1635 1541 1677 ὁ
1581 1638 1783 1692 περιέχων

372 1692 509 1737 κοίτας
538 1689 691 1736 πολλάς
710 1722 723 1742 ,
755 1705 812 1738 ως
843 1688 882 1731 οῖ
910 1692 1089 1740 ξενῶνες.

484 1743 740 1795 ὀμφίκιον
770 1752 816 1784 ut
844 1745 883 1784 in
913 1746 1044 1797 priore
1072 1745 1266 1795 editione,
1304 1760 1380 1800 pro
1417 1741 1632 1800 ὄφφίκιον,
1659 1752 1705 1785 ut
1741 1759 1782 1799 Ρ.

373 1798 454 1838 516
482 1811 505 1837 c
527 1798 712 1837 officium.
743 1799 834 1838 vide
860 1800 910 1838 ad
942 1801 1180 1839 Cedrenum.

483 1848 739 1892 ὀσπίτιον
767 1853 1000 1917 hospitium.
1033 1868 1120 1907 pag.
1158 1853 1235 1894 525
1269 1861 1310 1894 et
1336 1853 1427 1908 547.
1461 1853 1565 1893 idem
1590 1867 1631 1907 Ρ.
1653 1853 1730 1892 325
1756 1853 1784 1893 b

375 1902 646 1969 ἀπρόσμαχον
677 1903 929 1973 οἰκητήριονε
961 1907 1083 1947 codex
1102 1908 1169 1946 GB
1200 1902 1397 1947 ὄσπίτιον.
1425 1922 1464 1947 v.
1491 1907 1578 1946 Ind.
1605 1910 1786 1947 Astram-

375 1960 569 2012 psychus:
602 1955 689 1998 ἐστι
717 1960 763 1999 δὲ
787 1960 833 1999 τὸ
865 1959 1047 2000 σ’σπίτιον
1072 1962 1192 1999 τοῦτο
1223 1960 1281 2007 εἷς
1306 1962 1443 2000 πᾶσαν
1479 1961 1626 2013 πρᾶξιν
1658 1976 1784 2025 τυχη-

378 2013 480 2078 ρόν.
494 2012 704 2052 Rationale
706 2015 887 2076 Imperii
910 2015 984 2053 sub
1014 2017 1115 2078 Imp.
1142 2014 1278 2054 Alexio
1307 2016 1527 2054 Comneno·
1562 2011 1785 2067 έσχιδεύθη

377 2064 423 2105 τὸ
458 2063 641 2105 ὄσπίτιον
667 2061 798 2108 αὐτοῦ
822 2067 942 2120 ἐγγὺς
963 2069 1037 2108 τοῦ
1062 2064 1319 2119 ἱπποδρόμου
1357 2067 1624 2135 διακείμενον.
1665 2067 1787 2108 Glos-

378 2120 530 2158 sarium
557 2133 616 2159 ms
656 2120 843 2173 πέταυρα
883 2136 952 2161 και
994 2119 1043 2161 τὰ
1084 2123 1250 2162 σανίδια
1283 2121 1328 2161 ἐν
1361 2116 1421 2168 οἷς
1453 2119 1699 2173 στεγάζομεν
1734 2118 1785 2161 τοὶ

379 2170 560 2212 ὂσπίτια.
587 2174 711 2212 utitur
741 2176 934 2228 Georgius
967 2177 1251 2216 Alexandrinus
1289 2177 1330 2215 in
1372 2178 1454 2215 vita
1490 2176 1784 2237 Clarysostomi‚

379 2228 579 2266 Iohannes
596 2228 891 2268 Cantacuzenus
915 2237 983 2268 aut
996 2229 1184 2270 Sultanus
1208 2229 1416 2283 Aegypti
1407 2244 1446 2268 m
1475 2230 1586 2281 epist.
1615 2229 1664 2267 ad
1684 2231 1785 2269 Can-

380 2288 613 2319 tacuzenum
646 2282 747 2332 Imp
776 2297 817 2333 p.
848 2283 940 2335 756,
969 2284 1194 2323 Concilium
1223 2283 1464 2323 Chalcedon.
1491 2283 1788 2331 act.11‚Con-

383 2335 577 2373 stantinus
605 2333 655 2372 de
684 2336 878 2374 administ.
911 2339 1005 2388 Imp.
1036 2340 1210 2377 Graecus
1253 2337 1398 2387 Interp.
1427 2336 1579 2375 Basilio.
1619 2336 1690 2375 lib.
1736 2336 1788 2389 47

382 2389 452 2426 tit.
487 2402 522 2426 1.
547 2390 586 2426 in
612 2389 818 2439 interpret.
844 2388 868 2427 l.
904 2391 1089 2429 Lucius*
1069 2405 1134 2430 σα.
1178 2393 1227 2429 D.
1257 2390 1305 2428 de
1339 2390 1471 2428 donat.
1504 2389 1624 2429 hodie
1665 2390 1762 2429 σπίτ

385 2440 446 2480 vel
476 2440 586 2480 σπίτι
607 2441 757 2479 dicunt.
786 2444 940 2481 Auctor
969 2443 1036 2482 GB
1072 2444 1246 2495 ἑμπένης
1273 2440 1348 2492 μὲς
1374 2446 1464 2489 ταῖς
1492 2444 1710 2496 φαμιλίαις
1737 2458 1787 2483 τα

385 2491 536 2546 σπη’τια
575 2492 851 2547 δυσφανίζεις.
895 2496 1054 2535 Alexius
1091 2498 1313 2535 Rharturus
1356 2496 1463 2536 doct.
1504 2511 1544 2536 α.
1586 2498 1789 2537 Bessarion

387 2549 612 2589 cardinalis
640 2550 751 2612 epist.
780 2550 830 2587 ad
855 2550 1015 2602 paedag.
1044 2550 1214 2589 filiorum
1241 2550 1422 2590 Thomae
1449 2549 1681 2601 Palaeologi.

495 2600 814 2655 ου’ννιίρχης.
839 2618 877 2654 Ρ.
906 2603 954 2656 67
984 2604 1010 2641 d
1038 2605 1077 2641 in
1110 2605 1186 2643 alio
1214 2605 1349 2644 codice
1378 2601 1456 2666 ρὴξ
1482 2618 1562 2644 των
1581 2603 1790 2656 Οὕγγρων.

387 2655 630 2749 ΰ103ῗετίιιω
661 2671 716 2696 ms
751 2658 803 2696 D.
834 2657 1067 2697 Cancellmii
1103 2652 1249 2698 Οῧννοι
1283 2655 1320 2699 οἱ
1354 2650 1552 2713 Οἷῖγγροι.
1580 2659 1671 2699 vide
1699 2672 1786 2712 pag.

387 2724 477 2751 eant
536 2724 557 2749 a
