1878 3230
316 166 424 221 882
698 181 903 223 wonm
944 178 1359 221 ANNo‘rA‘rioNEs

185 277 297 323 94²9
420 283 469 324 Ρ.
504 282 593 336 175,
633 281 698 322 16.
765 278 892 327 αὖτὸς
927 278 1003 333 τὴν
1038 277 1288 334 σφενδόνην]
1323 292 1418 319 cum
1463 280 1564 333 quid
1608 282 1739 335 palam

308 340 392 379 sive
419 337 596 388 fundam,
626 337 829 375 cardinem
859 343 899 374 et
926 336 1115 375 baculum
1142 335 1315 389 appellet
1343 335 1438 384 hie,
1481 335 1536 373 ob
1576 335 1738 388 ignora-

309 397 457 432 tionem
483 392 706 430 cuiusmodi
735 391 920 430 machina
949 391 1083 441 fuerit,
1115 404 1198 429 non
1227 391 1323 429 satis
1357 396 1540 440 teneam,
1575 403 1740 444 genera-

310 448 401 486 liter
431 447 536 485 hunc
568 448 701 486 locum
727 461 818 486 sum
847 447 1151 499 interpretatus,
1686 443 1689 449 ¹

422 502 469 542 P.
507 503 596 555 175,
639 515 707 540 22.
767 494 943 555 ἄρκλας]
980 515 1063 540 non
1108 499 1306 540 abhorret
1345 510 1370 538 a
1407 505 1549 540 nostro
1594 512 1760 540 verna·-

310 556 401 596 culo
429 556 583 594 erkloer.

419 611 472 649 P.
511 609 600 662 181,
639 624 700 662 ¹⁶7·
758 602 808 648 οὗ
854 607 1006 649 πολλαὶ
1036 605 1083 647 δὲ
1122 603 1295 660 ἡμέραι]
1337 607 1435 661 quia
1476 608 1643 648 nimium
1685 607 1745 648 ia·

309 668 457 705 scivire
488 665 585 703 mihi
617 672 679 703 est
722 665 827 704 visus
852 671 895 703 et
922 677 1024 717 pene
1065 663 1170 702 ultra
1211 664 1390 714 poeticae
1429 661 1613 703 licentiae
1649 663 1746 704 fines

310 722 470 774 evagari
499 720 583 758 sive
617 720 832 758 Choniates
858 718 944 757 sive
968 718 1247 772 paraphrastes
1285 717 1482 770 quispiam
1523 719 1610 758 eius
1636 721 1746 768 (nam

309 782 488 814 vetustus
520 774 669 822 codex,
698 777 767 827 qui
797 788 843 813 ex
874 774 1096 827 archetypo
1121 773 1294 811 auctoris
1322 772 1545 825 descriptus
1572 773 1746 825 videtur,

309 830 431 882 longe
466 830 722 882 paucioribus
749 843 834 868 rem
879 829 1110 879 absolvit),
1158 840 1356 866 summam
1397 827 1588 868 duntaxat
1626 828 1747 867 huius

309 885 531 923 amatoriae
564 882 890 923 narratiunculae
925 885 1102 937 exposui.
1141 896 1193 921 ne
1234 889 1369 921 tamen
1401 883 1581 922 curiosus
1618 881 1747 922 lector

310 940 526 992 quicquam
555 938 788 989 desideret,
829 939 952 977 etiam
991 939 1090 977 haec
1134 937 1391 990 interpretari
1435 937 1576 988 volui,
1616 951 1747 990 quan-

308 994 458 1032 tumvis
486 995 646 1045 inepta3
679 1007 782 1046 quae
815 994 861 1044 (si
890 992 1150 1047 typographis
1182 993 1235 1030 ita
1263 991 1478 1042 videbitur)
1508 992 1549 1031 in
1578 999 1747 1032 contex-

309 1055 399 1086 tum
427 1048 620 1087 historiae
649 1048 791 1100 reponi
819 1054 1020 1100 poterunt.
1061 1061 1140 1087 non
1180 1046 1316 1085 multis
1353 1045 1492 1086 diebus
1521 1057 1612 1101 post
1653 1047 1748 1087 An-

307 1103 496 1142 dronicus
525 1104 712 1155 neglectis
743 1111 783 1141 et
802 1103 1034 1156 contemptis
1060 1102 1260 1150 caedibus,
1285 1100 1444 1155 pugnis,
1473 1102 1607 1151 bellis,
1634 1102 1749 1141 elas-

307 1159 421 1208 sicis,
461 1166 609 1196 terrore
624 1187 634 1204 ,
678 1167 781 1196 metu
794 1187 806 1209 ,
853 1157 991 1202 Marte
1024 1158 1283 1209 sanguinario
1311 1165 1351 1195 et
1375 1156 1529 1196 bellicis
1554 1157 1747 1211 operibus,

311 1212 483 1250 Veneris
510 1225 632 1251 sacra
659 1213 767 1252 colit.
822 1226 927 1266 quae
964 1226 1043 1251 non
1070 1212 1274 1250 Helenam
1311 1213 1352 1248 ei
1377 1212 1531 1250 subiicit
1558 1220 1628 1250 aut
1653 1212 1755 1251 velut

306 1267 349 1305 in
377 1275 620 1321 conspectum
648 1267 835 1316 adducit,
879 1267 923 1305 in
957 1267 1142 1306 Graecia
1169 1275 1211 1304 et
1235 1265 1376 1304 mediis
1405 1266 1528 1318 Argis
1556 1266 1750 1305 habitan-

303 1329 396 1368 tem,
429 1329 469 1358 et
479 1322 626 1371 Jbrma
653 1317 745 1359 eius'
770 1321 1042 1360 exhilaratum
1066 1320 1214 1373 furore
1248 1322 1447 1370 coaewitat3
1488 1334 1563 1360 nec
1599 1334 1749 1360 navem

305 1375 506 1428 aedificat,
533 1389 657 1430 quam
688 1375 901 1414 Pher-celus
926 1376 1116 1426 gubernet
1129 1391 1141 1413 .-
1187 1375 1261 1413 sed
1286 1374 1499 1429 Plzilt'ppae
1522 1376 1568 1413 in
1606 1375 1751 1415 vicinia

307 1430 526 1468 habitantis
536 1431 734 1479 sortitam
762 1430 943 1483 depingit
966 1439 1003 1468 et
1028 1430 1221 1468 lenocinio
1248 1429 1436 1468 conciliat
1455 1432 1629 1467 amatori
1657 1431 1752 1470 An-

309 1485 485 1532 dronico,
516 1497 572 1522 ex
598 1484 685 1522 sola
697 1484 826 1532 fama
851 1497 987 1522 amore
1018 1483 1288 1538 inflammato.
1340 1484 1467 1535 igitur
1485 1484 1636 1523 abiecto
1665 1485 1752 1536 cly-

306 1552 386 1592 peo
416 1547 454 1576 et
480 1539 597 1590 galea
620 1538 838 1592 repudiata
863 1547 1068 1593 spretaque
1086 1539 1196 1577 omni
1220 1539 1365 1576 militia
1387 1538 1450 1576 ad
1470 1540 1640 1578 amicam
1657 1540 1751 1578 An-

313 1594 483 1631 tiochiae
510 1592 711 1643 degentem
739 1592 884 1645 deficit.
937 1606 1019 1647 quo
1050 1606 1143 1632 cum
1170 1593 1340 1631 venisset
1363 1601 1404 1631 et
1426 1593 1585 1632 amoris
1609 1594 1751 1633 illece-

316 1647 396 1685 bris
427 1647 618 1686 Martium
643 1647 821 1685 habitum
848 1655 1133 1697 commutasset,
1179 1656 1327 1686 tantum
1358 1660 1438 1686 non
1477 1649 1624 1686 lanam
1660 1657 1752 1687 tra-

315 1702 452 1740 ctabat
485 1709 557 1739 aut
580 1702 702 1739 telam
729 1702 902 1741 texebat
926 1710 965 1740 et
990 1703 1118 1741 colum
1145 1702 1300 1740 tenebat
1314 1731 1327 1751 ,
1366 1710 1409 1741 ut
1432 1702 1530 1740 olim
1561 1702 1754 1742 Hercules

323 1756 560 1809 Omphalae,
588 1757 644 1795 sic
673 1757 757 1808 ipse
777 1755 994 1810 Pkitzppae
1017 1757 1205 1796 serviens.
1248 1764 1342 1794 erat
1364 1769 1416 1795 ea
1447 1756 1752 1811 Petebinifilia,

318 1824 434 1849 soror
459 1813 539 1848 eius
566 1824 666 1863 quae
694 1823 776 1848 non
806 1811 867 1849 ita
888 1811 1053 1865 pridem
1078 1811 1267 1850 Manueli
1296 1811 1551 1864 imperatori,
1580 1813 1753 1851 Andro-

316 1866 401 1904 nici
420 1865 613 1916 patrueli,
646 1874 849 1917 nupserat.
906 1866 1149 1904 Antiochiae
1183 1867 1327 1917 degens
1357 1866 1517 1904 deliciis
1554 1867 1752 1916 inhiabat,

317 1929 638 1959 ornamentorum
661 1932 764 1972 pene
792 1919 855 1958 ad
878 1920 1081 1960 insaniam
1110 1921 1324 1968 stmli'osus,
1350 1921 1542 1959 satellites
1561 1935 1639 1974 per
1661 1921 1753 1975 pla·

317 1983 398 2012 teas
447 1974 758 2012 cz‘rcunducebat
799 1975 1000 2026 argenteis
1040 1976 1209 2014 arcubus
1251 1976 1458 2013 instructos
1475 2004 1485 2021 ,
1542 1989 1752 2029 proceros,

314 2028 452 2082 prima
472 2029 659 2080 lanugine
668 2028 938 2082 florescentes,
953 2028 1092 2084 flavis
1118 2029 1286 2083 capillis
1311 2030 1502 2078 nitentes,-
1526 2043 1651 2084 eaque
1676 2043 1754 2069 ra-

287 2094 289 2096 ’
318 2084 423 2120 tione
452 2083 665 2121 venabatur
691 2096 778 2120 eam
807 2095 838 2121 a
863 2097 948 2136 qua
975 2086 1057 2137 ipse
1084 2093 1219 2136 captus
1241 2091 1332 2123 erat
1365 2092 1403 2122 et
1427 2085 1639 2124 amatoriis
1667 2085 1752 2123 vin-

319 2137 418 2174 culis
446 2137 644 2186 irretitus,
672 2145 713 2174 et
732 2149 819 2189 par
839 2139 940 2191 pari
965 2151 1056 2177 cum
1075 2137 1245 2191 foenore
1269 2137 1492 2188 referebat,
1525 2152 1617 2178 cum
1646 2139 1755 2178 alio-

281 2199 291 2210 s
319 2190 392 2244 qui
416 2190 664 2229 admiranda
675 2193 827 2241 Jbrma
850 2193 1107 2246 conspicuus,
1139 2202 1220 2231 tum
1250 2193 1412 2231 vestibus
1437 2192 1605 2233 subinde
1627 2202 1755 2232 muta-

321 2245 372 2283 tis
401 2245 566 2295 insignis
583 2273 595 2293 ,
642 2245 691 2283 iis
714 2248 956 2298 praesertim
983 2261 1088 2301 quae
1125 2248 1234 2286 ultra
1269 2255 1382 2286 nates
1419 2256 1460 2286 et
1476 2249 1655 2297 femora
1680 2248 1754 2286 de.

324 2299 462 2337 missae
483 2298 702 2351 finduntur
725 2308 763 2337 et
791 2300 852 2338 ita
890 2302 1120 2354 corporibus
1159 2302 1424 2355 applicantur
1450 2309 1493 2340 ut
1534 2300 1653 2339 veluti
1688 2311 1756 2340 at-

323 2361 459 2391 textae
485 2352 550 2390 illi
575 2366 657 2391 esse
683 2353 910 2402 videantum·
936 2356 1042 2393 cuius
1068 2356 1224 2395 inventi
1247 2363 1385 2394 auctor
1409 2356 1494 2408 ipse
1516 2355 1659 2405 extitit,
1685 2356 1756 2396 la...

324 2416 437 2446 xata
468 2407 589 2446 vultus
614 2407 802 2445 torvitate
817 2437 827 2453 ,
866 2416 1064 2461 perpetua
1101 2411 1305 2448 severitate
1345 2410 1528 2459 remissa,
1556 2411 1756 2462 gravitate

328 2475 482 2499 morum
511 2470 551 2499 et
574 2461 821 2499 solicitudine
840 2463 1028 2515 seposita,
1057 2464 1278 2517 abiectoque
1305 2463 1529 2517 supercilio.
1561 2473 1756 2503 caeterum

326 2516 402 2553 illa
421 2529 583 2569 prorsus
611 2524 734 2568 capta
759 2517 938 2567 coniugio
965 2518 1140 2568 assensit,
1175 2526 1290 2571 atque
1327 2518 1490 2557 aedium
1524 2527 1564 2557 et
1589 2519 1756 2572 patriae

328 2570 453 2608 oblita
483 2578 707 2608 amatorem
747 2579 878 2608 secuta
916 2579 981 2608 est.

437 2623 487 2663 P.
527 2623 613 2673 183,
640 2624 680 2665 8.
735 2624 834 2663 καθ’
864 2617 962 2662 ὅσον
990 2618 1085 2677 ἤδη,
1125 2639 1200 2677 pro
1229 2624 1403 2676 iamiam,
1445 2626 1554 2665 haud
1589 2626 1670 2666 scio
1705 2641 1757 2666 an

327 2679 517 2716 usitatum
553 2677 619 2717 sit.
659 2679 691 2718 si
723 2674 812 2732 εἴδῃ
840 2684 910 2717 aut
942 2671 1020 2733 ἦὸῃ
1051 2675 1164 2731 παρὰ
1204 2675 1248 2718 τὸ
1277 2679 1433 2721 εἰδέναι
1460 2681 1580 2736 legas,
1621 2695 1671 2721 ne
1696 2683 1755 2721 sie

328 2732 489 2785 quidem
516 2731 663 2786 placet,
703 2731 892 2774 iudicium
912 2731 1059 2774 lectori
1085 2733 1285 2789 relinquo,
