1838 3210
0 3091 17 3210 pa«-

429 163 500 203 m:
537 158 792 204 MANUELE
831 161 1093 205 COMNENO
1133 164 1231 205 Lm.
1259 165 1328 204 ιν.
1496 143 1598 200 ι65

172 258 288 299 ἕνεκα
315 259 388 300 τοῦ
416 260 595 313 ἱστορεῖν
620 261 996 315 προαναβαλοίῖμαι
1033 260 1166 304 ταυτί.
1221 261 1279 317 τῷ
1303 257 1398 303 τότε
1431 255 1607 314 ἄρχοντι

172 325 252 364 τῶν
286 318 454 366 Οἷῖννων
487 326 619 382 Ἰατζᾷ
651 324 727 367 δύο
763 321 879 379 ,ἦσαν
921 322 1170 379 ὁμαίμονες,
1213 325 1422 382 Στέφανός
1455 340 1499 367 τε
1536 323 1610 366 καὶ

171 390 513 444 Βλαδίσθλαβος,
552 391 626 432 καί
646 390 797 439 παῖδες
825 391 1040 446 Στέφανος
1068 390 1142 432 καί
1166 393 1318 440 Βελᾶς.
1371 392 1457 433 τῶν
1485 385 1609 432 ἇδελ-

173 455 265 508 φῶν
293 456 434 497 τοίνυν
470 455 491 498 ὃ
519 456 731 511 Στέφανος
767 454 842 504 τᾶς
870 454 1088 509 ὅμογνιόυς
1127 457 1320 513 ἐκφυγών
1348 462 1494 512 χεῖρας
1521 460 1609 497 κατ’

136 518 310 560 ὅαῦτοῦ
346 519 543 577 φονεύσας
591 519 668 576 τήν
707 522 1027 564 Κωνσταντίνου
1074 524 1302 578 κατέλαβε,
1332 523 1404 564 καί
1431 523 1610 578 προσδε-

167 586 290 638 χθεὶς
329 587 547 636 α’σπασίως
585 590 645 645 τῷ
684 585 962 642 αὐτοκράτορι
994 587 1207 642 Μανουὴλ
1246 586 1376 643 ἄλλης
1404 604 1448 630 τε
1490 591 1610 645 φιλο-

171 647 383 706 φροσύνης
409 649 466 701 ὥς
493 654 684 707 πλείστης
708 653 984 707 ηὕμοίρησεν,
1016 652 1120 694 α’λλά
1146 651 1197 708 δὴ
1217 656 1291 695 καί
1309 656 1489 708 Μαρίαν
1517 651 1612 708 ἔγη-

169 730 224 767 με
261 713 334 771 viv
371 715 524 759 τούτου
574 717 781 771 α’νεψιάν,
835 716 886 773 ἢν
936 716 959 759 ὅ
998 718 1338 774 σεβαστοκράτωρ
1383 717 1614 775 ἐφύτευσεν

168 781 384 831 Ἰσαάκιος.
437 781 543 836 μετὰ
584 783 724 838 βραχύ
758 786 805 825 δὲ
849 783 922 826 καί
948 783 971 825 ὅ
1003 801 1085 827 των
1113 787 1308 841 α’δελφῶν
1332 787 1471 840 τρίτος
1498 788 1614 827 Βλα-

115 859 161 886 10
174 846 402 902 δισθλαβος
427 865 506 890 κατ
545 865 660 903 ιχνια
686 851 844 903 βαίνων
870 852 928 906 τῷ
955 850 1152 908 Στεφάνω
1180 867 1237 908 τῳ
1219 849 1458 905 ”Μανουὴλ
1486 863 1652 904 προσ-Β

173 912 411 968 εχιόρησεν,
469 915 523 954 ου’
562 917 759 957 τοσοῦτον
786 916 922 966 Ἰατζᾶ
962 915 1196 971 καταγνοὺς
1223 916 1280 965 ὥς
1308 914 1368 970 μὴ
1396 916 1616 971 φιλοῦντος

174 973 272 1019 ὅσον
311 977 442 1033 εἰκός,
485 975 516 1035 ἢ
543 982 588 1032 ἐξ
626 979 784 1022 ἐκείνου
829 980 1058 1035 ἐπιβουλήν
1084 981 1304 1037 πτοηθείς,
1337 978 1434 1023 ὅσον
1464 982 1516 1037 τῇ
1542 979 1616 1022 τοῦ

174 1045 363 1100 ἀδελφοῦ
389 1043 608 1101 Στεφάνου
638 1044 756 1102 φήμῃ
781 1047 1022 1100 γοητευθεὶς
1047 1049 1122 1088 καί
1146 1046 1254 1101 πρὸς
1283 1043 1413 1088 αὐτὸν
1437 1044 1514 1100 τὴν
1541 1061 1616 1087 πο-

176 1110 295 1163 ρείαν
338 1110 592 1164 τεινάμενος.
660 1114 716 1168 τῷ
747 1125 811 1152 τοι
855 1112 946 1152 οὐδ’
976 1109 1105 1160 αὐτὸς
1131 1113 1297 1163 ἐξέπεσε
1326 1113 1408 1154 τῶν
1438 1110 1617 1154 ἐλπίδων

117 1171 204 1229 ιόἧ
234 1172 411 1226 ἀναξίως
443 1178 520 1218 τοῦ
545 1175 688 1231 γένους
714 1177 771 1233 τῷ
798 1179 970 1230 βασιλεῖ
993 1179 1317 1232 προσείληπται,
1345 1174 1450 1219 α’λλοὶ
1478 1173 1614 1217 πάντα

175 1239 213 1282 οἱ
240 1240 459 1297 ἀπηντήκει
489 1241 592 1284 nard
621 1241 787 1287 σκοπόν.
821 1245 895 1285 καί
917 1248 1095 1296 γυναῖκα
1124 1244 1172 1285 δὲ
1201 1241 1255 1298 ἢν
1282 1242 1483 1298 ἠβούλετο
1513 1242 1619 1296 ἄγα-

174 1308 346 1360 γέσθαι,
375 1307 447 1349 καί
483 1307 641 1363 ταύτην
670 1309 716 1350 ἐκ
745 1307 960 1361 βασιλείου
987 1305 1040 1350 ἂν
1085 1305 1237 1364 ἔγημεν
1263 1310 1456 1362 αἳματος.
1513 1308 1618 1350 ἀλλὰ

174 1371 311 1425 γάμου
332 1374 410 1426 μὲν
428 1374 659 1428 α’πέσχετο,
691 1375 760 1416 ἵνα
789 1372 849 1429 μὴ
878 1377 950 1429 τῆς
980 1375 1023 1424 ἐς
1050 1375 1232 1430 πατρίδα
1261 1373 1492 1428 λαθόμενος
1515 1375 1620 1417 ἐπα-

175 1435 301 1479 νόδου
331 1437 383 1481 ‘toi
417 1437 522 1481 οἴκοι
549 1441 805 1518 διαφθεροΐ,
833 1441 891 1496 τῷ
920 1442 1036 1498 λωτῷ
1063 1442 1139 1495 τῆς
1164 1439 1358 1495 γυναικὸς
1386 1439 1620 1495 προσηλού-

116 1514 311 1553 2ομενος.
366 1505 458 1546 ἀλλ’
483 1499 551 1546 οἷα
578 1503 629 1547 τὰ
661 1507 732 1547 ἐπὶ
762 1504 947 1558 τούτοις,·
974 1509 1151 1564 τελευτᾷ
1178 1506 1200 1546 ὃ
1232 1508 1316 1548 τῶν
1346 1500 1517 1549 Ουννων
1540 1503 1659 1560 ρήξῦ

174 1568 355 1623 Ἰατζᾶς,
384 1571 456 1611 καὶ
493 1569 515 1611 ὅ
549 1573 732 1619 θάνατος
756 1568 930 1626 ἥμερος,
971 1573 1046 1626 τῆς
1074 1568 1241 1627 φύσεως
1267 1569 1292 1612 ὃ
1321 1572 1488 1613 ἐνέτεινε
1516 1570 1620 1626 βάρ-

179 1638 294 1688 βιτον
338 1633 667 1690 ὑποχαλασάσης
706 1639 781 1691 τῆς
819 1637 1023 1691 αρμονίας
1068 1653 1138 1679 και
1172 1636 1432 1691 διαλυσάσης
1460 1635 1618 1691 πρόςα

181 1702 254 1742 καί
279 1702 323 1751 ἐξ
353 1716 412 1741 ων
441 1703 722 1746 συντέθειται.
792 1701 820 1756 ἦ
850 1703 887 1743 δ’
917 1700 1030 1756 α’ρχῆ
1073 1704 1145 1744 ἐπὶ
1169 1700 1240 1744 τὸν
1267 1703 1426 1743 ἐκείνου
1455 1703 1623 1754 διαβαί-

181 1781 243 1807 νει
270 1766 401 1806 παῖδα
443 1763 515 1807 τὸν
545 1768 776 1821 Στέφανον.
847 1766 872 1807 o‘
906 1769 952 1808 δὲ
989 1766 1190 1819 βασιλεύς
1218 1767 1274 1816 ὥς
1306 1769 1350 1808 ἐκ
1383 1766 1500 1822 ῥίζης
1527 1765 1622 1807 οἶνο-

119 1829 306 1884 αόμοίου
347 1832 454 1886 φυέν
489 1846 527 1872 τι
568 1831 785 1874 κάλλιστον
824 1830 872 1873 τὸ
901 1831 1066 1886 γεγονὸς
1111 1830 1388 1888 ἡγησάμενος,
1417 1834 1490 1874 καί
1517 1829 1622 1872 κατὰ

281 1947 332 1971 ιο.
359 1935 551 1984 Μανουὴλ]
575 1937 722 1981 βασιλεῖ
747 1938 785 1970 Α.
915 1938 963 1972 ι6.
987 1936 1158 1982 βούλοιτο
1185 1938 1223 1970 Α.

182 2033 230 2065 tis
252 2032 366 2075 gratia
405 2030 581 2076 quaedam
616 2031 880 2076 praemittenda
919 2037 1012 2065 sunt.
1073 2033 1286 2065 Hunnorum
1326 2032 1494 2076 princeps
1526 2032 1623 2064 Iazas

183 2079 274 2111 duos
299 2079 425 2112 fratres
446 2078 594 2118 hahuit,
621 2080 843 2123 Stephanum
874 2085 910 2112 et
928 2079 1238 2120 Bladisthlabum,
1263 2078 1491 2123 totitlemque
1516 2078 1622 2118 filios,

183 2125 404 2170 Stephanum
428 2130 465 2158 et
489 2125 622 2158 Belam.
672 2124 876 2170 Stephanus
913 2126 1056 2159 evitatis
1083 2126 1227 2159 insidiis
1251 2135 1345 2170 quae
1369 2136 1388 2157 a
1416 2125 1526 2157 fratre
1551 2124 1623 2157 sibi

182 2172 424 2217 parabantur,
454 2172 595 2216 Cpolim
628 2172 811 2215 profectus
850 2178 888 2205 et
926 2184 946 2204 a
969 2173 1139 2205 Manuele
1175 2173 1391 2215 imperatore
1419 2171 1626 2204 humaniter

183 2224 392 2264 susceptus,
417 2224 560 2263 praeter
582 2218 654 2250 alia
678 2219 833 2263 piurima
856 2219 1058 2258 beneficia,
1087 2219 1193 2251 etiam
1219 2218 1370 2250 Mariam
1393 2228 1541 2250 uxorem
1566 2228 1626 2249 ae-

185 2266 301 2309 cepit,
326 2265 551 2309 imperatoris
574 2271 740 2308 neptem,
768 2266 903 2297 Isaacio
932 2265 1224 2297 Sebastocratore
1248 2270 1381 2298 natam.
1406 2264 1515 2309 paulo
1543 2268 1628 2308 post

185 2312 277 2344 alter
305 2322 451 2356 quoque
480 2311 590 2344 frater
613 2310 880 2344 Bladisthlabus
913 2310 1134 2356 Stephanum
1159 2311 1321 2344 imitatus
1345 2310 1392 2343 ad
1419 2310 1627 2344 Manuelem

185 2369 223 2391 se
249 2358 425 2397 contulit,
451 2368 525 2389 non
556 2363 629 2390 tam
654 2357 754 2402 quod
782 2369 802 2390 a
829 2358 938 2390 fratre
970 2358 1089 2391 minus
1113 2369 1220 2402 quam
1243 2369 1308 2402 par
1330 2362 1425 2390 esset
1447 2362 1628 2390 amaretur

187 2410 250 2438 aut
272 2403 422 2437 iusidias
453 2404 616 2444 timeret,
642 2415 748 2448 quam
782 2404 875 2437 fama
902 2414 1020 2437 rerum
1044 2404 1279 2438 secundarum
1305 2404 1425 2437 fratris
1449 2402 1626 2447 Stephani

186 2451 371 2495 impulsus.
395 2461 514 2494 neque
538 2461 622 2483 vero
646 2461 708 2494 spe
733 2462 796 2483 sua
819 2451 1010 2484 frustratus
1036 2456 1113 2492 est,
1137 2457 1200 2484 aut
1225 2452 1332 2484 aliter
1355 2450 1401 2483 ab
1430 2450 1629 2504 imperato-

188 2507 225 2529 re
250 2502 436 2542 euisceptus
459 2508 566 2541 quam
591 2507 701 2541 genus
727 2498 804 2529 eius
831 2497 1002 2538 decebat,
1028 2497 1091 2531 sed
1119 2498 1239 2530 omnia
1267 2509 1310 2530 ex
1338 2497 1518 2530 sententia
1541 2506 1627 2528 con-

188 2543 284 2575 fecit.
309 2555 349 2575 ac
374 2554 521 2576 uxorem
562 2554 669 2588 quam
697 2544 826 2583 vellet,
857 2544 915 2576 vel
941 2555 984 2576 ex
1007 2545 1239 2588 imperatoria
1263 2545 1398 2588 stirpe,
1430 2543 1560 2575 ducere
1592 2540 1627 2573 ei

189 2589 361 2622 licuisset
389 2600 512 2622 verum
536 2590 703 2634 coniugio
728 2590 930 2630 abstinuit,
962 2601 1008 2624 ne
1032 2591 1133 2623 illius
1158 2590 1348 2623 blanditiis
1376 2590 1536 2622 irretitus
1561 2597 1628 2620 ne-

189 2635 306 2678 glecto
342 2635 460 2668 reditu
484 2636 523 2669 in
550 2636 704 2680 patriam
729 2636 835 2670 rebus
870 2636 944 2675 suh
967 2637 1086 2670 minus
1114 2638 1327 2670 consuleret.
1353 2635 1416 2669 sed
1441 2633 1530 2678 quid
1556 2633 1625 2666 fit?

189 2682 402 2714 Hunnorum
435 2683 509 2725 regi
538 2683 639 2715 Iazae
674 2682 816 2727 placida
855 2688 970 2716 morte
1005 2683 1176 2717 defuncto
1209 2682 1414 2735 Stephanus
1451 2681 1548 2714 filius
1588 2679 1627 2712 in

191 2727 395 2772 principatu
419 2728 588 2762 succedit.
620 2735 656 2763 at
682 2729 876 2775 imperator
903 2741 946 2763 eo
970 2740 1053 2763 casu
1080 2729 1301 2781 delectatus,
1326 2728 1489 2774 initaque
1516 2725 1626 2760 ratio-
