1838 3210
474 209 544 248 m:
581 205 841 249 MANUELE
878 206 1144 249 COMNENO
1183 208 1281 249 Lm.
1310 209 1401 250 vn.
1539 187 1646 262 267

206 323 275 361 zo,
303 304 467 363 Q‘adec
497 306 748 362 ἐκπερατῶν.
806 306 893 348 τισί
916 309 1055 349 τοίνυν
1092 308 1138 350 ἐκ
1165 305 1318 350 τούτων
1345 303 1477 357 οὕτως
1506 304 1650 360 εὕρόει

204 372 256 415 τά
285 371 392 415 κατὰ
419 374 559 426 βίοτον
574 370 633 421 ὥς
660 374 860 427 σωρείαις
876 371 1109 427 χρημάτων
1132 374 1453 428 ἐνευθηνεῖσθαι
1472 372 1546 414 καί
1562 378 1649 423 τοΐς

202 437 311 482 κατά
341 436 497 492 κόσμον
520 438 626 480 πᾶσι
665 441 960 493 περιρρεῖσθαι
991 442 1200 493 λαμπροῖς
1226 436 1301 480 ἴσα
1329 437 1403 480 καί
1428 440 1687 492 μεγιστᾶσιΒ

201 502 405 560 μεγίστων
447 504 583 545 ἐθνῶν
594 535 607 556 ,
650 502 887 545 καὶταῦτα
926 505 1122 552 παιδείας
1166 503 1332 559 ἁπάσης
1358 502 1650 559 ἐστερημένοις

165 569 275 613 snae*
303 571 446 627 φωνῆς
475 569 711 623 Ἑλληνίδος
751 567 804 610 τά
832 567 931 624 ἴχνη
959 570 1293 621 μεταδιώκουσιν
1320 567 1377 619 (ὃς
1406 570 1451 611 αἱ
1478 571 1655 612 σκοπιαί

199 651 248 678 τε
286 637 360 679 καί
387 634 432 677 αἱ
467 634 616 690 πέτραι
662 633 768 688 πρὸς
793 631 847 675 τὰ
884 636 968 675 τῶν
1001 636 1210 687 ποιμένων
1245 634 1472 691 αὐλήματα
1501 633 1549 677 τὸ
1578 637 1651 691 τῆς

196 700 331 757 η’χοῧς
358 698 668 756 ὖστερόφωνον.
725 698 830 740 κάπί
854 699 1015 748 τούτοις
1046 699 1103 748 ὥς
1129 700 1389 751 πιστοτάτοις
1415 702 1550 742 αὐτοῦ
1576 702 1652 742 κατ’

195 770 374 822 θερμοῖς
409 763 648 821 θεράπουσι
686 762 871 818 μάλιστα
912 763 1127 815 πεποιθώς
1159 767 1212 807 ου’
1236 765 1361 819 μόνον
1402 766 1544 815 αὐτοῖς
1570 765 1649 816 τάς

193 831 393 887 μεγίστας
429 829 569 885 α’ρχάς
607 830 851 885 ἐγχειρίζει,
877 826 983 872 ἀλλὰ
1013 830 1087 873 καί
1127 832 1314 886 κρίσεσιν
1341 833 1495 888 ἐφίστα
1530 834 1645 874 δικα·

132 915 182 941 ιο
195 902 356 947 στικαῖς
378 892 436 939 ὧν
463 893 546 950 ὄψὲ
562 898 636 938 καί
660 899 920 950 νομοτριβεῖς
947 892 1096 954 ἄνδρες
1121 898 1332 953 ἐφίκοιντο
1362 893 1430 940 ἄν.
1489 900 1647 953 δεῆσαν

193 964 242 1006 δὲ
269 966 343 1007 καί
364 965 446 1005 τῶν
476 964 692 1017 ἐπαρχιῶν
726 960 846 1011 τινας
882 959 1214 1020 α’πογράφεσθαι
1243 965 1381 1018 (τοῦτο
1408 965 1457 1006 δὲ
1484 961 1643 1017 συχνά-

190 1045 255 1080 κις
283 1027 457 1085 ἐγίνετο)
489 1027 512 1069 ὅ
539 1027 703 1071 τοιόσδε
729 1026 856 1084 χορὸς
877 1030 954 1070 τοῦ
978 1029 1151 1082 λογιζιιου
1181 1032 1467 1083 προυτίθεντο.
1524 1033 1566 1072 εἰ
1596 1032 1643 1073 δέ

191 1110 275 1137 που
306 1093 379 1137 καὶ
403 1091 710 1151 παρεζεύγνυτό
730 1109 793 1143 τις
820 1095 966 1143 αὐτοῖς
992 1091 1164 1149 εὐγενής
1185 1094 1391 1148 Ῥωμαῖος
1419 1096 1537 1151 α’νὴρ,
1563 1094 1642 1149 βά-

190 1177 305 1203 πτων
338 1157 433 1211 ὅλος
460 1162 522 1209 εἰς
545 1162 644 1202 νοῦν
674 1161 748 1201 καί
774 1161 914 1214 γέμων
941 1156 1207 1216 φρονήσεως,
1236 1161 1341 1202 κατὰ
1368 1161 1493 1203 τοῦτο
1522 1165 1640 1213 ’ξυνε-

130 1227 177 1270 15
190 1228 369 1280 πέμπετο
380 1257 394 1280 ,
439 1221 552 1274 ὅπως
590 1224 614 1267 ὅ
639 1227 718 1279 μὲν
756 1224 1017 1282 α’πογράφων
1052 1223 1171 1268 ἔσται
1200 1225 1274 1268 καὶ
1299 1226 1540 1269 τολυπεὺων
1565 1226 1641 1278 τάς

186 1289 413 1341 ὑποθέσεις
440 1292 485 1342 ἐξ
512 1286 572 1333 ὧν
599 1286 779 1347 ἤμελλον
808 1289 848 1332 οῖ
879 1288 1008 1347 φόροι
1030 1288 1302 1346 συνάγεσθαι,
1332 1291 1353 1333 ὃ
1384 1294 1430 1335 δὲ
1459 1290 1516 1342 ὥς
1544 1300 1679 1349 κερ-0

187 1359 459 1412 δοσυλλέκτης
477 1355 722 1414 προεδρεύει
739 1358 813 1399 καί
829 1356 883 1398 τά
901 1356 1122 1414 φασκώλια
1140 1360 1342 1414 σφραγῖδι
1365 1360 1637 1414 διασημαίνε-

184 1440 255 1467 ται
285 1420 317 1467 ἃ
337 1419 523 1481 >ἤμελλον
551 1424 832 1481 εἰσφέρεσθαι
857 1426 1034 1478 βασιλεῖ’.
1070 1423 1122 1466 τά
1154 1428 1326 1483 πλεῖστα
1353 1427 1495 1478 μέντοι
1533 1423 1639 1481 πρὸς

183 1492 422 1534 τούναντίον
445 1491 557 1548 αὐτῷ
584 1489 834 1546 περιίστατο,
864 1490 937 1533 καί
960 1491 1136 1547 η’θέτητό
1162 1489 1202 1533 οἱ
1228 1492 1424 1534 ἐντεῦθεν
1440 1490 1491 1533 τά
1513 1493 1640 1545 σκέμ-

119 1574 173 1601 ao
183 1574 313 1612 ματα·
339 1556 576 1611 Ῥωμαίους
595 1555 678 1613 γάρ
702 1554 759 1606 ὥς
782 1555 1091 1610 κλεμματιστὰς
1114 1554 1403 1613 ἐκτρεπόμενος
1422 1556 1505 1600 εἴτε
1533 1555 1638 1599 ὑπο-

182 1619 448 1677 βλεπόμενος,
465 1620 690 1665 ἐλάνθανεν
703 1620 853 1665 ἑαυτὸν
874 1623 1244 1679 ἐρασιχρημάτους
1269 1622 1450 1677 ὀλβίζων
1476 1624 1638 1679 βαρβά-

184 1704 287 1744 ρους
317 1690 392 1731 καί
406 1684 459 1730 εὖ
473 1691 603 1731 ποιῶν
625 1689 836 1744 α’νδράρια
855 1688 1163 1742 κακοδαίμονα,
1192 1688 1266 1731 καί
1281 1690 1358 1731 τοῦ
1380 1688 1486 1731 κατά
1504 1687 1637 1746 φύσιν

182 1753 258 1796 καί
269 1755 466 1797 παιδείαν
480 1755 667 1810 χρηστοῦ
680 1753 754 1796 καὶ
778 1755 933 1795 πιστοῦ
946 1752 1052 1810 πρὸς
1067 1752 1145 1808 τὴν
1163 1755 1445 1810 α’ντικειμένην
1472 1753 1639 1810 γνώμην

185 1818 284 1871 τοὺς
309 1820 513 1871 ἐνδαποὺς
541 1822 778 1873 καθισταῖν,
806 1820 899 1861 ἐπεὶ
925 1818 999 1861 καί
1021 1817 1067 1862 τὸ
1095 1821 1156 1869 εἰς
1184 1819 1340 1869 αὐτούς
1367 1818 1636 1874 καχύποπτον

278 1936 331 1977 14.
360 1929 450 1967 ὅλον
473 1933 514 1966 Α.
616 1943 666 1978 ¹7·
690 1933 755 1967 καὶ
777 1929 820 1967 td
847 1930 983 1979 φασκ]
1015 1932 1079 1966 καὶ
1103 1929 1288 1976 ἐβούλωνε
1316 1930 1361 1966 τὰ
1387 1933 1572 1968 σακούλια
1597 1934 1634 1967 Β.

273 1978 550 2026 διασημήνηται
572 1980 614 2013 A.

181 2086 474 2115 ornamentorum
492 2087 664 2128 tanquam
690 2082 925 2115 maximarum
950 2081 1111 2127 gentium
1134 2091 1300 2126 proceres
1326 2082 1632 2124 circumfluerent,

181 2129 295 2174 idque
335 2135 415 2162 ‘cum
449 2130 566 2163 omnis
601 2128 818 2162 eruditionis
863 2133 1028 2174 expertes
1050 2128 1196 2172 linguae
1221 2128 1381 2162 Graecae
1403 2130 1555 2175 vestigia
1579 2131 1632 2164 ita

179 2180 485 2222 persequerentur
519 2181 561 2210 ut
585 2176 752 2221 speculae
792 2181 830 2209 et
866 2187 972 2220 rupes
1011 2180 1210 2208 extremum
1240 2186 1369 2209 sonum
1392 2177 1633 2221 pastoralium

179 2223 414 2256 canticorum.
438 2223 494 2256 his
518 2224 691 2268 tanquam
715 2222 1042 2256 observantissimis
1063 2227 1100 2255 et
1122 2221 1344 2256 fidelissimis
1360 2224 1535 2258 ministris
1557 2236 1633 2259 non

179 2269 290 2303 modo
314 2281 471 2303 summos
498 2271 726 2314 magistratus
761 2268 953 2310 tradebat,
978 2268 1044 2302 sed
1069 2280 1135 2314 pro
1165 2268 1342 2302 tribunali
1366 2271 1455 2304 iuris
1480 2270 1631 2304 dicundi

179 2316 403 2362 provinciam
430 2317 469 2350 in
493 2318 608 2350 causis
635 2316 876 2357 difficillimis,
913 2326 1007 2361 quae
1034 2316 1093 2349 vel
1117 2316 1346 2360 peritissimis
1375 2317 1494 2362 legum
1520 2329 1632 2362 nego-

180 2364 272 2397 tium
306 2364 543 2406 facesserent,
580 2363 796 2409 assignabat.
822 2375 902 2396 cum
927 2363 1051 2408 aliqua
1074 2363 1261 2407 provincia
1286 2363 1526 2398 describenda
1553 2370 1633 2399 erat

180 2409 236 2456 (id
262 2415 382 2444 autem
409 2411 522 2445 fiebat
546 2412 728 2458 saepius),
763 2410 971 2444 istiusmodi
996 2415 1122 2442 coetus
1146 2409 1300 2443 eruditis
1325 2411 1630 2457 praeponebatur.

209 2456 314 2490 uodsi
354 2457 499 2502 quando
536 2458 672 2491 nobilis
707 2457 840 2503 aliquis
868 2458 1048 2490 Romanus
1073 2457 1124 2489 eis
1148 2455 1437 2502 adiungzffiatur,
1461 2459 1517 2492 vir
1542 2469 1631 2503 pru—

209 2513 272 2536 ens
296 2508 334 2537 et
357 2503 547 2546 cordatus,
581 2506 610 2538 is
639 2516 680 2538 ea
706 2504 751 2537 de
777 2515 883 2537 causa
907 2503 1123 2538 mittebatur
1149 2508 1192 2536 ut
1214 2503 1470 2549 descriptionis
1495 2516 1628 2538 munus

181 2548 303 2583 obiret
325 2556 558 2596 caeterosque
581 2551 725 2585 labores
752 2550 946 2595 colligendi
972 2549 1102 2584 tributi
1126 2551 1341 2584 sustineret:
1365 2551 1540 2585 barbarus
1566 2561 1630 2583 ve-

183 2606 223 2628 ro
251 2598 440 2640 pecuniam
467 2599 680 2643 accipiebat,
708 2604 744 2632 et
768 2609 889 2631 saccos
915 2596 1195 2642 obsignatosad
1222 2597 1476 2642 imperatorem
1502 2596 1629 2630 mitte-

181 2641 256 2674 bat.
301 2642 365 2676 sed
390 2644 564 2690 pleraque
591 2651 715 2679 contra
753 2645 972 2679 eveniebant
998 2654 1106 2689 quam
1131 2643 1302 2688 sperabat
1325 2645 1400 2677 ille.
1429 2655 1512 2677 nam
1540 2642 1627 2676 dum

180 2689 358 2732 Romanos
395 2692 584 2734 peculatus
621 2694 807 2738 suspectos
842 2691 1017 2730 cavebat,
1055 2701 1129 2722 non
1158 2690 1412 2724 animadvertit
1438 2700 1476 2723 se
1501 2700 1627 2724 avaros

179 2734 354 2769 barbaros
390 2735 613 2782 locupletare
644 2744 682 2772 et
706 2739 965 2771 homunciones
1001 2736 1165 2769 infelices
1190 2736 1321 2777 beare,
1346 2742 1456 2781 atque
1478 2735 1625 2771 interim

180 2782 359 2823 Romanos
393 2793 414 2818 a
439 2794 476 2818 se
511 2784 690 2828 alienare,
719 2790 761 2820 ut
784 2784 870 2820 fidei
895 2791 933 2819 et
966 2789 1095 2818 natura
1119 2782 1251 2818 insitae
1279 2787 1316 2818 et
1340 2782 1504 2818 doctrina
1527 2794 1625 2820 com-
