1838 3210
410 175 481 214 m:
521 174 778 215 MANUELE
818 164 1082 215 COMNENO
1122 175 1219 214 Lm.
1262 175 1297 214 ι.
1510 173 1575 227 9¹

140 270 360 321 σκευάζετο
379 302 391 323 ‚
442 273 514 312 καί
543 273 619 312 τοῦ
647 271 957 324 ἀκροβολισμοῦ
981 269 1168 326 εἴχοντο,
1198 270 1242 315 εἴ
1262 287 1358 314 ποτε
1390 270 1586 325 προυχώ-

139 349 242 388 ρουν
269 336 305 376 οὶ
330 333 484 379 Ἰταλοὶ
513 335 616 379 κατὰ
649 333 721 378 τὸν
763 335 972 388 ποταμόν·
1034 335 1099 381 ὅτε
1127 338 1201 380 καί
1227 338 1303 387 τοὶς
1330 336 1467 388 τάξεις
1493 338 1586 378 ἑπι-

140 402 305 454 παρίων
346 399 367 442 ὃ
406 401 486 457 ῥὴξ
527 405 600 443 καί
632 400 912 456 παρακλήσεις
957 409 1042 453 τοῖς
1084 407 1303 460 σφετέροις
1339 401 1586 456 ποιούμενος

138 466 278 508 τοιάδε
307 465 498 523 ἔφασκεν.
553 464 645 520 „Su
670 468 774 519 μέν,
818 461 854 507 αἶ
881 471 1212 524 συστρατιῶται,
1249 469 1272 524 ἢ
1298 467 1478 525 ἡμετέρα
1507 467 1589 510 αὗ-

101 536 190 587 5τη
234 535 391 587 κίνησις
432 532 504 575 διὰ
544 532 756 587 Χριστόν,
798 535 871 574 καῖ
899 531 956 583 ὥς
985 533 1188 588 εἱλόμεθα
1216 534 1290 591 τὴν
1317 537 1591 591 προκειμένη,

137 596 196 652 μή
227 597 300 653 τήν
328 599 372 649 ἔξ
411 599 644 653 ἀνθρώπων
688 599 782 640 ἀλλ’
812 601 856 640 ἑκ
886 601 992 640 θεοῦ
1024 599 1151 650 δόξαν
1178 598 1446 656 θηρώμενοι,
1473 599 1589 655 ἴσησι

138 661 349 719 δήπουθεν
385 666 458 706 καί
500 663 620 716 ὑμῶν
656 661 769 712 ἅπας
807 666 983 720 σαφῶς,
1019 667 1107 715 πῶς
1145 664 1223 721 γὰρ
1258 662 1336 718 οὕς
1365 668 1410 708 οἳ
1434 667 1587 709 τούτου

135 730 254 771 ἕνεκα
281 735 368 779 τοῖς
391 732 472 782 μὲν
498 730 565 770 ἐπ’
592 727 708 771 οἴκου
738 729 985 772 ἑνευπαθεῖν
1011 729 1295 784 ἀπειπάμεθα,
1323 734 1398 773 καί
1418 733 1503 774 τῶν
1530 731 1589 774 οἰ-

136 795 257 836 κείων
283 792 456 844 ἑκόντως
484 795 782 848 α’πεξενῶμεθα
801 827 814 849 ,
843 796 918 838 καί
947 794 1020 838 διὰ
1047 798 1120 851 τῆς
1151 797 1233 850 οὐχ
1259 796 1478 852 ἡμεδαπῆς
1506 814 1588 839 πα·

78 857 376 914 ιοροδεύοντες
413 863 589 914 θλιίμεσι
624 863 986 916 προσομιλοῦμεν,
1029 860 1233 912 κινδύνοις
1260 862 1626 917 παραβαλλόμε-Β

135 927 194 966 θα
213 957 226 979 ,
256 928 362 983 λιμῷ
387 925 598 981 τηκόμεθα
616 959 630 980 ,
659 924 777 981 κρύει
793 925 1067 982 πηγνύμεθα,
1092 931 1305 986 θαλπωρῇ
1331 927 1587 981 ἐκλυόμεθα,

134 993 336 1048 κλιντῆρα
363 990 527 1046 ἔχοντες
569 991 645 1047 τήν
674 996 773 1047 γῆν,
804 995 951 1048 στέγην
976 992 1047 1035 τὸν
1078 991 1288 1050 ου’ρανόν,
1317 992 1355 1036 οἱ
1385 993 1591 1048 εὐγενεῖς,

135 1055 172 1099 οἱ
199 1058 471 1113 ειῖπάρυφοι,
507 1057 543 1100 οἱ
578 1060 651 1101 ἐπὶ
677 1059 798 1113 δόξης
829 1060 902 1100 καί
938 1059 1145 1111 πλούτου,
1168 1060 1240 1101 καί
1268 1061 1430 1101 πολλῶν
1453 1060 1590 1101 ἐθνῶν

133 1120 405 1179 κυριεύοντες,
423 1123 501 1173 τὰς
528 1125 576 1165 δὲ
595 1124 820 1177 πολεμικὰς
837 1124 992 1174 σκευὰς
1009 1126 1052 1173 ἐς
1070 1123 1141 1166 cisi
1154 1126 1428 1179 περικείμεθα
1445 1122 1585 1181 ῶσπερ

74 1189 315 1231 ιόοἷκοϋσια
359 1191 521 1243 δεσμά,
561 1189 636 1232 καὶ
667 1191 875 1243 κάμνομεν
916 1190 1049 1240 affui,-
1089 1191 1307 1245 ἀνέχοντες
1343 1187 1403 1240 οἷς
1444 1189 1468 1232 ὅ
1504 1192 1588 1233 τῶν

133 1253 304 1296 ὀπαδῶν
330 1257 523 1311 Χριστοῦ
549 1258 743 1310 μέγιστος
761 1259 929 1311 Πέτρος
958 1255 1088 1298 πάλαι
1117 1255 1295 1298 ἁλύσεσι
1323 1258 1483 1306 διτταῖς
1508 1272 1585 1298 κα·

133 1318 413 1374 κουχούμενος
440 1322 512 1363 καί
535 1324 735 1377 τέσσαρσι
756 1324 1026 1377 στρατιωτῶν
1051 1324 1289 1377 τετραδίοις
1317 1319 1586 1378 φρουρούμε-

131 1401 214 1435 νος.
273 1382 337 1428 ὅτι
367 1387 414 1429 δὲ
442 1388 516 1429 καί
543 1385 581 1429 οἱ
609 1385 666 1437 ὥς
693 1388 739 1429 ἐν
765 1390 1004 1446 μεταιχμίῳ
1033 1389 1092 1445 τῷ
1108 1388 1288 1444 πορθμῷ
1315 1387 1449 1444 τούτῳ
1479 1387 1585 1429 ‹iuo-

131 1450 387 1506 διιστάμενοι
437 1453 558 1508 ἡμῶν
602 1451 812 1509 βάρβαροι
848 1453 1003 1509 ἐχθροί
1035 1455 1120 1496 εἶσι
1156 1453 1235 1495 τοῦ
1275 1452 1466 1508 σταυροῦ
1506 1454 1600 1494 τοῦ“

67 1532 119 1558 20
130 1519 350 1573 Χριστοῦ,
377 1515 439 1569 οἷς
465 1516 597 1561 πάλαι
615 1516 726 1577 νόμῳ
756 1521 938 1572 πολέμου
966 1522 1199 1573 συμβαλεῖν
1228 1515 1484 1573 ἔγλιχόμεθα
1512 1517 1587 1561 καί

129 1576 187 1624 ὧν
203 1588 289 1633 τοῖς
304 1585 456 1638 αἵμασι
473 1586 700 1635 δαυιδικῶς
719 1581 1060 1640 ὲπηγγελλόμεθα
1085 1583 1309 1637 νίψασθαι,
1339 1579 1439 1626 οὐδὲ
1458 1585 1581 1626 τοῦτο

226 1711 253 1732 ι.
280 1697 583 1748 ἀκροβολισμοῦ]
613 1700 870 1747 α’κροβολίζειν
899 1703 938 1734 Α.
1055 1701 1089 1734 6.
1118 1698 1238 1746 tamn]
1270 1700 1349 1732 ἴστε
1373 1699 1411 1731 Α.
1542 1700 1575 1732 8.

219 1750 299 1784 τοῖς
328 1747 412 1795 μὲν]
446 1746 736 1794 α’πεξενώθημεν
764 1749 839 1780 tritu
868 1745 1059 1788 ὀσπητίων
1093 1745 1200 1792 ἡμῶν
1233 1745 1268 1778 Β.
1413 1757 1448 1789 9.
1471 1743 1579 1777 ἐκου-

220 1795 310 1829 σίως
331 1795 369 1826 A.
512 1793 584 1837 οὐχ
610 1793 818 1841 ἡμεδαπῆς]
862 1793 931 1826 οὐκ
956 1793 1121 1834 ἐνδαπῆς
1144 1794 1181 1826 Α.
1293 1802 1346 1825 ια.
1377 1790 1575 1837 κλιντῆρα]

219 1840 419 1883 κρεββιίτια
443 1841 480 1872 Β.
626 1840 787 1886 ἔχοντες]
821 1840 961 1885 ἔχομεν
999 1840 1038 1872 Α.
1175 1841 1225 1874 ι6.
1254 1837 1388 1884 πάλαι]
1423 1830 1465 1870 ’ιό
1503 1847 1575 1870 πα-

220 1884 329 1920 λαιὸν
352 1887 390 1918 Α.
491 1897 538 1929 ¹7-
573 1888 673 1920 τέσσ.
709 1886 818 1933 τετρ]
856 1885 1056 1920 ἑκκαίδεκα
1081 1885 1118 1918 Β.
1212 1894 1268 1917 ιιι.
1295 1886 1486 1928 νίψασθαι
1509 1882 1576 1921 uic

221 1938 351 1979 χεῖρας
375 1933 480 1978 ἡμῶν
506 1933 541 1965 B.

128 2041 165 2073 in
191 2040 268 2085 ripa
303 2039 509 2084 dispositis,
540 2045 576 2073 et
602 2041 766 2085 equitatu
804 2045 846 2072 ut
868 2040 984 2072 visum
1005 2044 1083 2071 erat
1106 2037 1274 2071 ordinato
1289 2062 1299 2078 ‚
1322 2048 1402 2070 cum
1425 2037 1510 2070 Itali
1534 2039 1574 2072 iu

127 2087 205 2131 ripa
229 2086 565 2131 progrediebantur,
597 2097 752 2131 pugnam
779 2087 927 2119 ciebant
950 2086 1099 2118 eminus.
1123 2095 1186 2117 rex
1208 2095 1293 2117 vero
1315 2083 1431 2117 aciem
1445 2083 1574 2118 obiens

126 2134 261 2166 milites
277 2132 348 2166 boc
363 2133 470 2167 modo
497 2133 705 2167 cohortatus
732 2137 796 2166 est.
817 2131 1113 2177 „expeditionem
1136 2131 1230 2164 hanc
1253 2142 1274 2164 a
1291 2130 1398 2164 nobis
1425 2136 1576 2176 propter

127 2179 328 2221 Christum,
367 2185 406 2214 et
430 2180 593 2221 divinae,
627 2191 702 2214 non
723 2180 902 2213 humanae
926 2179 1063 2223 gloriae
1090 2177 1272 2223 parandae
1299 2188 1426 2219 causa,
1451 2189 1574 2211 susce·

125 2231 226 2271 ptam
261 2237 339 2260 esse
374 2227 474 2261 scitis
516 2227 663 2272 utique,
696 2226 972 2259 commilitones.
1010 2225 1077 2258 hac
1109 2225 1207 2258 enim
1233 2223 1278 2257 de
1301 2235 1427 2266 causa,
1451 2230 1574 2269 spreta

126 2272 225 2306 domi
261 2272 420 2306 iucunda
453 2274 550 2314 vita,
582 2273 678 2306 ultro
710 2284 730 2306 a
754 2272 968 2318 propinquis
1002 2271 1134 2306 nostris
1159 2271 1315 2304 seiuncti
1342 2281 1407 2315 per
1434 2270 1574 2304 alienas

126 2319 290 2363 regiones
313 2331 500 2354 aerumnas
524 2320 741 2360 toleramus,
766 2319 938 2364 periculis
963 2319 1194 2363 exponimur,
1212 2318 1307 2350 same
1330 2317 1573 2359 tabescimus,

124 2365 256 2410 frigore
282 2365 486 2408 horremus,
510 2372 612 2400 aestu
641 2363 834 2408 solvimur3
858 2364 979 2400 cubile
1002 2370 1133 2398 terram
1147 2389 1157 2406 ,
1180 2370 1316 2398 tectum
1342 2363 1481 2397 caelum
1505 2364 1573 2397 ha-

125 2411 274 2455 bemus;
300 2413 461 2458 quamvis
494 2413 661 2455 nobiles,
696 2413 876 2454 illustres,
910 2412 1049 2454 incliti,
1077 2411 1231 2452 divites,
1256 2410 1381 2444 multis
1403 2410 1572 2458 gentibus

125 2458 360 2503 imperantes,
395 2459 559 2494 thoraces
593 2471 733 2504 semper
764 2465 936 2504 tanquam
967 2459 1112 2491 vincula
1148 2458 1350 2492 necessaria
1372 2462 1572 2501 gestamus,

125 2504 245 2550 iisque
269 2506 472 2549 fatigamur,
497 2506 800 2552 quemadmodum
825 2506 1001 2539 maximus
1025 2505 1158 2538 Christi
1185 2515 1306 2538 servus
1330 2504 1455 2537 Petrus
1481 2503 1572 2536 dua-

124 2550 194 2583 hus
218 2553 352 2593 catenis
377 2564 567 2598 oppressus
596 2559 634 2586 et
655 2559 812 2598 quatuor
840 2553 998 2586 militum
1021 2551 1323 2596 quaternionibus
1356 2550 1571 2584 custoditus.

127 2596 299 2631 barbaros
323 2604 465 2641 autem,
490 2600 555 2645 qui
581 2599 730 2633 flumine
756 2611 776 2632 a
800 2599 908 2633 nobis
933 2598 1164 2639 dividuntur,
1189 2598 1303 2631 crucis
1331 2596 1466 2630 Christi
1493 2606 1571 2629 esse

128 2643 272 2685 hostes,
296 2655 386 2689 quos
410 2646 510 2679 bello
532 2645 677 2691 aggredi
701 2647 788 2680 olim
816 2646 1038 2691 cupivimus,
1063 2646 1103 2679 in
1126 2655 1280 2691 quorum
1307 2643 1480 2687 sanguine
1495 2667 1506 2682 ,
1531 2647 1575 2676 ut

128 2688 246 2723 David
270 2689 454 2735 loquitur,
491 2703 556 2726 nos
591 2693 731 2727 loturos
757 2704 834 2726 esse
857 2693 1107 2737 promisimus,
1132 2691 1214 2738 quis
1239 2696 1295 2724 est
1344 2689 1382 2722 ui
1406 2688 1569 2726 nesciat,

127 2736 197 2769 nisi
236 2736 342 2780 plane
373 2743 494 2772 vecors
534 2750 600 2773 nec
633 2740 766 2785 apertis
804 2739 917 2772 oculis
944 2738 1067 2773 videre
1092 2749 1159 2772 nec
1187 2737 1327 2784 patenti
1356 2746 1396 2768 us
1423 2733 1568 2770 auribus
