1878 3230
330 165 401 205 DE
441 161 638 203 ALEXIO
679 160 873 204 lsAAcn
913 161 1111 204 ANGELI
1154 163 1236 204 FR‘.
1262 165 1362 205 LIB.
1390 166 1463 205 111.
1533 166 1635 219 701

200 266 276 306 τοῦ
302 264 506 316 βασιλέως
547 259 794 317 ἀφίσταται.
851 263 1016 319 πολέμῳ
1053 263 1101 304 δὲ
1147 260 1342 318 ἡττηθεὶς
1386 264 1459 305 καί
1497 263 1643 319 φυγών

200 331 260 387 τῷ
290 328 581 383 “Ρουκρατίνῳ
627 325 908 381 προσρύεται,
952 330 1025 369 καί
1066 329 1125 385 τῷ
1162 331 1240 370 τοῦ
1280 332 1486 383 βασιλέως
1527 331 1644 382 μίσει

201 393 482 447 προσδεχθείς
510 392 797 445 ἀσμενέστατα
813 425 826 445 ,
881 394 1104 447 στρατείαν
1132 395 1177 444 ἔξ
1215 396 1372 436 ἐκείνου
1397 395 1644 449 δεχόμενος,

199 459 280 510 τοὶς
309 456 617 512 ΙΠαιανδρικὰς
657 456 798 506 πόλεις
841 457 1108 511 πολυτρόπως
1152 459 1331 513 ἐσίνετο,
1371 464 1528 515 χείρων
1559 462 1644 503 τῶν

1553 525 1575 538 ΊΙ

162 525 452 581 5ιίλλοφύλων
493 522 566 564 καὶ
597 524 858 577 νηλεέστερος
898 521 1154 578 ἀνδροφόνος
1195 525 1472 578 δεικνύμενος.
1529 541 1566 568 ει
1601 536 1686 570 un

198 593 300 644 γοῦν
339 590 586 632 αἰτιώτατον
624 590 704 628 τοῦ
738 586 814 641 τὴν
835 587 1065 640 (Ρωμαίων
1110 588 1247 643 α’ρχὴν
1284 592 1328 639 ἐς
1369 590 1470 644 γόνυ
1518 608 1645 635 κατα-

201 661 344 698 πεσεῖν
370 654 444 696 καί
471 669 625 708 χωρων
651 668 721 693 και
750 650 911 694 πόλεων
936 653 1161 706 χειρώσεις
1195 658 1372 708 παθεῖν,
1411 674 1568 699 υστατα
1597 659 1645 699 δὲ

199 722 276 762 καί
303 718 442 774 αιῗτὴν
468 719 800 770 ἐξαπολωλέναι,
841 718 966 759 τοῦτο
996 716 1037 759 οἱ
1069 720 1116 760 ἔκ
1152 721 1387 774 Κομνηνῶν
1427 723 1646 776 γεγόνασιν

199 783 484 842 ἀφιστάμενοι
510 800 582 826 και
608 784 921 837 βασιλειωντες·
977 782 1093 838 παρὰ
1130 784 1211 840 γὰρ
1243 783 1387 828 ε’θνεσι
1415 788 1647 831 καταλύοι-

138 867 264 902 ιοτες
287 849 348 905 μὴ
378 851 504 930 φίλια
525 846 753 902 Ῥωμαίοις
781 850 928 891 νοοῦσι
955 849 1030 903 τῆς
1059 851 1257 904 πατρίδος
1282 846 1393 906 ἦσαν
1419 852 1645 906 πανώλεια,

198 917 346 995 καίπερ
376 918 422 958 ἐν
447 916 504 972 τῷ
528 917 631 970 παρ’
670 913 773 968 ἡμῖν
804 916 946 967 μένειν
972 913 1215 967 πράγμασιν
1244 915 1503 972 ἐγχειρήσειν
1538 915 1648 960 ελεῖν

195 997 242 1024 τε
270 998 339 1024 και
367 980 589 1036 κρατήσειν
617 979 1003 1035 ἅνεπιτηδειότατοι
1035 995 1151 1030 οντες
1178 997 1249 1024 και
1282 979 1448 1026 πάντων
1475 982 1647 1039 α’χρειό-

195 1062 316 1090 τατοι
342 1064 412 1089 και
440 1043 694 1091 σκαιότατοι.

307 1112 392 1157 Διά
421 1114 468 1155 δὲ
494 1110 571 1167 τὴν
596 1115 675 1154 τοῦ
704 1110 886 1165 Μιχαὴλ
913 1113 1151 1167 νεωτέρισιν
1180 1112 1278 1168 περὶ
1292 1115 1407 1168 μῆνα
1435 1115 1508 1156 τὸν
1537 1119 1646 1172 φυλ-

138 1178 345 1233 ι5λοχόον
370 1177 524 1229 ἔξεισιν
555 1179 615 1227 εἰς
652 1177 708 1220 ἕω
739 1179 943 1230 Ἀλέξιος,
975 1175 1256 1235 ὑποστρέφων
1292 1181 1330 1220 δ’
1371 1181 1532 1223 ἐκεῖθεν
1563 1199 1646 1223 πα-

195 1246 414 1300 ρενέβαλεν
441 1245 501 1293 εἰς
527 1241 578 1285 τοὶ
610 1242 790 1295 Πύθια,
825 1249 914 1293 τοῖς
952 1247 1126 1299 θερμοῖς
1165 1244 1433 1299 ἐννηξόμενος
1470 1244 1642 1290 ὕδασιν.

195 1307 253 1358 ὥς
273 1310 309 1350 δ’
339 1306 433 1359 ἅλις
462 1305 551 1363 εἶχε
578 1307 792 1364 λουτήρων
819 1310 891 1350 καὶ
915 1307 1151 1364 κρατήρων,
1179 1310 1257 1366 ε’ρᾷ
1276 1312 1351 1352 καί
1378 1313 1643 1366 μακροτέρου

193 1372 346 1423 πλοὸς·
402 1373 743 1430 διημφισβήτουν
772 1373 852 1429 γὰρ
883 1375 995 1430 παρὰ
1032 1376 1137 1431 τῷδε
1164 1378 1224 1433 τῷ
1262 1371 1409 1418 ἄνακτι
1452 1377 1524 1420 καί
1561 1379 1641 1421 α’νιὶ
1657 1390 1688 1424 P.
1707 1393 1777 1438 33¹²

192 1443 322 1495 μέρος
347 1441 544 1496 ἐκράτουν
573 1439 618 1482 αἱ
642 1438 815 1494 ἐπίγειοι
843 1440 917 1482 καί
943 1441 1102 1483 ἐνάλιοι
1126 1440 1322 1495 χάριτες,
1344 1441 1418 1484 καί
1443 1444 1642 1499 λαμπρὰν

130 1524 182 1551 20
196 1507 421 1549 α’νεδοῦντο
447 1507 523 1562 τὴν
559 1509 690 1560 νίκην.
744 1508 824 1560 νῆα
861 1505 1001 1549 τοίνυν
1043 1504 1185 1549 εἰσιών
1231 1506 1486 1563 στρατηγίδα
1531 1510 1636 1550 εϋθύ

285 1629 319 1666 5.
346 1630 419 1663 εἴτι
443 1630 541 1683 γοῦν
565 1628 686 1663 κακὸν
709 1629 763 1666 εἰς
786 1625 855 1671 τὴν
878 1628 953 1662 τῶν
978 1628 1159 1675 ρωμαίων
1185 1631 1384 1672 βασιλείαν
1416 1632 1547 1687 συνέβη
1574 1641 1638 1676 γε-

285 1677 422 1710 νέσθαι
447 1669 489 1709 τό
510 1675 608 1708 κιίτω
631 1675 763 1718 ταύτης
787 1676 915 1709 κλῖναι
939 1678 1001 1708 καὶ
1025 1681 1158 1710 πεσεῖν
1179 1678 1244 1709 καὶ
1268 1676 1399 1713 πόλεις
1423 1680 1484 1709 καὶ
1508 1678 1636 1723 χώρας

285 1721 528 1763 ἀπολέσθαι,
554 1721 714 1768 υστερον
739 1721 780 1756 δὲ
806 1724 870 1755 καὶ
897 1720 1016 1764 αὐτην
1038 1734 1109 1764 την
1132 1723 1326 1765 βασιλείαν
1350 1722 1635 1778 ἄφαιρεθῆναι,

284 1770 398 1803 roszo
423 1769 462 1802 οἱ
498 1770 683 1815 κομνηνοὶ
710 1767 871 1824 ἄγγελοι
893 1769 1079 1810 ἐποίησαν
1109 1769 1409 1812 βασιλεύσαντες·
1444 1775 1523 1807 τοῖς
1555 1766 1634 1816 yde

283 1815 561 1858 πλησιάζουσιν
589 1816 719 1850 ἔθνεσι
748 1813 800 1861 μὴ
830 1826 923 1848 κατα
957 1811 998 1849 τὸ
1036 1817 1187 1859 πρέπον
1221 1815 1352 1853 αὐτοῖς
1390 1816 1635 1861 ἐνεργοῦντες

282 1864 346 1903 τῆς
370 1861 496 1897 αὐτων
517 1862 701 1917 πατρίδος
718 1861 986 1918 ὄλοθρευτῆρες
1008 1862 1199 1906 ἐγένοντο,
1226 1865 1291 1896 καὶ
1313 1865 1431 1896 ταῦτα
1454 1866 1634 1903 ἐξουσίαν

283 1909 432 1952 ἔχοντες
459 1907 557 1953 πρὸς
580 1920 620 1942 το
649 1914 778 1943 ποιεῖν
799 1907 844 1942 τὰ
882 1910 946 1951 τῆς
974 1909 1163 1952 βασιλείας
1186 1907 1308 1963 αξια,
1344 1909 1453 1944 αὐτοὶ
1492 1909 1534 1944 δὲ
1567 1913 1632 1944 καὶ

285 1954 542 1998 ἀνεπιτήδειοι
566 1957 630 1988 καὶ
660 1955 811 2000 α’χρεῖοι
834 1957 898 1988 καὶ
923 1955 1213 2002 κακογναίμονες
1237 1949 1335 2002 πρὸς
1366 1954 1433 1998 τήν
1468 1958 1532 1999 τῆς
1565 1960 1631 2002 βα-

283 2003 426 2040 σιλείας
451 2003 679 2048 οἰκονομίαν
702 2002 910 2048 ἐφάνησαν.
933 2002 957 2034 Β

190 2115 279 2148 ficit:
305 2114 368 2147 sed
393 2113 528 2159 praelio
553 2114 666 2147 victus
692 2119 730 2147 et
755 2114 895 2158 fugatus
920 2113 965 2146 ad
991 2113 1218 2147 Rucratinum
1251 2125 1288 2147 se
1321 2113 1471 2148 confert,
1502 2126 1523 2147 a
1555 2126 1627 2160 quo

190 2161 413 2206 imperatoris
442 2159 526 2193 odio
550 2160 776 2206 cupidissime
802 2166 1005 2205 susceptus,
1032 2166 1252 2205 acceptoque
1280 2162 1456 2202 exercitu,
1481 2162 1629 2195 Maean-

190 2207 304 2240 dricas
328 2207 433 2240 urbes
458 2207 561 2240 variis
587 2207 710 2251 affligit
733 2206 861 2248 modis,
883 2206 1044 2240 barbaris
1068 2207 1154 2252 ipsis
1182 2207 1373 2240 crudelior.
1400 2207 1528 2253 quodsi
1549 2209 1630 2242 ulla

190 2255 391 2298 gravissima
419 2265 523 2287 causa
547 2254 631 2294 fuit,
658 2265 719 2286 eur
743 2255 938 2286 Romanum
963 2254 1149 2298 imperium
1175 2253 1428 2287 labefactatum
1453 2254 1559 2288 urbes
1574 2261 1629 2288 at-

190 2311 260 2346 que
285 2301 483 2346 provincias
508 2301 666 2334 amiserit
696 2306 733 2334 et
766 2301 882 2345 ipsum
914 2299 1070 2345 denique
1096 2301 1284 2341 corruerit,
1310 2300 1495 2334 Comnenii
1528 2302 1628 2346 regni

190 2347 385 2392 cupiditate
411 2347 456 2380 ad
480 2347 600 2380 hostes
627 2346 828 2380 deficiendo
854 2358 930 2380 eam
959 2346 1242 2392 suppeditarunt.
1266 2358 1348 2380 nam
1373 2359 1451 2380 cum
1476 2347 1522 2380 ad
1542 2360 1629 2392 gen-

191 2399 244 2426 tes
269 2395 430 2427 Romanis
456 2395 614 2427 inimicas
640 2395 889 2438 confugerent,
915 2394 1052 2439 patriae
1076 2394 1252 2439 pernicies
1280 2400 1392 2434 erant,
1426 2406 1629 2439 quanquam

192 2440 286 2484 apud
310 2452 374 2473 nos
399 2440 503 2474 rebus
529 2441 693 2486 gerendis
714 2447 751 2474 et
774 2440 1054 2474 administrando
1078 2441 1228 2486 imperio
1254 2441 1466 2486 ineptissimi
1493 2447 1530 2474 et
1554 2446 1629 2474 sto-

190 2486 362 2519 lidissimi.

283 2533 467 2566 Caeterum
496 2534 640 2567 Alexius
665 2533 856 2567 Novembri
889 2544 1010 2566 mense
1042 2538 1164 2566 contra
1188 2533 1399 2566 Michaelem
1435 2533 1473 2565 in
1498 2532 1627 2566 Orien-

190 2584 263 2611 tem
287 2579 465 2623 profectus
489 2580 528 2612 in
552 2580 670 2614 reditu
694 2580 740 2613 ad
766 2580 890 2623 Pythia
914 2586 1179 2613 castrametatus
1205 2586 1279 2620 est,
1304 2585 1345 2613 ut
1374 2578 1500 2611 calidis
1525 2580 1629 2623 aquis

191 2626 380 2663 innataret.
404 2625 542 2659 balneis
566 2633 603 2661 et
628 2627 823 2660 crateribus
849 2627 996 2660 satiatus
1024 2627 1222 2670 longiorem
1246 2626 1507 2669 navigationem
1532 2624 1628 2658 desi-

192 2671 337 2704 deravit.
362 2682 443 2704 nam
467 2673 505 2705 in
530 2673 604 2706 eius
628 2674 746 2707 animo
771 2674 992 2707 terrestrium
1019 2678 1056 2706 et
1079 2674 1294 2705 marinarum
1319 2672 1541 2716 voluptatum
1566 2683 1629 2705 cu-

190 2717 320 2763 piditas
346 2729 389 2752 ex
414 2728 529 2763 aequo
546 2720 743 2762 certabant,
769 2731 863 2755 nune
887 2719 942 2753 his
967 2731 1062 2754 nunc
1087 2719 1159 2752 illis
1177 2717 1412 2755 vincentibus.
1439 2728 1630 2754 conscensa
