1878 3230
477 242 549 283 DE
587 240 800 283 1sAAc1o
841 239 1059 282 Amano
1100 241 1199 282 mn.
1241 243 1295 282 ιι.
1509 221 1621 281 535

185 337 411 393 εὖςνεθῆναι
438 344 525 387 τοῖς
554 339 748 394 ζητοῦσιν
775 337 1029 393 γλιχόμενοι.
1086 339 1234 382 οὐκοῦν
1262 339 1299 382 οἶ
1325 341 1402 392 μὲν
1423 340 1496 383 τόν
1514 342 1625 384 ἐκεῖ·

183 407 232 444 θι
263 403 393 458 λόφον
423 404 851 457 ὑποκαταβαίνοντες,
890 403 938 453 ὃς
973 406 1072 460 περὶ
1115 405 1163 447 τό
1210 403 1416 462 φρούριον
1455 408 1623 463 ἐξῇρτιιι

183 468 254 511 τὸν
278 467 549 525 Προυσηνόν,
577 467 615 511 οἱ
644 471 680 511 δ’
711 469 904 524 ἡμέτεροι
943 470 1128 520 ἀνιόντες
1153 474 1409 526 προσέμιξαν
1431 471 1626 527 α’λλήλοις

185 535 397 590 α’δόκητοι.
454 536 547 577 ἐπεὶ
572 536 619 576 δὲ
646 533 719 576 καί
744 536 1050 587 συμπλακέντες
1083 537 1312 589 ἐμάχοντο,
1343 537 1382 578 οἱ
1406 539 1485 590 μὲν
1501 538 1624 581 Ἀλα-

147 601 253 642 sm*
288 599 556 655 ἐξηγούμενον
583 599 722 642 αὐτῶν
750 599 911 652 ἔχοντες
936 600 1008 642 τὸν
1036 603 1112 643 τοῦ
1141 598 1331 654 Ἀλεξίου
1355 604 1504 657 Βρανᾶ
1527 602 1666 651 υὶόνο

181 664 254 707 τόν
284 665 507 721 Θεόδωρον
536 667 692 719 μικροῦ
719 664 865 707 ἔπεσον
903 664 1055 715 πάντες
1100 666 1157 716 ὥς
1186 668 1308 720 μόνοι
1350 670 1422 710 καί
1465 670 1756 723 πρῶτοιν.ηι5

180 729 468 785 μαχεσάμενοι
504 735 590 779 τοῖς
625 727 902 783 Ἀλαμανοῖς,
954 730 992 772 οἱ
1034 733 1081 773 δὲ
1103 729 1304 785 Ῥωμαῖοι
1347 734 1624 789 ἐδραπέτευον

179 793 467 851 προτροπάδην
495 794 567 837 καί
593 795 763 848 ἀκλεῶς,
793 798 902 850 μηδὲ
929 799 1130 852 καθαραῖς
1159 798 1366 851 ἐμβλέψαι
1396 805 1484 848 τοῖς
1507 801 1623 843 ἐναν-

178 863 283 910 τίοις
309 860 609 916 ὖπενεγκόντες.
669 863 743 903 καί
773 861 902 911 αὐτὸς
929 863 975 904 δὲ
1002 861 1023 903 ό
1050 863 1382 919 πρωτοστράτωρ
1412 866 1466 909 δι’
1495 862 1623 922 ἄλλης

122 923 280 969 1οὸδοῦ
307 922 639 982 ἆνακεχωρηκώς
668 922 850 983 ἄφαντος
892 923 944 982 ἦν
983 929 1029 970 ἐκ
1069 930 1195 970 τοῦδε
1238 926 1336 984 ἡμῖν
1379 932 1440 979 εἰς
1481 930 1623 986 τρίτην

176 991 362 1047 ἡμέραν,
390 990 663 1047 τρισάσμενος
689 995 735 1035 δὲ
763 993 841 1042 τὰς
867 999 1015 1049 χεῖρας
1043 995 1126 1035 τῶν
1153 996 1361 1048 πολεμίων
1384 996 1622 1052 διεκφυγαὶν

174 1056 299 1110 μόλις
325 1058 614 1111 ἕπανέζευξεν,
643 1058 700 1108 ὥς
727 1060 771 1101 ἐκ
798 1061 966 1115 μακροῦ
994 1060 1203 1114 πελάγους
1230 1061 1291 1110 εἰς
1316 1062 1463 1113 λιμένα
1491 1060 1623 1103 κατά-ο

177 1138 277 1176 ρας,
306 1120 369 1164 ἔτι
395 1122 470 1177 τήν
500 1121 637 1177 ἅλμην
669 1122 895 1166 α’ποπτύων
931 1126 1006 1166 τοῦ
1043 1128 1267 1179 μαχισμοῦ
1305 1127 1380 1168 καί
1414 1132 1499 1176 τοῖς
1539 1127 1624 1169 aiut

177 1190 319 1243 φέρων
352 1188 553 1239 ἐναύλους
579 1187 656 1238 τὰς
685 1188 753 1230 ἐπὶ
785 1191 844 1245 τῷ
875 1188 1005 1231 αὐτὸν
1037 1187 1196 1231 ἁλῶναι
1233 1193 1483 1246 προϊεμὲνας
1523 1193 1620 1233 δια..

118 1255 321 1309 ι5τόρους
358 1251 504 1310 φωνιὶς
534 1256 618 1296 τῶν
642 1254 906 1306 Ἀλαμανῶν.
960 1254 1108 1297 πολλοί
1131 1256 1178 1298 δὲ
1218 1255 1292 1298 καὶ
1335 1253 1506 1298 ἄνοπλοι
1547 1260 1622 1300 καί

175 1314 346 1360 ἄνιπποι
377 1321 420 1368 ἐς
459 1317 506 1361 τὸ
545 1317 826 1374 στρατόπεδον
858 1320 1178 1376 ἐπανήλθοσαν,
1219 1325 1270 1379 τῇ
1309 1321 1501 1380 συντονίᾳ
1540 1324 1620 1364 τοῦ

175 1382 335 1437 δρόμου
363 1382 629 1440 λακησιέντων
657 1387 781 1440 σφίσι
809 1386 895 1428 τῶν
924 1381 1163 1441 ὀχημάτων.
1218 1386 1263 1429 τὸ
1295 1389 1332 1428 δ’
1370 1387 1452 1428 α’πὸ
1493 1389 1617 1430 τοῦδε

172 1452 367 1497 τοσοῦτον
394 1446 749 1504 ἇπεσχοινίσμεθα
778 1448 969 1506 ἀλλήλων
993 1452 1230 1505 Ἀλαμανοί
1253 1468 1299 1496 τε
1325 1453 1399 1495 καί
1414 1454 1616 1507 Ῥωμαῖοι
1628 1463 1739 1498 P.262

174 1515 233 1564 ὥς
264 1514 464 1565 σταδίους
492 1514 710 1558 διεστάναι
738 1519 904 1566 πλειόυς
939 1520 1022 1560 τῶν
1063 1516 1305 1574 ὲξὴκονταυ
1336 1519 1372 1560 οἷ
1414 1521 1492 1573 μὲν
1533 1518 1616 1575 γάρ

111 1599 162 1625 20
174 1578 237 1622 ἔτι
263 1582 316 1637 τῇ
346 1581 559 1622 Φιλίππου
587 1583 863 1635 προσέμενον,
911 1582 1030 1637 ἡμεῖς
1059 1586 1106 1626 δὲ
1132 1583 1231 1639 περὶ
1255 1583 1308 1626 τὰ
1345 1583 1503 1637 ἔσχατα
1542 1586 1619 1638 τῆς

169 1646 374 1701 Ἀχριδοῦ
404 1644 616 1700 γενόμενοι
649 1645 940 1701 ἧσυχάζομεν,
974 1651 1014 1690 εἰ
1044 1651 1285 1702 σωζοίμεθα
1316 1649 1444 1701 μόνον
1471 1650 1617 1701 ἑπιμε·

174 1709 351 1766 λόμενοι.
408 1711 512 1754 εἴπω
539 1713 587 1753 δέ
612 1728 651 1754 τι
683 1715 755 1754 καί
780 1713 936 1767 ἕτερον,
970 1716 1173 1770 κείροντες
1199 1714 1275 1770 τὴν
1305 1715 1417 1757 ἰδίαν
1444 1714 1495 1757 τὰ
1517 1720 1615 1758 σῖτα

270 1857 294 1879 ι.
324 1850 405 1891 post
430 1846 604 1888 ζητοῦσιν
630 1857 709 1879 cum
732 1847 757 1879 A
786 1848 891 1880 omisi
916 1839 1051 1884 αότοὺς
1074 1847 1287 1894 Ῥωμαίοις.
1338 1850 1370 1883 3.
1395 1849 1470 1882 τῶν
1493 1859 1614 1894 πρου-

263 1895 388 1934 σηναῖν
412 1894 451 1925 Α.
555 1905 585 1937 7.
607 1892 889 1940 μαχεσάμενοι]
916 1893 1254 1941 διαμιλλησάμενοι
1278 1897 1317 1928 Α.
1416 1905 1465 1928 ιο.
1489 1894 1614 1940 ἄᾳαν-

262 1940 335 1986 τος]
369 1938 415 1984 ιῖᾳ
427 1940 609 1983 ανέρωτος
634 1942 674 1974 Α.
773 1952 822 1973 ιι.
848 1933 1052 1997 διαιρξιγῶν
1075 1942 1117 1975 Α.
1192 1942 1241 1985 ι4.
1267 1940 1466 1986 διατόρους
1491 1953 1548 1974 om
1572 1942 1613 1975 A.

269 1991 319 2028 ¹7.
351 1987 587 2019 λακισιίντων
610 1986 649 2018 Α.
675 1983 717 2019 τά
759 1985 876 2030 ἄλογα
910 1990 1035 2022 annau
1067 1988 1343 2027 πλαντάξαντες
1377 1989 1412 2021 B.
1560 1999 1613 2033 ¹9·

262 2033 351 2065 ώσεὶ
377 2033 489 2078 μίλια
513 2032 601 2066 δέκα
627 2032 663 2067 Β.
757 2032 946 2080 σταδίους]
977 2038 1111 2079 σημεῖα
1134 2033 1167 2069 δ.
1192 2035 1308 2067 πλείω
1337 2035 1373 2068 Δ.

171 2146 448 2192 quaerebantur.
473 2147 581 2191 igitur
609 2157 686 2180 cum
717 2158 760 2179 ex
789 2158 830 2179 eo
860 2147 953 2179 colle
978 2147 1240 2188 descenderent
1268 2148 1330 2193 qui
1355 2149 1458 2181 iuxta
1484 2149 1611 2182 Pruse-

171 2206 255 2226 uum
280 2194 466 2226 castellum
491 2194 642 2234 eminet,
668 2193 782 2226 nostri
809 2204 892 2226 vero
925 2194 1184 2235 ascenderent,
1217 2205 1262 2227 ex
1296 2195 1491 2238 improviso
1524 2206 1610 2228 con-

172 2245 370 2273 currerunt.
402 2245 443 2273 ut
466 2239 512 2272 ad
538 2252 634 2272 arma
658 2246 803 2273 ventum
842 2245 919 2280 est,
947 2241 1051 2273 Alani
1086 2240 1280 2274 Theodoro
1315 2241 1435 2274 Alexii
1472 2242 1610 2275 Branao

171 2286 247 2318 filio
268 2286 359 2319 duce
383 2278 457 2319 sere
483 2298 605 2319 omnes
631 2286 857 2328 ceciderunt,
883 2287 1018 2332 quippe
1047 2288 1110 2332 qui
1131 2288 1237 2333 primi
1262 2292 1301 2320 et
1328 2287 1396 2320 soli
1422 2299 1501 2320 cum
1524 2288 1609 2322 Ale-

170 2334 310 2365 mannis
340 2339 550 2378 pugnarent.
575 2334 731 2366 Romani‘
748 2344 831 2366 vero
858 2334 1047 2379 praecipiti
1075 2340 1111 2367 et
1134 2335 1232 2379 turpi
1257 2334 1362 2378 fugae
1387 2345 1424 2366 se
1458 2335 1608 2368 manda-

170 2377 276 2419 bant,
299 2380 358 2412 vix
392 2386 537 2424 aspectu
574 2380 733 2413 hostium
770 2380 950 2422 tolerato3
990 2386 1027 2414 et
1059 2381 1137 2425 ipse
1170 2386 1410 2425 protostrator
1443 2380 1514 2418 alia
1549 2382 1609 2415 via

171 2425 312 2469 elapsus
338 2437 358 2458 a
384 2426 490 2459 nobis
514 2427 551 2459 iu
582 2427 728 2460 tertium
761 2437 874 2471 usque
899 2426 995 2460 diem
1019 2427 1117 2461 visus
1152 2438 1226 2460 non
1263 2433 1340 2468 est,
1374 2432 1411 2459 et
1440 2427 1609 2460 manibus

172 2470 327 2504 hostium
352 2470 583 2517 cupidissime
610 2474 770 2511 evitatis,
794 2474 853 2506 vix
875 2478 1050 2518 tanquam
1074 2485 1117 2507 ex
1143 2474 1251 2518 longo
1278 2473 1368 2507 mari
1393 2473 1521 2506 salsam
1546 2485 1607 2506 ve-

171 2516 240 2548 luti
264 2527 391 2562 aquam
416 2519 534 2553 adhuc
549 2530 724 2563 expuens,
747 2520 786 2552 iu
807 2525 948 2564 portum
973 2525 1179 2564 pervectus,
1204 2520 1326 2561 rediit,
1350 2519 1508 2552 confusis
1525 2520 1606 2552 Ale-
1649 2530 1658 2535 ⁸

170 2574 382 2597 mannorum
406 2565 553 2599 vocibus
584 2566 629 2598 de
657 2577 700 2599 eo
728 2566 902 2611 capiendo
931 2565 1048 2600 adhuc
1072 2575 1176 2601 aures
1208 2568 1286 2600 eius
1314 2565 1605 2611 personantibus⁴

171 2609 276 2642 multi
304 2620 448 2654 quoque
472 2612 550 2644 sine
578 2613 706 2652 armis,
735 2613 812 2645 sine
838 2613 940 2657 equis
971 2613 1011 2647 in
1043 2619 1158 2647 castra
1183 2613 1390 2651 redierunt,
1420 2611 1540 2643 fractis
1567 2612 1606 2645 in

171 2656 237 2688 illa
263 2667 383 2688 cursus
408 2659 638 2691 contentione
662 2658 849 2694 vehiculis.
877 2670 920 2692 ex
948 2671 990 2692 eo
1017 2665 1156 2694 tantum
1182 2661 1226 2692 ab
1253 2657 1458 2692 Alemannis
1483 2657 1606 2690 seiun-

172 2702 219 2734 cti
245 2713 388 2741 smnus,
414 2708 455 2735 ut
479 2704 570 2736 ultra
599 2705 657 2737 Lx
681 2705 798 2737 stadia
824 2705 1080 2739 recederemus.
1105 2717 1186 2739 nam
1212 2705 1267 2737 illi
1300 2705 1346 2736 ad
1370 2702 1604 2749 Philippopo-

171 2748 234 2780 lim
263 2748 542 2792 permanebant,
568 2761 632 2781 nos
661 2751 752 2782 circa
785 2753 1026 2785 extremitates
1050 2751 1195 2785 Achridi
1229 2748 1523 2794 quiescebamus,
1558 2749 1607 2782 de

171 2794 243 2829 vita
272 2793 446 2828 duntaxat
469 2795 708 2829 conservanda
737 2796 906 2829 solliciti:
942 2798 1012 2830 imo
1040 2803 1075 2831 et
1100 2804 1257 2831 nostram.
1292 2794 1511 2841 provinciam
1536 2806 1602 2841 po„
