1838 3210
457 177 529 218 DE
568 175 822 221 MANUELE
861 178 1123 225 commo
1166 184 1261 225 Lm.
1290 181 1380 226 vu.
1533 169 1640 241 275

197 269 304 316 ἆλλὰ
344 275 417 317 και
454 281 788 334 κατηχητηρίους
829 276 954 324 ωδινε
995 282 1165 338 λόγους,
1194 301 1268 335 ους
1295 301 1401 342 φασι
1429 289 1641 338 esistunt,

197 342 270 381 καί
299 356 358 388 εις
386 356 475 382 ron
478 359 527 396 ην
558 342 812 387 α’νέπτυο-σεν
834 346 982 425 ἱοῖκοήν,
1013 349 1099 406 ὁδῷ
1127 351 1172 392 δὲ
1202 350 1360 406 προίών
1385 369 1454 396 και
1485 352 1643 407 δογμά-

195 421 281 446 των
309 403 458 461 ἥπτετο
487 411 616 451 θείων
645 427 714 452 και
744 411 844 466 περὶ
867 416 973 454 θεοῦ
1016 417 1236 469 διελέγετο.
1289 415 1439 470 α’μέλει
1467 421 1542 461 καὶ
1567 435 1643 460 κα-

196 469 612 527 τασχηματιζόμενος
651 475 852 526 πολλάκις
893 477 968 520 τὸν
997 481 1236 534 ἅπορουνια
1263 482 1475 538 γραφικᾶς
1502 486 1642 539 εἰσῆγε

160 537 408 592 5ζητήσεις,
453 541 526 581 καί
551 543 650 595 περὶ
686 544 770 583 τῶν
795 542 958 587 λύσεων
984 560 1159 588 τουτωνι
1189 547 1491 591 διεπυνθάνετο
1519 553 1643 601 ξυνα-

193 603 344 658 γείρων
384 619 482 646 οσον
517 604 662 661 ἔχαιρε
702 605 923 685 λογιότητι.
1001 612 1091 653 ἀλλ’
1120 628 1171 666 ην
1211 609 1264 654 ἀν
1303 615 1538 663 έπαινετέος
1565 610 1644 657 κᾶν

194 669 383 723 τούτοις,
427 685 463 711 ει
508 672 637 725 μέχρι
679 670 838 715 τούτων
873 673 947 729 τὴν
973 676 1160 729 λιχνείαν
1197 679 1386 720 ἐκτείνων
1410 686 1496 728 τοῖς
1523 682 1642 723 dwe-

195 734 355 795 φίκτοις
382 737 470 776 οὐδ’
502 733 609 784 ὁ’1ως
654 741 904 792 προσέβαινε
936 739 1001 794 do)
1005 758 1167 795 μασιν,
1205 740 1233 797 ἢ
1261 761 1328 785 και
1357 744 1520 794 τούτοις
1545 748 1638 802 έφι-
1651 759 1676 791 Β

193 797 356 842 στάνων
396 800 469 843 τὸν
497 805 598 844 νοῦν
627 803 703 844 οῦκ
742 797 795 857 ἦν
820 806 1170 861 ισχυρογνώμων,
1201 805 1300 851 οῦδὲ
1328 809 1402 852 τὸν
1428 812 1527 852 νοῦν
1554 815 1640 855 τῶν

136 868 468 922 ιογραφομένων
494 866 600 922 πρὸς
627 866 703 923 τὴν
731 870 887 911 οἰκείαν
912 875 1132 924 μεθεῐὶαιεν
1158 875 1203 914 ἐν
1230 879 1394 924 ποὶλοῖς
1422 876 1639 930 πρύθεσιι,

193 930 348 1011 ὄριζων
373 949 442 975 και
469 932 741 989 προσεπάγων
778 935 988 991 ἐξηγήσεις
1022 940 1067 980 ἐν
1095 935 1156 989 οἷς
1185 938 1288 994 πρὸς
1317 937 1449 996 ὄρθην
1477 940 1641 984 ἔννοιαν

193 997 232 1041 οἶ
263 1001 438 1055 πατέρες
467 1000 752 1081 ἒφθέγξαντρ,
792 1001 850 1050 ὥς
878 1002 992 1058 είπερ
1033 1000 1132 1046 ολον
1158 1005 1288 1048 αὐτὸν
1314 1009 1541 1063 συνείληφε
1565 1011 1639 1050 τόν

192 1062 382 1120 Χριστὸν
403 1081 473 1107 και
494 1065 568 1107 ὑπ’
584 1067 718 1108 αὐτοῦ
731 1083 944 1122 μεμυηται
962 1066 1012 1110 τά
1030 1085 1124 1124 περι
1144 1071 1277 1112 αυτοῦ
1299 1070 1553 1126 τρανότερον
1569 1089 1640 1113 και

191 1128 420 1186 θειότερον.
490 1130 700 1207 ζητήσεως
733 1129 808 1174 οὖν
846 1136 1069 1189 γενομένης
1094 1151 1187 1190 περι
1224 1139 1301 1177 τοῦ
1327 1141 1540 1193 γραφικοῦ
1567 1154 1639 1194 ρη

134 1197 265 1242 ιότοῦ
290 1194 318 1237 ὃ’
344 1213 448 1252 φησι
493 1195 563 1239 τὸν
589 1200 909 1251 σεσαρκωμένον
936 1198 1038 1240 θεὸν
1066 1202 1320 1257 προσφέρειν
1359 1217 1405 1243 τε
1433 1201 1545 1255 ὁμοῦ
1570 1203 1643 1245 καί

188 1262 534 1318 προσφέρεσθαι,
575 1279 645 1304 και
689 1280 772 1305 των
814 1262 909 1306 τότε
946 1264 1097 1319 λογίων
1139 1267 1308 1322 α’νὸρῶν
1346 1268 1405 1316 εις
1449 1269 1642 1318 έιαντίας

186 1330 340 1383 μοίρας
370 1329 710 1383 ἀποκριθέντων,
738 1331 810 1387 ἐφ’
847 1329 990 1372 ἱκανὸν
1023 1331 1076 1373 τὰ
1107 1335 1180 1387 τῆς
1206 1332 1431 1384 ἐξετάσεως
1458 1332 1641 1389 παρετά-

187 1397 349 1450 θησαν,
379 1391 519 1450 ῥήσεις
539 1410 583 1437 τε
609 1397 683 1438 καί
709 1396 975 1452 ἀντιρρήσεις
1019 1398 1063 1448 ἐξ
1086 1393 1294 1454 ἑκατέρων
1314 1396 1534 1454 ἐχύθησαν
1559 1402 1642 1442 τῶν

186 1462 340 1516 μερῶν.
369 1459 728 1516 ὄρθοτομηθέντος
748 1464 795 1505 δὲ
814 1463 892 1504 τοῦ
907 1465 1186 1518 ζητουμένου,
1215 1465 1288 1506 καί
1313 1466 1365 1521 τῇ
1382 1465 1482 1522 δόξῃ
1512 1479 1641 1520 προσ-

127 1544 178 1570 20
189 1527 378 1577 τεθέντος
399 1529 477 1569 τοῦ
518 1529 728 1580 βασιλέως
766 1531 817 1585 τῇ
845 1532 1045 1584 θεοφιλεῖ
1066 1545 1109 1571 τε
1137 1531 1212 1571 καί
1239 1529 1462 1584 κρείττονι,
1490 1532 1642 1572 καθαί-

171 1608 304 1655 ρεσιν
324 1591 566 1648 ὑπέστησαν
593 1593 650 1643 ὥς
679 1593 927 1650 α’ντίφρονες
960 1593 981 1635 ὁ
1004 1593 1271 1651 ζΥιιοψὴςοιος
1301 1596 1373 1650 τῆς
1404 1594 1681 1646 &somniis-0

188 1673 272 1712 ως,
315 1659 496 1713 μεγάλης
521 1658 787 1713 Ἀντιοχείας
815 1658 1060 1714 Σωτήριχος
1086 1660 1109 1701 ὁ
1133 1659 1445 1714 Παντεύγενος,
1475 1660 1498 1701 ὅ
1521 1663 1640 1714 Δυρ-

189 1726 343 1780 ραχίου
369 1722 618 1778 Edoni-⁹103,
647 1723 670 1765 ὃ
700 1727 772 1780 τῆς
787 1727 1095 1781 Θεσσαλονίκης
1112 1724 1297 1781 ΖΠιχαῆλ
1323 1725 1397 1767 τόν
1424 1724 1640 1782 ῥητορικὸν

290 1835 328 1858 12
367 1824 406 1859 ol
427 1836 484 1857 om
508 1825 548 1858 A.
647 1826 699 1860 18.
724 1825 913 1870 ἐχέθησαν
938 1827 977 1858 Δ.

191 1905 367 1945 existant,
405 1916 512 1949 saepe
546 1906 653 1938 etiam
688 1905 944 1939 dissentientes
978 1907 1143 1939 multent.
1178 1905 1238 1938 hic
1266 1905 1412 1950 quidem
1443 1907 1638 1951 imperator

191 1957 318 1985 natura
357 1951 532 1984 facundus
562 1958 598 1985 et
626 1953 742 1985 suavis
772 1954 946 1986 sermonis
973 1954 1156 1985 affluentia
1185 1957 1332 1985 ornatus
1361 1964 1434 1985 non
1457 1954 1639 1997 elegantes

190 2004 330 2032 tantum
358 1998 529 2042 epistolas
555 1999 748 2039 scribebat,
775 1999 839 2032 sed
865 2005 901 2033 et
930 2000 1114 2044 religionis
1140 1999 1389 2032 institutiones
1413 2000 1640 2044 parturiebat

190 2056 231 2078 ac
246 2044 392 2091 publice
406 2044 643 2078 declamabat.
662 2046 809 2079 tandem
828 2047 936 2079 etiam
952 2046 997 2079 de
1013 2046 1145 2079 divinis
1162 2045 1390 2090 dogmatibus
1412 2051 1449 2079 et
1466 2047 1544 2091 ipso
1570 2046 1638 2079 deo

190 2091 400 2125 disserebat.
437 2103 545 2136 saepe
574 2093 680 2125 etiam
709 2092 976 2126 dubitationem
1004 2103 1090 2138 prae
1116 2103 1154 2126 se
1181 2093 1320 2133 serens,
1362 2093 1595 2137 quaestiones
1621 2102 1640 2125 e

189 2138 375 2183 scripturis
398 2138 647 2183 proponebat,
676 2149 872 2184 earumque
903 2141 1104 2173 solutiones
1133 2139 1287 2172 eruditis
1312 2139 1481 2173 omnibus
1507 2150 1640 2173 convo-

189 2186 278 2218 catis
308 2185 534 2230 requirebat,
565 2197 772 2231 quanquam
799 2187 836 2219 in
861 2186 918 2220 his
946 2187 1054 2220 etiam
1083 2185 1226 2219 laudari
1255 2187 1455 2230 potuisset,
1480 2185 1551 2219 nisi
1577 2197 1639 2219 cu-

190 2233 353 2266 riositate
380 2232 518 2276 ingenii
546 2243 604 2265 eas
626 2234 735 2266 etiam
760 2233 992 2278 quaestiones
1006 2234 1178 2278 agitasset
1201 2243 1294 2278 quae
1324 2233 1453 2277 attingi
1478 2244 1516 2273 se
1536 2233 1639 2266 nullo

189 2278 297 2312 modo
321 2280 520 2324 patiuntur,
544 2284 607 2313 aut
627 2279 754 2313 saltem
772 2280 903 2313 omissa
927 2281 1126 2325 pertinacia
1142 2279 1398 2324 scripturarum
1423 2280 1640 2313 sententiam

190 2326 229 2359 in
253 2325 375 2358 multis
410 2325 456 2358 ad
486 2336 585 2360 suam
626 2327 835 2371 opinionem
870 2327 972 2361 novis
1010 2326 1375 2371 interpretationibus
1399 2337 1473 2359 non
1501 2338 1642 2359 accom-

190 2373 382 2415 modasset,
411 2374 504 2407 veris
524 2373 832 2407 declarationibus
856 2379 1017 2407 veterum
1043 2373 1266 2418 repudiatis,
1292 2373 1396 2417 quasi
1423 2374 1500 2417 ipse
1524 2378 1641 2406 totum

191 2420 372 2454 Christum
398 2408 731 2466 comprehendisset
754 2427 792 2454 et
815 2420 860 2453 ab
885 2420 964 2466 ipso
983 2420 1027 2453 de
1044 2426 1172 2453 natura
1193 2420 1271 2452 eius
1300 2419 1496 2453 dilucidius
1522 2430 1562 2451 ac
1587 2418 1644 2451 di-

191 2467 311 2500 xinius
329 2468 478 2501 edoctus
505 2470 610 2501 esset.
636 2474 714 2501 orta
730 2468 839 2512 igitur
853 2467 1068 2512 quaestione
1094 2466 1140 2499 de
1165 2466 1230 2499 illo
1263 2465 1384 2507 dicto,
1410 2478 1483 2511 quo
1510 2466 1645 2498 dicitur

193 2513 416 2548 incarnatum
442 2515 549 2548 deum
573 2515 680 2548 simul
706 2494 764 2548 eto
770 2517 897 2547 offerre
923 2519 960 2547 et
983 2514 1115 2555 offerri,
1141 2518 1178 2546 et
1205 2512 1357 2546 eruditis
1385 2513 1481 2546 inter
1504 2524 1541 2546 se
1570 2512 1644 2544 ‹lis-

194 2560 457 2602 sentientibus,
488 2561 704 2606 disceptatio
731 2561 840 2605 longo
865 2566 1026 2606 tempore
1060 2566 1115 2594 est
1140 2565 1322 2600 extracta,
1348 2560 1473 2593 multis
1498 2565 1535 2592 et
1558 2569 1644 2590 eon-

194 2607 457 2640 sii-mationibus
487 2614 524 2643 et
562 2608 874 2641 confutationibus
908 2607 1080 2652 utrinque
1120 2607 1251 2639 allatis.
1276 2617 1398 2638 verum
1426 2607 1644 2650 imperatore

193 2653 277 2697 piae
318 2658 356 2686 et
395 2664 499 2687 verae
538 2655 738 2688 sententiae
762 2660 845 2699 post
868 2654 1038 2688 solertem
1075 2653 1340 2686 controversiae
1365 2652 1644 2697 explicationem

195 2711 363 2740 assensn,
389 2699 581 2734 adversarii
607 2701 686 2734 loco
715 2702 803 2734 moti
825 2706 908 2734 sunt
926 2706 973 2734 ut
1000 2711 1186 2745 perperam
1213 2700 1431 2739 sentientes,
1458 2698 1645 2741 Ilypopse-

195 2748 302 2791 phius
328 2745 638 2792 Theopolitanus.
665 2747 876 2781 Soterichus
894 2747 1142 2792 Panieugenus
1158 2744 1436 2785 Antiochenus,
1453 2743 1644 2788 Dyrrachi·
