1878 3230
254 157 290 223 4
303 176 319 210 ι
333 177 365 210 ο
657 171 882 212 NicETAE
919 171 1227 211 cnoNiA'rAE

211 274 416 330 Βρήματα
446 270 516 313 καὶ
540 271 751 323 βδέλυγμα
783 270 926 308 τοῦτον
959 266 1221 320 ἀναγορεύων
1249 269 1350 326 θείῳ
1382 266 1490 324 τόπῳ
1513 272 1571 326 τῷ
1597 271 1668 324 τῆς

252 335 575 391 αὐτοκρατορίας
599 330 990 387 ένιδρυθησόμενον,
1022 333 1098 372 καί
1119 346 1218 373 ποτε
1258 333 1452 391 παριέναι
1489 335 1565 384 μὲν
1598 333 1670 375 τὸν

250 405 425 456 βασιλέα
453 399 638 453 Ἰωάννην
671 396 753 439 ’ὑπὸ
783 399 984 439 πλείστων
1022 397 1337 452 ευ’φημούμενον
1379 399 1451 439 καί
1485 413 1670 452 προπεμ-

250 466 445 519 πόμενον,
482 461 552 506 τὸν
589 465 636 505 δὲ
682 463 898 518 Τρίψυχον
935 459 1211 515 ἐπεγγελῶντοὶ
1249 460 1286 503 οἱ
1324 463 1558 517 δυσφημεῖν
1601 465 1673 504 καί

251 531 540 586 Ζιντζιφίτζην
564 530 807 581 α’ποκαλεῖν,
839 529 910 569 καί
935 529 1041 580 μέγα
1069 530 1320 577 στενάξαντα
1348 528 1476 570 εἰπεῖν
1505 522 1570 581 „113⁸
1597 529 1708 570 δυ-5

249 593 403 650 οτυχής
424 595 644 647 Ῥωμαίων
671 593 803 650 ἀρχή,
840 588 924 641 οἷός
951 608 1017 634 σοι
1056 592 1078 634 ὅ
1118 591 1384 649 αὐτοκράτωρ
1422 594 1674 644 έλπιζεται.”

246 657 297 716 ἦν
325 662 371 702 δὲ
390 660 413 701 o‘
431 661 725 715 Ζιντζιφίτζης
751 657 974 714 α’νδράριον
1003 659 1334 712 εἶδεχθέστατον,
1357 663 1446 707 ταῖς
1473 661 1555 699 τῶν
1573 674 1673 700 στα-

247 723 481 781 διοδρόμων
510 727 645 767 ἵππων
674 724 1167 780 ἅμφιπεριστρεφόμενον
1191 720 1348 777 ἇντυξι,
1374 726 1446 766 καί
1471 721 1522 765 τοὶ
1545 725 1673 765 πλείω

244 794 324 845 μὲν
350 793 432 833 τῶν
460 793 596 844 μελῶν
624 790 905 845 ἀνάρμοστον,
933 792 1005 831 καί
1027 788 1168 842 βραχύ
1193 788 1236 831 τό
1268 791 1396 843 δέμας
1423 790 1494 831 καί
1520 784 1672 843 εὔσαρ-

245 871 340 911 κον,
369 855 617 911 ειῖτράπελον
645 858 691 898 δὲ
719 852 851 905 ἄλλως
874 858 945 897 καί
969 855 1103 896 δεινὸν
1129 857 1187 904 εἷς
1214 860 1382 907 ταμιεῖα
1408 857 1560 910 πλῆξαι
1587 865 1672 908 ψυ-
1688 868 1735 896 ιο

244 925 324 976 χῆς
354 920 683 975 ἇπαλυνομένοις
712 921 950 977 βωμολοχίᾳ
988 919 1209 973 σκώμμασι
1245 923 1316 962 καί
1350 924 1572 975 ποιητικοῖς
1602 921 1671 974 γέ.

244 992 372 1036 λωτος
410 987 548 1040 λόγοις
584 988 802 1040 διαχέουσι
841 986 1148 1041 σκηνικώτερον.
1214 988 1288 1026 οὔκ
1326 984 1498 1039 ἐνεγκὼν
1534 987 1674 1027 τοίνυν

244 1052 296 1093 τοὶ
329 1053 576 1106 λελεγμένα,
616 1051 673 1101 ὥς
717 1054 762 1092 δὲ
803 1053 973 1104 βολίδας
1010 1050 1126 1093 ἔνδον
1167 1053 1212 1092 ἐν
1247 1049 1395 1107 καρδίᾳ
1433 1051 1674 1104 δεδεγμένος

240 1115 522 1172 Ἀνδρόνικος,
552 1114 625 1158 ἅτε
655 1121 818 1169 λαῖλαψ
843 1115 896 1158 τά
926 1118 1130 1172 προσόντα
1151 1119 1206 1172 τῷ
1238 1114 1440 1173 Τριψύχῳ
1464 1117 1671 1171 διαφορεῖ,

197 1186 199 1190 ’
245 1180 317 1223 καί
352 1180 495 1238 εἱρκτῇ
527 1180 750 1237 ’παραδοὺς
788 1181 954 1239 ἀδέσμῳ
1006 1178 1096 1224 εἶτα
1135 1181 1210 1222 καὶ
1237 1183 1314 1223 τοῦ
1355 1184 1438 1223 τῶν
1473 1180 1672 1234 ὀμμάτων
1687 1181 1735 1222 15

116 1257 151 1289 Ρ.
165 1257 231 1290 203
245 1246 379 1302 φάους
407 1244 633 1301 ἀποστερεῖ.
691 1246 761 1288 καί
797 1248 961 1288 τοιοῦτο
995 1248 1072 1299 μὲν
1108 1245 1158 1287 τὰ
1203 1248 1276 1300 τῆς
1311 1247 1672 1301 παραδυναστείας

110 1318 149 1352 V.
171 1321 233 1355 266
244 1314 298 1370 τῷ
323 1313 525 1370 Τριψόχῳ
553 1314 683 1367 πέρας
711 1312 954 1367 εἰλήφασιν,
983 1311 1040 1361 ὥς
1070 1313 1134 1354 ἐπ’
1159 1312 1271 1369 αὐτῷ
1303 1307 1496 1365 ἄντικρυς
1533 1311 1670 1366 ῥηθῆ-

242 1379 316 1419 ναί
344 1393 388 1419 τε
416 1380 489 1419 καί
526 1379 821 1432 περατωθῆναι
866 1376 912 1419 τὸ
955 1380 1031 1420 τοῦ
1072 1379 1331 1430 Σολομῶντος
1368 1378 1495 1418 έκεῖνο
1539 1378 1672 1417 δοκεῖν

240 1441 540 1497 γνωμάτευμα,
570 1440 596 1483 ὅ
634 1458 760 1498 φησιν
794 1441 926 1495 »εἰσὶν
971 1442 1064 1484 όδοί
1099 1444 1294 1484 δοκοῦσαι
1331 1443 1409 1494 μὲν
1454 1442 1575 1496 α’νδρὶ
1615 1444 1667 1482 τά

239 1511 386 1563 πρῶτα
412 1504 566 1563 ὀρθαί,
598 1506 650 1549 τοὶ
680 1509 824 1561 μέντοι
851 1511 1068 1550 τελευταῖα
1097 1509 1235 1549 αὐτῶν
1263 1509 1405 1561 βλέπει
1443 1507 1502 1555 εἰς
1535 1504 1669 1548 θοίνα·
1682 1518 1734 1545 20

239 1575 346 1616 τον.”
399 1576 472 1615 καί
495 1574 590 1630 τῇδε
619 1575 696 1626 μὲν
726 1573 775 1616 τοὶ
809 1571 912 1616 κατὰ
941 1571 1018 1628 τήν
1044 1574 1241 1627 βασιλίδα
1271 1572 1390 1614 πόλιν
1417 1573 1606 1628 ἐφέρετο.

339 1674 371 1707 3.
395 1666 735 1719 ἄνευφημοῦμενον
762 1674 803 1708 Α.
920 1684 949 1718 7.
977 1677 1058 1710 ταῖς
1089 1673 1164 1706 τῶν
1193 1671 1309 1718 σταδ]
1337 1671 1505 1718 σοι’γισμοι
1529 1669 1667 1716 α’λόγου

331 1721 465 1764 φορῶν
504 1722 567 1752 καὶ
598 1720 640 1753 τὰ
677 1718 929 1764 περισσότερα
963 1721 1037 1754 τῶν
1064 1720 1187 1764 μελῶν
1206 1717 1428 1764 ἄνοι’ρμοστα
1450 1718 1546 1762 ἔχων
1571 1712 1669 1762 πρὸς

330 1765 400 1806 τὴν
422 1766 567 1807 ἡλικίαν
595 1768 665 1800 τοῦ
689 1766 880 1811 σώματος,
918 1764 1182 1811 γελοιαστικὸν
1208 1767 1270 1798 καὶ
1295 1764 1429 1810 λόγους
1451 1774 1668 1810 μετριαστι-

333 1809 425 1849 κοῦς
450 1812 490 1846 ἐν
512 1817 590 1849 τοῖς
615 1813 832 1854 καπηλείοις
845 1813 908 1845 καὶ
931 1811 1069 1858 ῥύμαις
1097 1813 1214 1865 λέγων
1251 1813 1314 1852 τῆς
1342 1811 1484 1847 πόλεως
1502 1810 1538 1842 Β.
1617 1812 1666 1844 ι3.

331 1858 514 1904 λεγόμενα
537 1859 576 1891 Α.
668 1859 710 1893 ἐν
733 1861 834 1904 ψυχῇ
860 1859 899 1891 A.
998 1860 1047 1903 ¹4·
1071 1870 1116 1892 τα
1134 1856 1341 1905 προσόντα]
1368 1857 1575 1903 περιορίζει
1598 1849 1666 1899 τὴν

331 1904 483 1940 ἅπασαν
507 1907 732 1950 περιουσίαν
756 1904 873 1938 αὐτοῦ
901 1906 935 1939 Β.

241 1993 457 2033 Iohannem,
489 1994 622 2027 insanis
659 1994 775 2027 verbis
809 1994 1018 2026 calumniari
1043 2005 1114 2026 non
1141 1993 1282 2026 desistit
1305 1992 1539 2037 Tripsychus,
1567 2002 1666 2024 eum-

241 2050 312 2082 que
350 2045 390 2072 ut
430 2040 609 2085 piaculum
643 2040 798 2073 divinam
831 2041 973 2084 imperii
1005 2040 1124 2073 sedem
1164 2049 1436 2072 conscensurum
1472 2037 1664 2084 praedicat.

241 2084 287 2116 ad
318 2085 424 2126 haec,
459 2097 538 2118 cum
570 2087 764 2131 aliquando
802 2087 993 2131 imperator
1028 2086 1203 2119 Iohannes
1246 2085 1476 2129 praeteriret,
1514 2084 1620 2128 eique
1644 2095 1665 2116 a

239 2131 392 2163 maxima
434 2131 618 2165 hominum
654 2133 857 2177 frequentia
892 2133 1165 2173 acclamaretur,
1190 2130 1406 2176 Tripsychus
1436 2142 1515 2162 eum
1541 2129 1667 2163 derisit

240 2182 277 2210 et
302 2188 366 2221 per
389 2183 629 2222 contemptum
643 2179 877 2223 Zinziphizem
901 2180 1087 2220 vocitavit,
1113 2183 1150 2211 et
1175 2189 1253 2210 cum
1277 2187 1402 2220 magno
1426 2176 1578 2221 suspirio
1606 2175 1666 2208 di·-

241 2224 315 2263 xit,
339 2235 385 2263 ⁷,o
409 2225 575 2256 miserum
599 2226 838 2269 principatum
862 2227 1108 2264 Romanorum,
1140 2224 1255 2268 qualis
1282 2224 1314 2255 ei
1340 2224 1533 2266 imperator
1555 2233 1665 2266 expe-

240 2269 399 2302 ctatur!”
426 2275 501 2302 erat
523 2276 641 2303 autem
663 2271 877 2316 Ziuziphizes
903 2271 1180 2304 deson-missimus
1201 2269 1411 2308 homimem,
1447 2267 1509 2313 qui
1534 2267 1571 2300 in
1595 2268 1665 2300 cir-

241 2326 283 2347 co
312 2317 469 2360 equestri
494 2316 617 2349 crebro
647 2318 870 2358 versabatur,
895 2318 1076 2362 plerisque
1102 2315 1269 2349 membris
1291 2314 1462 2355 distortis,
1485 2314 1602 2347 brevis
1628 2319 1665 2348 et

241 2372 429 2402 carnosus,
454 2373 572 2396 scurra
596 2368 715 2396 tamen
738 2375 810 2397 non
832 2364 986 2397 insulsus
1013 2369 1049 2396 et
1075 2363 1164 2396 risus
1188 2361 1389 2395 concitandi
1417 2360 1553 2393 artifex.
1582 2361 1665 2405 qui-

240 2408 309 2441 bus
331 2408 450 2441 verbis
486 2409 638 2451 graviter
672 2416 867 2443 commotus
902 2409 1124 2443 Andronicus
1154 2406 1341 2452 Tripsychi
1363 2407 1458 2439 bona
1482 2405 1663 2450 grandinis

241 2455 279 2486 in
306 2465 437 2487 moreni
471 2454 642 2500 dissipat3
684 2462 719 2488 et
752 2457 867 2500 ipsum
904 2457 941 2488 in
968 2455 1117 2487 liberam
1150 2454 1347 2487 custodiam
1371 2453 1492 2486 datum
1516 2453 1662 2486 tandem

240 2500 347 2532 etiam
373 2506 544 2534 excaecat.
581 2501 675 2534 hunc
698 2503 884 2546 'l‘ripsychi
902 2502 1064 2546 potentia
1092 2501 1199 2533 finem
1222 2500 1373 2540 habuit,
1397 2504 1437 2532 ut
1461 2499 1662 2532 Salomonis

238 2546 304 2579 illa
325 2547 501 2579 sententia
539 2548 644 2592 plane
674 2548 711 2580 in
736 2559 816 2579 eum
842 2548 1016 2592 quadrare
1052 2547 1236 2587 videatur,
1273 2557 1351 2579 cum
1389 2546 1440 2578 ait
1475 2546 1549 2578 vias
1583 2555 1660 2579 esse

241 2602 333 2638 quae
357 2594 531 2640 principio
557 2599 673 2627 rectae
700 2593 899 2635 videantur,
925 2593 988 2627 sed
1011 2594 1145 2627 exitum
1165 2604 1285 2626 earum
1313 2593 1404 2626 serre
1429 2591 1474 2624 ad
1498 2596 1660 2626 mortem.
