1878 3230
470 211 867 253 CHRONoLofflA
903 212 1148 254 NlcETAE.
1401 197 1513 270 899

1131 365 1290 396 luimus

1132 411 1290 444 Axenus

1215 467 1227 489 ι

295 360 419 393 Isaacii
443 361 567 405 Angeli
597 361 781 394 commoda
805 362 921 395 initia.
951 362 1099 406 expedi-

251 406 301 438 tio
327 412 448 440 contra
467 408 624 448 Siculos,
650 408 712 452 qui
739 408 973 453 profligantur
998 408 1098 441 duci-

251 452 315 485 bus
341 454 464 497 captis.
525 454 722 486 Andronici
758 454 846 495 filii,
885 460 922 488 et
951 454 1097 487 Alexius

250 498 450 533 Comnenus
475 499 565 532 belli
591 501 671 539 fax,
707 506 949 534 excaecantur.
997 501 1099 533 Sicu-

250 545 305 577 lae
323 546 443 578 classis
470 546 698 579 calamitates.
714 547 868 580 Isaacius
891 547 1097 589 inconstans

249 597 405 636 apparet.
436 594 512 626 228.
541 603 619 635 229.
643 598 710 625 etc.

293 678 462 714 Sultanus
498 682 692 715 Iconiensis
734 683 871 717 bellum
913 685 1099 717 instaurat.

249 725 456 759 Blachorum
501 727 667 761 defectio.
727 730 933 763 calamitosa
970 731 1007 762 in
1033 730 1099 772 Cy—

250 783 349 816 prum
373 773 556 818 expeditio
587 774 734 808 Blachos
759 777 883 808 Isaacii
909 776 1099 820 indulgen-

249 819 299 850 tia
335 820 528 853 confirmat.
560 821 756 855 infeliciter
797 823 932 866 geritur
961 823 1098 855 bellum

249 864 415 899 adversus
438 867 599 900 Blachos.
626 869 704 900 236.
729 869 807 912 237.
836 875 903 903 etc.

293 957 422 988 Branas
446 956 564 990 Alexii
589 958 776 1004 imperium
799 959 968 993 invadere
992 970 1099 991 cona-

250 1008 322 1043 tur,
352 1008 389 1035 et
414 1003 559 1036 tandem
588 1005 626 1037 in
650 1017 767 1050 pugna
792 1006 1015 1039 interficitur.
1043 1016 1099 1037 se-

250 1049 389 1082 ditiosis
418 1049 570 1093 ignoscit
586 1052 749 1085 Isaacius.
797 1053 987 1096 Byzantina
1013 1052 1099 1083 sub—

251 1095 349 1127 urbia
397 1093 537 1139 direpta
586 1105 804 1141 cremantur3
855 1098 952 1131 unde
1006 1099 1099 1130 inter

251 1142 404 1174 Graecos
422 1147 458 1174 et
470 1142 614 1176 Latinos
629 1145 825 1179 conflictus.
842 1145 920 1188 240.
939 1144 1016 1187 241.
1032 1149 1097 1176 etc.

294 1233 420 1265 Isaacii
462 1233 500 1265 in
531 1233 682 1267 Blachos
729 1235 913 1279 expeditio
959 1235 1096 1267 infelix.

250 1278 460 1312 Theodorus
483 1279 700 1324 Mangaphas
725 1282 912 1325 imperium
936 1283 1097 1321 affectat,

251 1325 314 1358 sed
348 1337 368 1357 a
393 1325 541 1358 Sultano
565 1326 727 1370 proditus
750 1328 789 1360 in
814 1338 989 1360 carcerem
1013 1338 1097 1360 con-

249 1372 376 1405 iicitur.
402 1372 478 1404 252.
508 1372 585 1405 253.
611 1373 688 1416 254.
716 1379 782 1407 etc.

293 1463 466 1496 Friderici
504 1463 739 1497 Barbarossae
785 1465 823 1497 in
861 1465 1096 1497 Palaestinam

249 1509 439 1554 expeditio,
477 1509 585 1554 legati
615 1510 784 1543 vecordes
815 1510 1035 1543 Fridericum
1063 1517 1098 1543 et

248 1557 420 1588 Isaacium
446 1557 683 1592 committunt.
718 1557 997 1589 ecclesiasticum
1025 1562 1098 1589 sta-

250 1609 324 1635 tum
352 1602 474 1635 turbat
496 1603 660 1635 Isaacius.
709 1603 835 1635 Graeci
859 1603 1028 1646 fugantur
1051 1603 1096 1634 ab

250 1649 463 1682 Alemannis.
488 1649 684 1681 Turcarum
710 1649 828 1681 clades
858 1649 903 1681 ad
926 1650 1096 1681 Iconium.

250 1695 421 1727 Friderici
438 1694 646 1728 submersio.
675 1695 750 1727 filio
776 1695 936 1727 eiusdem
957 1700 1096 1728 mortuo

251 1741 435 1774 Alemanni
462 1741 603 1774 domum
634 1741 796 1774 redeunt.
823 1741 1037 1773 Francorum
1061 1747 1097 1774 et

250 1788 440 1831 Anglorum
469 1787 652 1833 expeditio
687 1788 726 1821 in
749 1787 994 1821 Palaestinam.
1018 1787 1094 1832 257.

250 1835 328 1868 258.
349 1839 416 1867 etc.

1337 1537 1496 1568 Famem-

1335 1594 1393 1614 σεε
1406 1581 1497 1625 perit

1337 1630 1371 1662 in
1384 1627 1495 1672 aquis.

293 1926 418 1959 lsaacii
433 1925 570 1959 familia
595 1931 632 1960 et
653 1926 815 1960 diuturni
839 1926 983 1971 imperii
1006 1926 1094 1957 ima·
1205 1929 1229 1961 6

249 1974 392 2017 ginatio.
439 1972 754 2006 Pseudalexiorum
793 1979 830 2006 et
850 1972 975 2005 Basilii
1001 1972 1094 2004 Cho-

249 2030 308 2052 zae
343 2018 540 2051 seditiones
576 2025 754 2052 cruentae.
791 2028 976 2064 procerum
1004 2029 1094 2051 non-

250 2065 428 2098 nullorum
452 2065 638 2109 supplicia.
664 2067 740 2099 268.
766 2067 843 2108 269.
861 2071 927 2098 etc.

1332 1936 1482 1968 lhzsmc.

1329 1986 1455 2014 sextus.

294 2155 431 2187 Bellum
463 2154 666 2188 Blachicum
703 2155 838 2187 Isaacio
878 2155 1094 2194 infaustum,
1209 2171 1227 2203 7

252 2201 314 2246 qui
337 2207 456 2235 tamen
480 2202 603 2234 salsam
620 2202 727 2234 iactat
745 2201 930 2234 victoriam
956 2206 992 2233 et
1016 2202 1094 2233 ina-

254 2259 313 2281 nes
338 2259 543 2292 magnarum
567 2259 682 2280 rerum
708 2247 993 2292 imaginationes.
1015 2247 1092 2291 274.

254 2295 330 2338 1275.
357 2300 422 2327 etc.

299 2383 507 2428 Scytharum
547 2389 584 2418 et
612 2383 821 2417 Blachorum
850 2385 1096 2427 grassationes.
1209 2390 1230 2422 8

255 2431 367 2463 Servii
391 2430 628 2464 debellantur.
654 2431 823 2474 repressis
844 2430 981 2463 Blachis
1004 2430 1098 2463 Con-

255 2477 430 2509 stantinus
454 2477 607 2520 Angelus
637 2479 779 2510 affectat
802 2477 1009 2521 imperium,
1034 2477 1096 2509 sed

257 2534 276 2554 a
300 2523 426 2554 Bataze
450 2522 585 2556 deri⁸us
608 2529 644 2556 et
665 2523 830 2568 proditus
855 2535 875 2555 a
897 2523 1013 2556 milite
1037 2534 1098 2556 ex-

260 2573 430 2600 caecatur.
459 2579 536 2611 277.
562 2571 639 2612 278.
666 2581 743 2614 279.
773 2575 838 2603 etc.

305 2659 428 2692 Isaacii
443 2657 618 2693 vecordia.
640 2658 823 2692 Theodori
836 2659 1096 2692 Castamonitae
1210 2671 1232 2703 9

262 2706 418 2749 potentia
431 2704 652 2737 et‘interitus.
663 2715 733 2736 rem
741 2705 921 2748 publicam
934 2711 971 2737 et
982 2705 1096 2736 aulam

264 2753 366 2784 variis
376 2750 488 2783 modis
497 2750 689 2794 corrumpit
701 2751 1096 2783 Isaacius.280.281.etc.
