1838 3210
474 134 542 172 m:
583 133 832 190 MANUELE
873 131 1130 173 commo
1173 134 1274 173 ΜΒ.
1317 135 1369 173 11.
1535 113 1635 168 125

215 234 356 282 τελῶς,
389 233 429 281 ἐξ
451 231 544 273 ὅτου
564 233 812 286 Καλαβρίας
841 233 980 285 ἐπέβη,
1006 233 1078 284 τῆς
1097 233 1349 286 στρατηγίας
1369 233 1639 286 παραλύεται,

215 297 426 338 στέλλεται
455 299 491 338 δ’
521 297 605 340 ἄντ’
635 296 767 338 αὐτοῦ
794 293 817 335 ὅ
848 294 1071 350 Κομνηνός
1089 294 1296 348 Ἀλέξιος,
1326 296 1349 338 ὅ
1376 298 1453 338 τοῦ
1480 301 1640 351 Βρυεν-

214 362 306 402 νιόυ
348 364 564 418 Καίσαρος
590 359 706 412 υἱός,
747 356 971 415 ἐξάδελφος
998 357 1058 402 ὢν
1082 363 1141 417 τῷ
1166 364 1339 414 βασιλεῖ
1357 359 1460 416 πρὸς
1484 362 1638 416 μητρὸς

214 428 287 467 καί
313 425 387 480 τὴν
404 421 406 423 V
425 430 504 468 ’τοῦ
532 425 714 480 μεγάλου
757 423 905 472 δουκὸς
929 425 1054 480 τιμήν
1083 420 1180 480 ἄρτι
1208 424 1381 480 πρώτως
1411 426 1639 481 περιζωσά-

178 495 346 544 5μενος.
415 493 739 543 συνεκπέμπεται
787 491 834 531 δέ
864 488 903 530 οἱ
943 491 1018 532 καί
1046 489 1068 532 ὅ
1100 490 1250 540 δούκας
1288 491 1492 546 Ἰωάννης,
1532 485 1639 546 α’νῆρ

213 553 411 612 ἔρμαϊκὸς
440 554 546 609 ὁμοῦ
571 554 644 596 καί
673 552 845 609 ιίρεϊκός,
879 550 946 596 οἷα
973 553 1267 607 παιδευμάτων
1293 556 1545 612 ἐλευθερίων
1568 557 1643 598 οὐκ

213 617 327 678 ἄκρῳ
368 622 524 677 λιχανῷ
569 621 810 674 γεγευμένος
846 622 919 661 καί
956 622 1099 673 γένους
1135 616 1185 661 εὖ
1213 619 1322 674 ἔχων
1349 623 1422 662 καί
1450 620 1643 674 μεθόδων

211 684 323 741 ἴδρις
348 687 636 741 στρατηγικῶν.
696 680 809 726 οὗτοι
840 679 915 726 οὖν
943 687 985 733 ἐς
1001 687 1193 727 Σικελίαν
1220 684 1292 728 τὸν
1317 689 1446 728 πλοῦν
1472 689 1641 741 θέμενοι

211 753 436 803 συνέμιξαν
461 756 552 799 ταῖς
578 750 780 803 δυνάμεσι
807 752 884 792 τοῦ
912 747 1038 806 ῥηγὸς
1066 751 1139 792 καί
1159 748 1360 805 μεγάλαις
1386 756 1642 807 ναυμαχίαις

155 829 200 855 ιο
213 815 406 865 πολλάκις
434 812 559 857 αὖτόν
585 815 920 868 κατεπάλαισαν,
955 813 1011 864 ὥς
1037 813 1112 863 τάς
1144 831 1188 857 τε
1216 818 1318 871 νῆας
1344 814 1492 858 τούτου
1520 819 1642 873 διαρ-

212 883 377 936 ρυῆναι,
407 880 526 935 ἔγγὺς
543 882 589 923 δὲ
608 882 847 936 πολιορκίας
862 880 936 922 καί
951 877 1054 922 αὗτὸ
1071 882 1280 936 γεγονέναι
1306 880 1354 923 τὸ
1376 882 1640 937 Βρεντήσιον.
1653 895 1681 927 c

212 945 300 987 ἄλλ’
317 941 434 987 οὔπω
455 945 602 1000 ἦτύχη
623 951 710 994 τοῖς
737 950 942 1000 λαμπροῖς
972 948 1110 988 τοῖσδε
1130 949 1328 1002 καθαρῶς
1355 948 1643 999 ἒπεμειδίασεν

211 1011 517 1064 ἀγωνίσμασιν,
558 1006 654 1052 οὔτε
690 1010 772 1066 μὴν
799 1010 821 1051 ὅ
860 1010 1060 1063 βασιλεὺς
1087 1009 1144 1060 ὦς
1171 1009 1256 1052 ἔδει
1287 1017 1380 1061 ταῖς
1409 1014 1646 1062 καλλίσταις

119 1095 134 1101 2
211 1074 458 1131 ἐνεώρτασεν
486 1076 695 1130 ἀγγελίαις
712 1092 724 1103 ·
784 1077 855 1117 καί
890 1075 911 1116 ὃ
942 1074 1019 1131 ῥῆξ
1044 1076 1213 1128 μείζονα
1233 1072 1438 1130 ἆθροίσας
1466 1075 1645 1128 δύναμιν

152 1142 282 1183 ιὸκαί
313 1140 469 1191 ξενικὸν
497 1140 812 1195 ἐπαμησάμενος
833 1137 881 1182 οὗ
906 1139 1046 1196 βραχύ
1078 1139 1152 1195 την
1182 1135 1312 1195 ἧτταν
1331 1142 1512 1196 ἐπῆλθεν
1545 1143 1645 1185 άνα-

207 1204 499 1260 μαχούμενος,
548 1206 622 1247 καί
661 1205 892 1259 συμβαλών
928 1206 1184 1261 περιγίνεται
1225 1209 1307 1248 τῶν
1345 1207 1532 1265 άνδρῷν,
1573 1210 1647 1249 καί

207 1269 427 1325 συλλαβών
456 1269 666 1324 δεσμώτας
695 1273 906 1327 εἵργνυσιν
932 1271 1217 1327 ἀμφοτέρους,
1246 1273 1291 1313 ἒν
1319 1272 1474 1327 ἀκαρεῖ
1494 1275 1645 1327 καιροῦ

102 1352 116 1368 t
208 1337 450 1392 ἀνατρέψας
478 1333 558 1379 ὅσα
587 1335 699 1394 πόνῳ
731 1339 805 1379 καί
836 1337 1046 1386 δαπάναις
1071 1337 1289 1390 μεγίσταις
1314 1335 1397 1378 ὑπὸ
1421 1336 1643 1390 Ῥωμαίων

207 1399 542 1458 εὖημερήθησαν.
573 1401 776 1452 τοιούτοις
807 1397 883 1445 οὖν
912 1401 933 1445 ὅ
960 1401 1172 1456 Μανουὴλ
1202 1399 1439 1456 ἄκου’σμασι
1470 1403 1550 1445 καὶ·
1570 1405 1644 1457 α’γ-

145 1483 195 1509 20
206 1469 381 1522 γέλμασι
407 1466 484 1522 τὴν
503 1468 702 1523 πρότριτα
719 1469 936 1523 θυμηδίαν
951 1465 1310 1522 ἀποκλυσάμενος,
1336 1463 1415 1511 ὅσα
1444 1484 1488 1511 τε
1516 1470 1643 1521 α’ψιν-

207 1531 383 1576 θιαὶδεσι
420 1533 680 1588 κεράσμασιν
709 1534 1004 1588 ἒμπικρανθείς
1046 1531 1122 1587 τήν
1147 1533 1313 1587 ψυχήν,
1341 1533 1398 1582 ὥς
1429 1533 1539 1582 εἰκὸς
1566 1535 1643 1586 μὲν

209 1593 285 1638 οὖκ
330 1594 472 1653 ἤνεγκε
514 1597 559 1640 τὸ
603 1596 767 1654 γεγονὸς
805 1599 1025 1654 φορητῶς,
1068 1597 1160 1640 ἀλλ’
1196 1597 1350 1647 ἱκανῶς
1387 1597 1684 1653 ἐπαθήνατο.1)

209 1662 285 1704 οὐκ
313 1660 372 1705 ὢν
399 1664 444 1706 δὲ
470 1662 708 1720 ψοφοδεής,
737 1665 839 1719 μηδ’
860 1665 1100 1705 ἀναπίπτων
1132 1665 1176 1705 ἐν
1197 1669 1283 1713 τοῖς
1314 1665 1463 1712 δεινοῖς
1489 1680 1640 1706 συναν·
1653 1667 1747 1703 V.50

209 1729 407 1783 τήμασιν,
444 1725 542 1770 οὔτε
569 1727 653 1782 μην
671 1730 729 1785 τῷ
757 1724 868 1785 οὔρῳ
898 1729 979 1769 τῶν
1009 1725 1266 1782 πραγμάτων
1292 1731 1388 1782 παρ’
1407 1725 1432 1769 ὃ
1459 1730 1529 1770 δεῖ
1549 1743 1644 1770 κου-

301 1835 333 1868 5.
359 1831 452 1879 ἀνὴρ
478 1831 632 1879 εὐγενὴς
668 1834 731 1866 καὶ
756 1832 947 1878 ἀνδρεῖος,
982 1831 1049 1875 τὴν
1071 1832 1255 1878 ἡμετέραν
1279 1832 1547 1879 γραμματικὴν
1575 1844 1644 1868 πε-

301 1879 554 1926 παιδευμένος
577 1881 612 1913 Β.
724 1891 776 1913 ιο.
802 1879 1080 1912 κατεπάλαισαν
1130 1880 1435 1924 κατεπολέμησαν
1455 1881 1494 1914 Α.
1592 1893 1644 1916 ιι.

297 1929 513 1972 βρεντέσιον
537 1927 575 1960 A.
674 1937 723 1970 ¹7·
751 1924 1004 1972 ἀμφοτέρους]
1030 1936 1117 1962 τους
1143 1925 1362 1971 κεφαλάδας
1387 1926 1423 1959 Β.
1495 1927 1551 1971 24.
1577 1929 1645 1961 οὔ·

299 1972 353 2020 τε]
382 1972 463 2006 οὐδ’
496 1969 540 2005 αὖ
578 1971 693 2006 πάλιν
717 1971 759 2006 ἐν
790 1977 871 2009 ταῖς
896 1972 1084 2008 εὐκολίαις
1113 1974 1189 2006 τῶν
1225 1971 1460 2018 πραγμάτων
1491 1971 1646 2018 διαχεό-

298 2029 413 2065 μενος
447 2019 537 2064 παρ’
567 2017 590 2052 ἃ
617 2019 768 2063 πρέπον
807 2015 874 2060 ἦν,
913 2016 1003 2052 ἀλλὰ
1038 2018 1163 2053 πάντα
1184 2017 1225 2053 ἐν
1252 2021 1371 2063 καιρῷ
1393 2021 1518 2055 ποιῶν
1543 2022 1576 2054 Β.

209 2125 360 2169 imperio
392 2123 492 2156 abire
522 2123 691 2165 iubetur,
724 2134 926 2157 successore
965 2125 1073 2157 misso
1097 2124 1224 2157 Alexio
1249 2124 1452 2166 comneno,
1475 2127 1642 2170 Btyennii

209 2171 370 2204 Caesaris
393 2171 489 2212 filio,
522 2170 737 2203 consobrino
763 2171 964 2211 Manuelis,
1002 2171 1119 2215 magni
1143 2170 1244 2204 ducis
1272 2170 1408 2204 honore
1436 2183 1556 2217 nuper
1579 2186 1644 2208 au-

209 2224 278 2251 cto.
306 2228 376 2249 una
395 2228 474 2249 cum
511 2228 554 2249 eo
578 2218 687 2250 etiam
710 2217 828 2250 Ducas
853 2216 1030 2250 Iohannes
1061 2217 1242 2257 mittitur,
1266 2218 1321 2251 vir
1345 2223 1382 2251 et
1403 2218 1580 2256 Martialis
1608 2228 1644 2255 et

208 2263 451 2305 Mercurialis3
477 2264 539 2307 qui
563 2263 733 2296 liberales
760 2263 968 2308 disciplinas
993 2274 1065 2296 non
1088 2263 1306 2308 primoribus
1331 2263 1441 2298 labris
1465 2267 1642 2311 attigerat,

208 2310 326 2343 nobili
359 2315 457 2343 ortus
481 2321 609 2353 genere
637 2315 673 2343 et
709 2309 921 2354 disciplinae
947 2310 1114 2343 militaris
1138 2321 1212 2342 non
1234 2309 1387 2354 ignarus.
1411 2311 1449 2344 hi
1474 2313 1583 2356 igitur
1605 2315 1643 2348 in

208 2356 368 2390 Siciliam
387 2367 466 2388 cum
491 2357 692 2397 venissent,
729 2357 850 2400 copias
874 2357 965 2401 regis
989 2356 1108 2389 adorti
1133 2356 1280 2389 classem
1304 2358 1381 2390 eius
1411 2369 1518 2403 saepe
1543 2360 1642 2393 dcvi-

209 2408 351 2443 cerunt,
377 2402 467 2435 adeo
493 2408 534 2435 ut
555 2414 662 2436 naves
686 2402 934 2436 dilaberentur
958 2409 995 2436 et
1020 2404 1136 2448 ipsum
1162 2414 1255 2447 pene
1279 2403 1519 2438 Brundusium
1542 2407 1641 2441 obsi-

210 2449 366 2482 deretur.
390 2448 453 2482 sed
478 2449 620 2482 fortuna
646 2449 848 2482 illustribus
876 2449 1131 2482 certaminibus
1154 2460 1228 2482 non
1253 2449 1361 2494 plane
1385 2451 1493 2494 favit3
1521 2465 1640 2498 neque

210 2496 405 2540 imperator
442 2495 762 2540 pulcherrimorum
793 2497 1002 2529 nuntiorum
1028 2507 1108 2529 eum
1136 2506 1242 2540 quem
1267 2496 1459 2540 oportebat
1487 2499 1639 2534 fructum

211 2542 316 2585 cepit.
340 2553 422 2574 nam
447 2553 508 2574 rex
530 2542 726 2574 maioribus
751 2543 864 2587 copiis
888 2543 1019 2576 coactis
1045 2541 1295 2587 conductoque
1312 2545 1500 2588 peregrino
1526 2547 1641 2580 milite

211 2586 425 2621 detrimenta
446 2595 591 2633 accepta
610 2588 778 2621 resarcire
801 2588 963 2631 studuit3
989 2599 1129 2633 eosque.
1147 2588 1293 2622 adortus
1316 2590 1439 2630 vincit,
1465 2592 1580 2634 capit,
1602 2594 1641 2626 in

211 2633 353 2665 vincula
384 2635 548 2675 coniicit,
580 2635 688 2679 paulo
722 2641 903 2668 momento
939 2635 1070 2668 eversis
1104 2636 1149 2668 iis
1177 2634 1343 2668 omnibus
1374 2647 1467 2680 quae
1491 2638 1639 2673 Romani

212 2679 373 2714 maximis
411 2680 595 2719 laboribus
633 2687 669 2715 et
700 2681 870 2727 impensis
908 2682 1091 2717 consecuti
1115 2683 1266 2716 fuerant.
1314 2682 1461 2716 Manuel
1484 2694 1567 2718 vero
1593 2687 1637 2719 iis
