1838 3210
274 168 336 223 18
680 182 909 226 memmi
948 179 1257 224 CHONJATAE

261 285 407 340 μικρόν
438 300 476 326 τι
504 285 559 341 τῷ
598 284 814 337 Βυζαντίῳ
845 281 1118 336 ἔνδιατρίψας
1155 280 1344 335 σκηνίτης
1369 281 1518 333 γίνεται
1547 275 1692 330 πάλιν,

261 353 343 393 τῶν
370 350 551 404 οἷρχείων
578 344 837 395 ἄπαναστάς.
889 342 943 400 ἤν
969 344 1050 402 γὰρ
1074 347 1148 396 τὰς
1174 347 1255 387 τῶν
1281 341 1506 400 βαρβάρων
1526 344 1694 397 ἐπιδρο-

260 413 345 469 μοὶς
392 411 722 470 φυλαττόμενος,
757 410 832 453 καί
863 410 920 460 ὥς
961 408 1058 465 ἔχον
1095 412 1375 464 λυμαίνεσθαι
1400 406 1446 451 τὸ
1475 409 1695 460 α’νέτοιμον

261 480 545 536 ὑφορώμενος.
618 473 719 518 ὅθεν
752 477 960 530 χρονίζειν
995 475 1136 533 ᾑρεῖτο
1176 476 1335 528 μᾶλλον
1377 475 1428 531 τῇ
1454 469 1693 529 θυραυλίᾳ,

262 543 339 586 δύο
366 543 416 585 τά
444 541 640 597 κάλλιστα
670 543 905 595 κατορθοῦν
931 542 1122 583 ἐντεῦθεν
1151 538 1357 593 οἰόμενος,
1384 536 1460 593 τήν
1488 553 1532 580 τε
1557 541 1732 594 ‹pulos-5

261 608 335 663 κῆν
360 610 442 649 τῶν
470 608 629 649 οἰκείων
654 608 829 661 χωρῶν,
859 604 910 660 ἢν
938 605 995 654 αἷς
1022 603 1074 647 τοὶ
1104 604 1234 646 πολλοὶ
1264 602 1466 660 βραβεύει
1493 601 1539 645 τὸ
1568 600 1696 644 ὕπαι-

210 706 213 709 ᾗ
261 677 386 727 θρον,
417 674 490 713 καί
506 672 580 726 τήν
622 674 666 722 ἐς
703 671 755 713 τὰ
785 670 963 723 πολέμια
1003 669 1103 725 ἔργα
1143 667 1290 725 τριβήν
1330 685 1374 711 τε
1412 667 1486 710 καὶ
1522 663 1697 723 ἄσκησιν

221 741 345 783 (ἓτῶν
376 735 595 792 ταγμάτων
622 733 921 793 ἀφισταμένων
946 737 1021 778 τοῦ
1049 737 1273 790 οἰκουρεῖν,
1304 734 1376 776 καί
1402 733 1458 784 ὥς
1482 735 1603 789 βαφῇ
1632 734 1698 775 σι’-

260 805 388 859 δηρος
408 835 419 854 ,
464 809 548 851 τοῖς
590 804 635 844 ἐκ
673 804 746 857 τῆς
777 803 1011 856 καυστηρᾶς
1039 801 1193 855 δρόσου
1222 799 1372 855 ἱδρῶσι
1394 800 1696 852 παγιουμένων.

256 867 560 922 χειρωσόμενος
595 869 732 909 τοίνυν
757 866 883 922 οἷπῄει
922 865 996 920 τὴν
1023 864 1127 907 κατὰ
1153 865 1419 921 Παμφυλίαν
1444 863 1697 916 Σωζόπολιν.
1714 881 1761 908 ιο

258 934 315 982 ὥς
342 935 388 975 δὲ
419 931 654 981 δυσάλωτος
685 932 821 973 ἐδόκει
850 947 913 980 τις
950 928 1052 972 εἶναι
1084 930 1154 972 διά
1182 945 1224 972 τε
1253 928 1297 971 τὸ
1327 929 1605 984 ἐγκαθήμενον
1632 927 1699 972 ἕν-

261 1000 332 1040 ὁόν
361 995 569 1039 ὁπλιτικὸν
590 999 661 1038 καί
688 996 732 1039 τὸ
762 998 1017 1049 δυσέμβολον
1036 997 1107 1050 τῆς
1134 997 1291 1044 θέσεως
1314 996 1387 1036 καί
1403 993 1697 1050 περίκρημνον,

259 1061 417 1105 τοιόνδε
461 1078 501 1104 τι
543 1062 773 1117 μηχάνημα
816 1061 917 1103 κατὰ
963 1065 1079 1103 θεῖον
1108 1076 1260 1102 σκοπον
1286 1060 1463 1113 μέτεισι.
1523 1059 1699 1112 δύναμιν

260 1126 430 1182 ἱππικήν
460 1128 710 1184 Πακτιαρίῳ
751 1126 834 1169 τινί
859 1124 1074 1181 παραδοὺς
1114 1125 1406 1168 ἑντέλλεταιόῖ
1431 1126 1618 1179 συνεχῶς
1648 1127 1702 1183 τῇ

261 1191 494 1244 Σωζοηόλει
521 1190 823 1243 ἐνιππάζεσθαι
853 1192 956 1233 κάπὶ
982 1196 1069 1240 τοῖς
1099 1194 1279 1245 τείχεσιν
1307 1191 1478 1248 οἷφιέναι
1504 1190 1698 1244 βέλεμνα,
1715 1191 1763 1233 ι5

261 1260 302 1300 εἰ
330 1259 369 1299 δ’
415 1259 672 1308 ἐπεξέλθοιεν
718 1257 756 1299 οἱ
783 1258 1003 1311 πολέμιοι,
1046 1255 1216 1313 φεύγειν
1258 1252 1564 1312 ἀμεταστρεπτὶ
1599 1257 1701 1311 μηδ’

261 1322 488 1379 ἐφεστάναι
518 1322 623 1376 πρὸς
650 1322 852 1376 πόλεμον,
891 1323 1087 1377 παριέναι
1128 1323 1163 1363 δ’
1199 1319 1307 1364 οὕτω
1345 1324 1417 1363 καί
1445 1319 1520 1370 τὰς
1553 1320 1702 1376 μικρὸν

174 1386 418 1432 ν.8ἁ’ποθεν
453 1391 528 1443 τῆς
555 1387 714 1437 πόλεως
757 1389 1094 1441 συνεπτυγμένας
1120 1386 1447 1441 καὶλοχμιόδεις
1473 1385 1702 1443 α’τραπούς.

261 1452 285 1495 ὅ
312 1455 390 1506 μὲν
417 1449 491 1495 οὖν
523 1451 628 1494 κατοὶ
661 1451 737 1508 τήν
764 1453 984 1508 βασιλικήν
1010 1452 1272 1508 παραίφασιν
1300 1451 1525 1507 ἔπραττεν·
1566 1451 1626 1500 ὥς
1653 1453 1700 1494 δὲ

261 1519 287 1574 ἡ
318 1520 527 1569 ἐπιδίωξις
555 1520 626 1560 ἐπὶ
653 1517 758 1559 πολύ
804 1520 875 1559 καί
899 1515 1097 1566 πολλάκις
1123 1515 1228 1573 πρὸς
1253 1518 1334 1560 τῶν
1359 1518 1544 1572 Περσῶν
1571 1519 1698 1571 ἕγίνε-
1712 1534 1764 1563 20

261 1598 309 1626 το
337 1585 592 1636 ἐκχεομένων
622 1585 696 1637 τῆς
724 1582 1018 1636 Σωζοπόλεως,
1055 1583 1378 1639 κατασοφίζεται
1404 1581 1449 1625 τὸ
1477 1583 1701 1625 ἀντίπαλον

265 1649 288 1689 ὅ
315 1647 576 1704 Πακτιάριος
598 1680 609 1701 ,
648 1646 910 1698 ὗποκαθίσας
946 1646 1072 1702 λόχον
1109 1649 1153 1689 ἐν
1187 1654 1273 1697 τοῖς
1307 1654 1475 1696 στενοῖς.
1548 1650 1593 1690 ἐν
1622 1651 1702 1706 μιᾷ

223 1715 367 1768 Βγοῧν
393 1716 476 1755 ταῖν
497 1715 772 1770 καταδρομῶν
804 1712 844 1756 οἱ
875 1716 952 1767 μὲν
989 1716 1169 1771 Τοῦρκοι
1193 1714 1252 1770 μὴ
1289 1712 1627 1770 προσκεψάμενοι
1653 1713 1700 1756 τὸ

358 1818 400 1874 4.τ
414 1822 496 1896 chzt
527 1818 718 1863 θυραυλίᾳ
742 1818 772 1851 A
797 1822 877 1856 τοῖς
902 1817 1054 1858 ἔξωθεν.
1155 1817 1205 1851 13.
1234 1815 1383 1854 σκοπὸν
1405 1829 1474 1850 om.
1497 1818 1538 1852 A.
1639 1801 1701 1853 ⁴23.

355 1875 424 1899 0111!
478 1889 484 1896 .

264 1966 359 1990 mum
388 1957 506 1990 rediit.
540 1968 609 1990 nec
643 1957 706 1990 diu
732 1958 893 2001 Byzantii
935 1963 1196 2000 commoratus,
1239 1958 1358 1991 denuo
1386 1958 1511 1991 relicta
1537 1959 1634 2004 regia
1662 1958 1700 1992 in

263 2003 495 2036 tabernacula
519 2015 556 2036 se
582 2005 722 2036 confert
747 2006 791 2037 ad
816 2004 1049 2037 barbarorum
1072 2005 1294 2038 incursiones
1319 2004 1592 2049 praecavendas.
1617 2016 1700 2038 nam

264 2050 350 2094 quia
374 2050 480 2082 facile
506 2049 721 2083 detrimenta
746 2051 826 2096 capi
850 2050 895 2083 ab
921 2051 1104 2096 imparatis
1128 2051 1286 2091 videbat,
1315 2051 1606 2095 expeditionibus
1631 2052 1700 2084 im-

263 2096 394 2128 morari
418 2096 555 2137 maluit,
579 2096 675 2129 unde
702 2096 790 2130 duos
814 2097 948 2130 fructus
973 2097 1231 2141 pulcherrimos
1257 2103 1410 2141 caperet,
1438 2098 1588 2131 alterum
1617 2109 1700 2131 sna-

264 2153 341 2174 rum
377 2143 639 2185 provinciarum
679 2143 986 2184 incolumitatem,
1025 2154 1117 2188 quae
1155 2144 1333 2176 militibus
1358 2144 1394 2175 in
1419 2145 1532 2177 aciem
1559 2144 1698 2178 eductis

262 2189 487 2232 potissimum
528 2188 755 2230 defenditur,
794 2190 944 2222 alterum
981 2190 1273 2223 exercitationem
1298 2190 1479 2234 legIOnum
1505 2196 1698 2224 ‹at-moram

262 2235 302 2266 in
329 2246 365 2266 re
391 2233 545 2274 bellica,
570 2246 659 2279 qua,
685 2236 809 2268 relicta
834 2236 979 2276 umbra,
1005 2237 1150 2281 praeliis
1180 2242 1221 2269 ut
1243 2237 1400 2269 tinctura
1429 2237 1561 2270 ferrum
1583 2230 1700 2271 'roho-

263 2285 438 2313 rarentur.
465 2281 556 2314 abiit
574 2281 683 2325 igitur
706 2282 751 2314 ad
766 2282 988 2327 Sozopolim‚
1018 2282 1244 2327 Pamphyliae
1268 2282 1414 2324 urbem,
1439 2283 1697 2327 subigendam3

263 2338 355 2371 quae
381 2338 460 2359 cum
485 2333 521 2360 et
544 2327 590 2360 ob
615 2328 770 2360 militum
807 2329 1025 2373 praesidium
1051 2334 1088 2362 et
1113 2329 1158 2361 ob
1185 2329 1254 2361 loci
1278 2335 1440 2362 naturam
1457 2355 1467 2371 ,
1493 2331 1698 2375 praeruptis

263 2379 300 2406 et
323 2374 512 2406 inaccessis
547 2374 639 2406 saxis
676 2375 829 2415 muniti,
868 2380 1070 2419 expugnatu
1109 2375 1261 2408 difficilis
1291 2379 1498 2420 putaretur,
1524 2376 1697 2409 divinitus

261 2419 473 2452 huiusmodi
514 2421 701 2453 consilium
739 2422 843 2465 capit.
870 2422 1043 2454 Pactiario
1069 2422 1210 2454 cuidam
1234 2423 1346 2466 copiis
1373 2423 1600 2467 equestribus
1626 2429 1698 2455 tra-

261 2465 371 2506 ditis,
395 2466 544 2499 mandat
564 2472 606 2500 ut
627 2467 781 2500 subinde
810 2467 855 2500 ad
880 2468 1063 2512 Sozopolis
1099 2469 1241 2501 moenia
1271 2468 1461 2513 adequitet
1487 2475 1523 2502 et
1550 2470 1697 2512 sagittas

260 2513 299 2544 in
325 2523 365 2544 ea
389 2513 566 2545 coniiciat.
593 2513 723 2558 quodsi
748 2513 868 2547 hostes
896 2514 1146 2557 egrediantur,
1180 2519 1278 2558 terga
1304 2515 1366 2547 det
1388 2526 1454 2548 nec
1478 2516 1533 2548 eis·
1557 2527 1698 2559 pugnae

263 2559 402 2603 copiam
429 2559 560 2600 faciat,
586 2559 650 2592 sed
674 2560 820 2594 silvosus
844 2561 986 2593 semitas
1011 2566 1047 2593 et
1069 2560 1274 2605 impeditas,
1300 2572 1392 2606 quae
1417 2573 1541 2605 parum
1567 2562 1612 2594 ab
1637 2573 1697 2594 ur-

262 2605 307 2638 he
336 2605 487 2646 distent,
526 2611 737 2650 praetereat.
784 2607 847 2638 ille
886 2608 1109 2651 imperatoris
1147 2608 1293 2640 monitis
1317 2608 1591 2652 obtemperans,
1617 2618 1695 2640 cnm

261 2652 387 2684 Persae
420 2651 510 2684 urbe
546 2653 647 2685 effusi
683 2653 833 2696 multum
861 2659 896 2686 et
921 2664 1026 2697 saepe
1049 2659 1369 2698 persequerentur,
1394 2654 1534 2687 hostem
1561 2654 1698 2698 decipit

262 2697 404 2730 insidiis
430 2698 468 2730 in
498 2699 669 2743 angustiis
711 2700 905 2732 collocatis.
932 2711 1010 2741 cuin
1035 2700 1143 2743 igitur
1170 2700 1278 2733 Tui-ci
1307 2700 1344 2733 in
1369 2712 1438 2733 una
1464 2700 1695 2740 excursione,

263 2743 404 2778 insidiis
433 2755 506 2778 non
542 2746 738 2790 praevisis,
773 2746 966 2779 instantius
991 2751 1026 2780 et
1063 2747 1222 2791 longius,
1253 2747 1360 2781 etiam
1386 2747 1535 2781 insidias
1560 2752 1695 2780 temere
