1878 3230
744 159 880 199 unns
920 159 1106 201 CAPTA.
1493 179 1495 182 ·
1516 149 1630 221 849

206 244 395 306 ἄγασθαι
434 250 504 293 διὰ
544 251 619 306 τήν
645 253 716 294 ἐπὶ
743 258 844 296 πᾶσι
873 259 944 311 τῆς
972 260 1118 314 τέχνης
1147 260 1384 315 α’κριβειαν,
1417 262 1634 320 ὅλοφάλα-

185 332 299 370 γρος,
329 316 580 372 φριμάσσων
603 318 675 360 καί
697 320 741 360 τὸ
771 317 846 369 οὖς
874 318 1049 364 ἇνιστῶν
1080 324 1137 373 ὥς
1164 324 1269 381 πρὸς
1295 324 1512 383 σάλπιγγα.
1539 332 1634 372 τοῦ-

168 420 171 421 ?
201 396 273 424 τον
298 380 337 424 οἱ
364 387 441 435 μέν
470 398 603 438 φασιν
629 380 736 425 εἶναι
763 387 970 439 Πήγασον
995 391 1068 430 καί
1093 388 1164 430 τὸν
1196 391 1405 447 ἀναβάτην
1431 397 1633 449 Βελλερο-

202 445 387 503 φόντην,
432 445 470 488 οἱ
509 448 554 488 δὲ
599 446 670 489 τὸν
704 445 860 504 Ἰησοῦν
907 454 984 493 τοῦ
1016 456 1144 509 Ναυῆ
1171 454 1302 513 ὁτῳδή
1335 459 1634 514 ἐπικαθήμενον

164 511 336 569 δῖ’ππῳ·
394 513 467 555 καί
490 514 612 567 δῆλον
632 509 739 569 εἶναι
766 512 836 556 τὸν
865 510 999 572 ἄνδρα
1024 521 1076 574 τῇ
1102 520 1303 577 διασκευῇ
1328 526 1406 563 τοῦ
1433 523 1633 577 εἰκάσμα-

201 593 271 625 τος
301 577 404 632 πρὸς
435 576 509 633 τὴν
536 577 852 633 ἁρματηλασίαν
892 579 1010 635 ἡλίου
1037 586 1111 625 καί
1135 583 1204 627 τόν
1233 587 1390 641 δρόμον
1415 586 1489 630 τὸν
1514 593 1635 645 σελη-

199 647 315 683 ναῖον
359 641 435 697 τήν
474 643 613 693 δεξιὰν
645 650 770 698 χεῖρα
808 646 1068 701 ἐκτείνοντα,
1103 648 1161 698 ὥς
1197 656 1340 693 σταΐεν
1377 655 1452 693 τοῦ
1491 654 1634 707 πρόσω

200 713 378 762 χωρεῖν,
419 708 493 749 καί
516 707 740 764 σφαιρικὸν
766 711 811 751 ἐκ
840 714 1002 764 χαλκοῦ
1029 717 1174 768 σχῆμα
1203 718 1261 771 τῷ
1288 717 1409 775 κοίλῳ
1439 719 1512 772 τῆς
1542 722 1636 760 λαι-

198 773 250 819 ᾶς
291 771 433 826 χειρὸς
469 770 765 827 ὖπανέχοντα..
810 775 1193 830 ἆναμοχλεύσαντες
1233 780 1371 823 τοίνυν
1405 779 1634 839 ῥαιστῆρσι

137 851 184 878 10
197 833 242 876 τὸ
270 839 408 889 πέλμα
452 835 499 879 τὸ
534 839 719 892 ἵππειον,
767 841 1135 900 ἀνθρωπόμορφον
1161 843 1423 902 εὑρίσκουσιν
1450 846 1633 902 ἴνδαλμα

198 899 494 956 ὖποκειμενον,
522 902 736 955 ,πλειόνως
779 905 940 957 εἴκαζον
970 908 1016 948 ἐκ
1043 911 1121 949 τοῦ
1145 912 1227 951 ταῖν
1252 912 1510 967 Βουλγοὶρων
1538 911 1667 955 τινιὶΒ

192 969 355 1023 γένους,
402 971 444 1018 ἐς
471 968 516 1010 τὸ
559 971 787 1027 διαμπερὲς
814 974 1063 1027 ἐληλαμένον
1093 972 1178 1033 ἥλῳ
1207 977 1280 1017 καί
1305 975 1500 1034 μολύβδῳ
1529 978 1632 1019 πάν-

190 1049 242 1090 τῃ
279 1036 620 1089 κατειλημμένον,
671 1031 700 1090 ἢ
739 1039 840 1088 γοῦν
884 1043 1074 1081 Λατῖνον
1110 1042 1361 1095 διατυποῦν,
1395 1041 1532 1099 ὥσπερ
1575 1043 1627 1098 δὴ

190 1100 263 1140 καί
299 1098 437 1140 παλαι
477 1099 581 1155 πρὸς
617 1102 698 1143 τῶν
737 1099 844 1144 ὅλων
894 1105 1217 1160 διαπεφήμιστο.
1271 1109 1346 1149 καί
1378 1106 1426 1150 τό
1464 1111 1541 1161 μὲν
1578 1112 1632 1165 τῇ

131 1165 270 1206 ῐότῶν
311 1164 645 1219 ἀργυρογνώμων
682 1170 836 1225 χωνείᾳ
875 1172 1099 1223 καθίεται,
1136 1175 1316 1214 Λατῖνοι
1360 1174 1398 1214 δ’
1425 1171 1629 1228 ἔπραττον

190 1231 326 1272 ταῦτα
356 1230 430 1270 ου’κ
459 1233 504 1271 ἐκ
541 1231 785 1287 δειλοίνδρου
814 1234 1053 1276 παντάπασι
1079 1238 1242 1291 γνώμης
1266 1268 1278 1290 ,
1312 1238 1369 1286 αἷς
1399 1239 1628 1294 ἀποφανεῖ-

187 1295 266 1336 ‘tat'
285 1309 349 1344 τις
392 1298 757 1351 καταφρονητικῶς
793 1294 904 1350 ἔχων
939 1299 984 1346 ἐς
1025 1297 1176 1348 αὐτούς
1197 1317 1209 1327 ·
1285 1300 1391 1343 α’λλὰ
1423 1301 1627 1355 μετιόντες

185 1357 322 1401 πάντα
363 1361 438 1402 καί
479 1361 821 1415 διατεχνώμενοι,
860 1361 1034 1418 μήπως
1078 1366 1307 1408 ἐκπέσωσιν
1343 1363 1391 1421 ἧς
1418 1368 1624 1422 ἐπέβησαν

185 1423 368 1476 πόλεως,
398 1421 498 1467 οῦδὲ
535 1425 588 1467 τοὶ
631 1429 771 1468 τοιαδί
795 1430 875 1468 τῶν
900 1427 1177 1482 ἀκουσμάτων
1207 1431 1514 1486 α’περιέργαστα
1544 1450 1624 1474 πα-

121 1505 173 1532 20
186 1493 405 1544 ρατρέχειν
434 1492 678 1544 ἐδοκίμαζον
705 1488 774 1534 οἷα
788 1494 891 1547 μηδ’
918 1490 1084 1543 εἰκαίως
1114 1495 1187 1550 ὑφ’
1217 1495 1414 1538 ἁπάντων
1442 1497 1622 1551 διαθρυ-

182 1553 385 1608 λούμενα,
414 1553 520 1596 ἀλλὰ
551 1554 597 1597 τὸ
624 1555 858 1599 εἰκαστικὸν
883 1560 936 1615 τῇ
965 1560 1124 1616 ἐπινοίᾳ
1156 1560 1431 1610 συνάπτοντες
1462 1563 1621 1603 ἐδικαί-

183 1635 257 1660 ουν
277 1619 336 1675 μη
367 1621 443 1663 εἰῖν
471 1620 743 1675 ἀνεξέταστα,
786 1621 891 1678 πρὸς
919 1621 1119 1676 οὖδεμίαν
1145 1627 1228 1667 τῶν
1254 1623 1442 1679 πράξεων
1473 1627 1656 1672 cimus-C

182 1700 360 1734 πτοντες.
420 1688 512 1743 (17)
544 1686 606 1736 τίς
635 1685 715 1742 γάρ
746 1688 820 1729 οὐκ
850 1686 991 1743 ἴσησιν
1021 1688 1078 1738 ὦς
1104 1683 1154 1744 ἧς
1179 1687 1231 1731 ἄν
1258 1693 1447 1743 ἐπιβαῖεν
1470 1691 1617 1745 χώρας

180 1751 252 1792 καί
290 1751 472 1805 πόλεως,
519 1749 710 1808 καθάπερ
744 1753 898 1802 οἰκείας
934 1754 1065 1809 αὐτῆς
1092 1752 1358 1811 δραττόμενοι
1389 1754 1462 1797 καί
1489 1752 1615 1810 dunc}
1633 1767 1750 1814 νι34ο

275 1902 303 1926 ι.
330 1889 352 1924 ὁ
373 1890 543 1936 φάλαρος
567 1902 609 1936 pt
629 1891 670 1926 A.

178 2012 287 2046 tubae
313 2012 512 2058 clangorem
537 2015 699 2056 arrectis,
724 2015 1048 2060 impervestigatam
1075 2015 1310 2061 reliquerunt.
1335 2014 1430 2048 hunc
1454 2016 1517 2050 alii
1543 2019 1609 2051 Pe-

178 2070 299 2103 gasum
323 2070 400 2092 esse
439 2060 587 2102 dicunt,
622 2072 795 2094 sessorem
821 2062 1154 2107 Bellerophontem,
1183 2062 1245 2094 alii
1267 2062 1385 2095 Iesum
1407 2062 1512 2096 Navis
1538 2065 1609 2097 fili-

178 2117 238 2138 um
276 2117 368 2150 equo
398 2106 578 2151 (quisquis
619 2107 683 2140 ille
720 2109 780 2154 sit)
806 2108 1045 2152 insidentem3
1080 2108 1189 2153 idque
1227 2119 1271 2140 ex
1306 2107 1433 2142 habitu
1467 2115 1606 2144 statuae

177 2157 364 2193 constare,
399 2153 498 2198 quod
537 2153 661 2187 dextra
691 2154 737 2186 ad
775 2166 913 2187 currum
945 2156 1030 2189 solis
1065 2160 1100 2188 et
1138 2156 1246 2187 lunae
1286 2160 1430 2188 extenta
1466 2167 1606 2190 cursum

177 2209 298 2231 eorum
324 2199 427 2232 sistat
469 2205 504 2232 et
529 2199 674 2243 globum
712 2212 861 2233 aeneum
889 2202 1011 2235 laevae
1036 2213 1160 2234 manus
1186 2201 1267 2234 vola
1292 2206 1424 2234 teneat.
1451 2203 1604 2246 proinde

175 2245 314 2278 malleis
353 2247 435 2290 equi
484 2246 580 2278 calce
615 2247 755 2279 revulsa
798 2247 984 2281 humanam
1024 2248 1150 2281 subtus
1187 2247 1373 2292 imaginem
1398 2250 1603 2292 reperiunt,

175 2302 268 2335 quae
291 2293 417 2324 maiori
443 2303 486 2324 ex
507 2299 610 2338 parte
633 2293 819 2337 Bulgarum
844 2295 1000 2340 aliquem
1026 2294 1339 2339 repraesentabat,
1363 2295 1460 2326 clavo
1487 2301 1603 2328 trans-

175 2338 280 2369 fixam
309 2344 345 2370 et
369 2339 517 2382 plumbo
563 2340 723 2384 undique
763 2341 933 2381 cinctam,
960 2353 1034 2374 non
1061 2347 1179 2373 autem
1205 2341 1371 2373 Latinum
1396 2341 1600 2381 referebat,

176 2383 471 2427 quemadmodum
506 2385 640 2418 iamdiu
673 2398 694 2418 a
722 2388 844 2421 multis
885 2388 1077 2421 ferebatur.
1104 2398 1145 2420 ea
1171 2388 1284 2431 imago
1307 2387 1408 2419 fabro
1437 2393 1600 2429 argenta-

175 2429 228 2461 rio
255 2431 441 2463 conflanda
484 2432 565 2465 data
605 2438 659 2465 est
692 2444 711 2464 a
734 2434 892 2475 Latinis,
922 2434 1019 2467 hand
1042 2445 1127 2466 sane
1150 2445 1292 2478 prorsus
1319 2444 1362 2465 ex
1385 2432 1598 2472 timiditate,

175 2480 216 2507 ut
234 2487 297 2518 per
320 2487 440 2509 eorum
464 2484 705 2523 contemptum
730 2481 859 2525 aliquis
883 2481 1108 2526 interpretari
1133 2485 1260 2524 queat:
1286 2479 1349 2511 sed
1374 2479 1456 2522 quia
1482 2480 1600 2510 omnia

174 2521 381 2562 tentabant,
408 2526 525 2557 omnia
551 2526 813 2568 moliebantur,
840 2538 886 2559 ne
911 2527 999 2560 urbe
1024 2524 1129 2572 quam'
1142 2530 1357 2570 occuparant
1380 2524 1595 2565 exciderent,

174 2578 220 2599 ne
246 2567 625 2614 huiusmodi-quidem
649 2583 824 2614 rumores,
865 2575 927 2617 qui
953 2585 1026 2606 non
1047 2574 1123 2606 sine
1149 2583 1252 2605 causa
1276 2570 1319 2602 ab
1348 2569 1511 2602 omnibus
1536 2581 1595 2603 ce-

174 2613 400 2647 lebrarentur
436 2615 498 2648 sed
531 2618 757 2651 verisimilem
789 2620 1026 2653 coniecturam
1055 2619 1249 2657 habereut,
1275 2616 1504 2659 negligendos
1527 2627 1594 2660 pll-

175 2659 324 2701 tabant,
368 2661 467 2693 nulla
514 2662 552 2694 iu
597 2675 635 2696 re
672 2666 903 2710 negligentes.
971 2667 1046 2711 (¹7)
1083 2665 1172 2708 Quis
1221 2663 1315 2694 enim
1350 2663 1466 2694 nescit
1510 2673 1591 2702 eos,

175 2717 425 2752 quamcunque
453 2708 670 2752 provinciam
703 2717 766 2745 aut
795 2711 919 2746 urbem
957 2711 1174 2750 invaserint,
1210 2719 1284 2741 eam
1303 2714 1470 2752 tanquam
1494 2719 1592 2741 suam

251 2775 398 2811 Nic-etas
430 2775 633 2814 choniates.
1302 2776 1344 2820 54
