1838 3210
242 174 258 207 1
280 174 298 208 1
314 175 341 208 2
655 167 880 210 NICETAE
929 163 1240 206 CHONJATAE

233 275 317 319 τοῖς
354 270 399 311 ἐκ
442 272 515 310 τοῦ
554 265 759 324 φρουρίου
790 259 1103 318 προσηγγικότες
1141 258 1335 312 ε’κθύμως
1364 260 1659 316 διημιλλῶντο·

233 335 270 376 οἱ
314 337 360 375 δὲ
400 333 552 381 πάσαις
580 333 666 373 κατ’
702 330 842 371 αὖταῖν
882 329 1061 382 ἐχρῶντο
1091 330 1236 380 βολαῖς
1264 325 1336 366 καί
1363 329 1508 375 λίθους
1536 329 1663 384 οἷπερ-

233 401 401 454 ρίπτουν
435 399 741 451 χειροπληθεῖς.
807 390 897 435 ἀλλ’
927 393 1049 434 ου’δὲν
1076 387 1252 447 ἤνυτον·
1322 384 1437 433 οὗτοι
1461 390 1564 448 γάρ,
1590 390 1667 436 ὅσα

231 466 305 505 καί
332 459 508 514 ἄκμονες
538 458 786 515 ραϊστῆρσι,
829 459 1035 506 παντοίοις
1059 455 1308 510 τυπτόμενοι
1330 455 1538 511 βλήμασιν
1564 455 1668 500 ἅκα-

230 544 378 581 μαντες
406 523 512 580 ἦσαν
546 528 617 566 καί
658 525 944 579 οἷπερίτρεπτοι
973 522 1045 564 καί
1070 521 1146 576 τὴν
1174 521 1296 575 ἰσχὺν
1326 518 1537 564 οἷνένδοτοι
1567 522 1704 570 κοῖπίὄ

232 587 333 641 τοῖς
354 592 534 645 παροῦσι
583 592 734 639 δεινοῖς
774 586 1089 643 οἷκατάπληκτοι.
1159 584 1235 629 κᾶν
1261 589 1476 630 κάλλιστον
1502 586 1666 644 εἰλήφει

233 662 343 707 τέλος
378 655 429 697 τοὶ
475 657 548 698 τοῦ
584 656 738 710 ἀγῶνος
767 657 913 707 τοῦδε,
963 657 1035 695 καί
1056 651 1278 706 Ῥωμαίοις
1317 654 1494 707 ἐγεγόνει
1538 653 1666 711 πάντῃ

131 739 165 771 Ρ,
180 738 218 781 57
235 721 480 765 κυδαντικά·
509 724 585 764 νῦν
615 723 653 763 δ’
679 723 768 763 ἀλλ’
799 721 824 775 ἦ
847 726 938 769 ταῖς
970 721 1052 761 ταῖν
1078 721 1265 774 πράξεων
1294 720 1506 773 μεγίσταις
1534 721 1670 762 ἐπεισ-

236 791 440 844 ερχομένη
483 786 654 841 οἴγεννης
691 788 944 841 περίπτωσις
971 786 1041 827 καί
1068 783 1114 826 τὸ
1144 780 1248 838 ἄγαν
1277 786 1349 826 αἐί
1371 801 1458 835 πως
1486 800 1670 838 παρακο-

233 857 443 904 λούουσα,
474 851 612 906 α’ρχὴν
642 853 817 908 α’ρίστην
846 852 1052 892 ὑποθεῖσα
1082 852 1137 907 τῷ
1164 849 1268 907 ἔργῳ
1293 852 1366 892 καί
1391 853 1444 907 τῇ
1470 853 1670 904 προθέσει
1689 867 1734 894 ιο

233 918 334 961 κατὰ
380 918 520 974 βραχύ
552 934 638 966 πως
678 914 1002 969 ὖποθοίλπουσα,
1049 915 1147 970 περὶ
1173 914 1219 957 τὸ
1250 918 1380 970 πέρας
1409 913 1670 972 ἧγνωμόνησε

231 985 275 1027 τὸ
303 985 544 1039 ἐπέραστον.
602 979 682 1038 ἤδη
712 982 792 1038 γὰρ
817 984 891 1024 τοῦ
908 979 1139 1024 Πουπάκου
1170 983 1243 1035 τῆς
1271 983 1468 1034 κλιμακος
1491 982 1670 1035 ἀποβάν·

232 1067 301 1100 τος
339 1051 411 1092 καί
433 1049 490 1093 τώ
535 1047 633 1091 πόδε
661 1055 752 1098 ταῖς
794 1051 964 1103 πέτραις
1011 1049 1318 1102 ε’νερείσαντος,
1358 1044 1459 1090 ὅθεν
1488 1050 1671 1098 καὶτοῖς

233 1118 278 1158 ἐκ
303 1117 384 1158 τῶν
415 1118 563 1168 τειχῶν
603 1116 840 1169 διεφέρετο,
882 1113 907 1166 ἦ
939 1116 1088 1165 κλῖμαξ
1127 1114 1462 1163 α’ποκαυλιζετοιι,
1529 1115 1602 1154 καί
1634 1110 1672 1154 οἱ

231 1183 308 1235 μὲν
333 1177 450 1222 ἄλλοι
481 1178 631 1228 πάντες
658 1178 866 1232 κύμβαχοι
897 1180 968 1220 ἐπὶ
992 1177 1178 1232 βρεχμόν
1205 1194 1249 1220 τε
1277 1178 1350 1220 καὶ
1380 1174 1521 1232 ὤμους
1548 1180 1672 1221 ἐλέει·
1691 1183 1737 1224 15

232 1246 300 1290 νον
319 1247 638 1300 ἐπανετρέποντο
661 1247 803 1296 θέαμα
823 1246 895 1285 καί
913 1238 1083 1293 ἄπιστος
1113 1240 1209 1296 ὄψις
1228 1244 1482 1299 οἶκτίρμοσιν
1507 1241 1674 1300 ὄφθαλ·

234 1318 355 1366 μοῖς,
397 1312 469 1352 καί
497 1312 630 1359 κακῶς
670 1309 1002 1364 παραπώλλυντο
1038 1314 1122 1359 τοῖς
1156 1313 1237 1351 τῶν
1265 1310 1458 1363 κυμάτων
1488 1308 1684 1367 διαύλοις,

237 1376 458 1434 φερόμενοι
484 1375 556 1418 καί
580 1379 752 1430 πέτραις
785 1375 858 1416 καὶ
883 1377 990 1430 νηῶν
1021 1374 1406 1431 προσαραττόμενοι
1434 1375 1678 1431 καταστρώ-

196 1457 364 1497 Βμασι,
392 1444 469 1483 κοῖκ
503 1444 586 1483 τῶν
625 1439 790 1493 ὑψόθεν
820 1442 953 1489 λίθοις
998 1440 1380 1495 καταχωννύμενοι,
1410 1441 1466 1491 ὥς
1499 1445 1683 1498 βραχεῖς

238 1510 311 1551 ἀπ’
338 1508 502 1551 ἐκείνων
544 1507 593 1561 δὴ
626 1509 707 1548 τῶν
734 1508 897 1548 πολλῶν
936 1506 1009 1548 τὸν
1032 1508 1223 1548 κίνδυνον
1251 1510 1488 1563 διεκφυγεῖν
1508 1525 1520 1536 ·
1579 1508 1602 1548 ὅ
1631 1509 1678 1550 δέ
1690 1506 1742 1550 αδ

238 1591 283 1630 γε
311 1571 545 1627 Πουπάκης
586 1571 686 1621 τούς
729 1573 772 1614 ἐν
810 1578 895 1620 τοῖς
926 1574 1081 1625 τείχεσι
1124 1571 1384 1628 διασοβήσας
1424 1574 1496 1615 καί
1521 1574 1677 1615 πυλίδα

239 1637 580 1691 ἀναπεπταμένην
608 1635 745 1691 εὑρών
775 1639 830 1678 δι’
861 1638 993 1690 αὐτῆς
1030 1637 1222 1692 ἐξέθορεν
1255 1640 1313 1688 εἰς
1342 1637 1388 1679 τὸ
1419 1637 1675 1694 στράτευμα.

127 1719 227 1763 v,[,5
240 1706 313 1746 καί
341 1698 391 1758 ἦν
417 1705 537 1744 τοῦτο
568 1698 616 1742 οὗ
644 1700 868 1754 Ῥωμαίοις
897 1700 1024 1755 μόνον
1052 1705 1125 1743 καί
1149 1706 1319 1755 βασιλεῖ
1342 1705 1395 1745 δι’
1423 1701 1678 1758 ἐκπλήξεως,

243 1766 348 1810 ἀλλὰ
380 1769 453 1809 καί
479 1771 564 1817 τοῖς
602 1767 862 1815 ὑπεναντίοις
900 1769 1045 1816 αὐτοῖς
1089 1766 1159 1808 διὰ
1190 1767 1435 1822 θαύματος,
1470 1770 1514 1811 οἳ
1536 1770 1610 1810 καί
1631 1767 1678 1810 τὸ

242 1832 524 1888 ἀπάνθρωπον
550 1833 850 1880 ὀνειδισθέντες
874 1833 950 1872 καί
968 1829 1011 1873 τὸ
1040 1833 1110 1886 τῆς
1138 1833 1303 1887 γνώμης
1328 1831 1535 1889 α’νήμερον
1562 1835 1680 1888 ἐπεγ-
1694 1840 1745 1881 25

243 1901 460 1954 κληθέντες
489 1892 549 1946 οἷς
570 1899 889 1945 καταλιθοῦντες
918 1893 1082 1938 ἄνωθεν
1115 1893 1221 1951 ἦσαν
1244 1897 1339 1948 τοὺς
1370 1899 1684 1955 οἷνατραπέντας

337 1987 369 2018 3.
395 1984 509 2027 ἤνυον
533 1987 571 2018 A.
740 1996 787 2017 12.
811 1983 850 2018 τὸ
878 1985 1100 2032 ἐπέραστον]
1138 1984 1253 2022 ποσὸν
1281 1987 1440 2031 ε”ραστον
1460 1988 1500 2021 Α.
1621 1989 1686 2030 τῆς

336 2031 536 2078 κλίμακος]
573 2031 613 2065 ἐκ
636 2032 699 2073 τῆς
724 2031 864 2067 audias
888 2031 952 2065 ἐπὶ
976 2030 1016 2065 τὰ
1048 2034 1212 2079 κάστρον
1238 2033 1473 2075 πηδήσαντος
1497 2035 1561 2067 καὶ
1588 2031 1682 2080 μετὰ

337 2081 405 2111 τοῦ
433 2076 552 2115 ποδὸς
575 2077 696 2110 αὐτοῦ’
723 2078 763 2110 ἐκ
792 2079 866 2111 τῶν
889 2079 1079 2123 θεμελίων
1102 2078 1238 2120 ταύτην
1265 2079 1496 2120 ardeamus,
1520 2081 1638 2123 ἐκόπη
1664 2080 1686 2123 ἤ

339 2123 457 2158 oxma
481 2124 518 2155 Β.
618 2126 668 2160 18-
694 2124 934 2169 φορούμενοι
957 2125 996 2156 Λ.
1113 2134 1168 2158 21.
1194 2125 1346 2173 πυλίδα]
1383 2127 1627 2175 παραπόρτιν
1649 2129 1686 2163 Β.

247 2230 321 2263 bris
347 2229 430 2262 telis
455 2228 669 2268 ferirentur,
696 2227 869 2262 indefessi
896 2229 1099 2262 immobiles
1126 2236 1162 2263 et
1192 2231 1230 2263 in
1255 2232 1426 2274 periculis
1454 2233 1686 2278 imperterriti

249 2275 537 2322 perseverabant.
579 2280 688 2319 atque
722 2275 761 2307 id
799 2281 978 2308 certamen
1012 2277 1146 2309 exitum
1179 2277 1459 2320 pulcherrimum
1500 2279 1688 2315 habuisset

251 2332 486 2366 magnamque
512 2322 679 2354 Romanis
705 2321 854 2366 gloriam
885 2322 1104 2367 peperisset,
1130 2323 1202 2355 nisi
1230 2335 1330 2357 casus
1354 2326 1502 2370 quidam
1525 2327 1689 2373 inauspi-

253 2376 352 2403 catus
393 2374 429 2401 et
469 2368 589 2400 nimiis
627 2368 849 2401 successibus
889 2368 1053 2402 invidens
1079 2370 1254 2413 optimum
1288 2372 1506 2417 principium
1531 2379 1567 2406 et
1589 2385 1688 2418 spem

251 2416 358 2449 initio
397 2416 529 2447 bonam
559 2413 698 2447 infelici
731 2415 829 2447 exitu
864 2415 1101 2448 terminasset.
1136 2428 1218 2448 nam
1249 2428 1327 2450 cum
1363 2419 1520 2463 Pupaces
1545 2421 1618 2453 iam
1644 2421 1689 2454 de

250 2463 346 2496 scala
371 2460 617 2494 descendisset
646 2467 682 2493 et
710 2461 820 2505 gradu
853 2461 891 2493 in
916 2473 1003 2506 rupe
1031 2462 1169 2495 firmato
1197 2475 1275 2496 cum
1301 2464 1465 2498 hostibus
1490 2465 1688 2509 dimicaret,

251 2509 344 2543 scala
369 2508 548 2540 confracta
573 2507 705 2540 caeteri
730 2507 986 2541 miserabiliter
1010 2509 1047 2540 in
1065 2508 1192 2542 fluctus
1223 2521 1306 2542 saxa
1325 2517 1361 2544 et
1384 2513 1529 2545 navium
1547 2513 1691 2547 tabula-

250 2562 287 2590 ta
309 2554 563 2600 praecipitati,
604 2565 758 2598 superne
791 2555 899 2587 etiam
939 2555 1031 2587 saxis
1061 2555 1181 2588 obruti
1215 2557 1382 2602 plerique
1416 2559 1624 2603 perierunt,
1649 2572 1691 2594 ac
1731 2555 1735 2558 ⁴

250 2602 358 2648 pauci
381 2612 424 2634 ex
458 2600 581 2634 multis
615 2601 689 2633 illis
721 2606 912 2634 evaserunt
947 2601 1154 2634 incolumes.
1192 2608 1228 2635 at
1261 2605 1415 2649 Pupaces
1456 2616 1535 2638 cum
1568 2606 1690 2641 hostes

253 2648 442 2683 moenibus
469 2647 670 2692 pepulisset
697 2658 736 2680 ac
762 2659 905 2692 parvam
928 2654 1067 2692 portam
1095 2655 1254 2692 apertam
1285 2651 1498 2695 reperisset,
1523 2663 1590 2697 per
1613 2664 1690 2688 eam

253 2697 293 2730 in
317 2700 431 2727 castra
463 2693 592 2736 rediit3
628 2704 721 2738 quae
754 2705 808 2727 res
834 2705 906 2726 non
930 2695 1096 2727 Romanis
1120 2700 1260 2728 tantum
1296 2702 1332 2730 et
1371 2697 1600 2742 imperatori,
1626 2700 1691 2734 sed

256 2741 421 2775 hostibus
449 2741 556 2774 etiam
593 2741 731 2785 stupori
757 2747 793 2774 et
817 2741 1045 2774 admirationi
1078 2741 1157 2775 suit.
1184 2742 1315 2787 quibus
1342 2755 1420 2777 cum
1445 2745 1689 2782 inhumanitas
