1878 3230
259 147 375 224 494
687 162 918 224 mem-An
958 160 1271 205 cnomATAss

258 263 407 321 κράτος
446 260 551 304 οὕτω
586 261 685 310 τούς
731 261 774 309 ἐξ
805 256 952 308 ἄστεος
982 262 1204 313 τρέπονται
1235 260 1292 309 ὥς
1323 261 1395 303 καὶ
1424 264 1499 318 ’τὴν
1535 266 1696 322 τάφρον

259 326 435 377 ἄκοντας
473 328 684 382 διαβῆναι·
714 326 787 366 καί
823 327 1065 380 προσφῦναι
1104 331 1189 374 τοῖς
1230 327 1429 379 τείχεσιν·
1487 330 1696 385 ἐπήμυνον

258 397 306 437 δὲ
330 394 472 440 αὐτοῖς
503 390 541 432 οἱ
580 392 664 432 τῶν
701 393 854 444 τειχῶν
891 389 1259 447 ὑπερφαινόμενοι.
1314 392 1388 434 καί
1422 393 1474 435 τά
1512 396 1591 447 μὲν
1623 398 1695 450 τῆς

256 459 347 500 τόθ’
378 458 537 513 ἡμέρας
563 458 612 498 ἐν
651 454 814 505 τούτοις
851 454 1017 510 ἔληξεν·
1078 452 1312 510 ἀνοχεύσας
1343 459 1382 498 δ’
1420 460 1486 515 ἐφ’
1514 458 1696 515 ἡμέραις

256 526 372 566 πέντε
400 522 473 570 τὰς
503 522 656 571 οἰκείας
683 520 883 574 δυνάμεις
909 518 930 562 ὅ
960 519 1159 576 τύραννος
1190 524 1269 564 τῶν
1298 524 1438 566 αῠτῶν
1459 525 1546 577 καί
1570 526 1732 570 πάλιν5

252 587 392 642 ἔχεται
418 588 581 638 πόνων,
622 592 710 636 τοῖς
736 585 975 642 περιβόλοις
1017 586 1192 636 ἐπιστάς
1231 590 1303 642 τῆς
1341 587 1510 639 πόλεως.
1568 593 1698 633 ποιῶν

252 657 290 696 δ’
317 656 518 712 ἐπίφοβον
545 659 628 703 τοῖς
657 655 852 702 ἀστυκοῖς
880 650 1036 695 ἑαυτὸν
1065 654 1138 695 καί
1167 655 1479 707 διαστασιάζειν
1506 657 1558 699 τά
1580 656 1698 700 ἔνδον

251 719 533 775 πειρώμενος,
557 718 712 774 μοῖράν
751 734 846 760 τινα
873 720 949 772 τῆς
990 715 1145 760 ἑαυτοῦ
1180 722 1379 775 στρατιᾶς
1417 723 1698 777 παρελόμενος

250 788 452 839 ἐκπέμπει
477 784 585 827 κατὰ
615 783 690 839 τήν
711 783 878 839 βόρειον
903 783 1185 839 α’ντίπορθμον
1211 786 1283 840 τῆς
1311 786 1470 836 πόλεως
1498 788 1697 843 πλευράν,

250 849 343 907 ἥτις
373 850 498 907 πόρος
526 848 627 905 βοὸς
657 848 922 904 κικλήσκεται
942 881 954 903 ,
985 849 1063 905 ἀφ’
1090 845 1139 905 ἧς
1169 851 1413 907 καταφανής
1441 855 1553 895 ἐστιν
1579 853 1697 908 ἀκρι·
1716 867 1761 896 ro

206 919 334 971 Ββῶς
364 916 386 958 ὅ
414 920 544 971 μέχρι
571 919 653 973 τιὸν
681 918 725 958 ἑν
742 917 1006 970 Βλαχὲρναις
1035 916 1273 971 ἀνακτόρων
1290 915 1517 971 συρόμενος
1537 919 1698 961 θαλάτ-

247 998 334 1032 τιος
360 981 509 1035 όλκός,
538 981 611 1023 καί
639 978 717 1024 ὅσα
745 979 848 1036 πρός
877 975 1032 1033 ἄνεμον
1062 982 1233 1036 Βορρᾶν
1268 982 1550 1025 ἑπινενεύκασι
1587 987 1696 1038 μέρη

247 1051 321 1104 τῆς
349 1047 521 1096 πόλεως.
578 1049 651 1089 καί
692 1046 735 1088 οῗ
769 1062 815 1101 γε
854 1044 898 1088 τό
945 1047 1294 1102 ἐπιτετραμμένον
1338 1051 1448 1090 τέλει
1485 1047 1696 1102 διδόντες,

249 1112 350 1162 τούς
388 1115 522 1156 ε’κεῖσέ
563 1130 619 1169 πῃ
663 1110 899 1167 μετεώρους
928 1110 1139 1168 γηλόφους
1169 1112 1354 1163 ἀνιόντες
1392 1113 1470 1164 τάς
1511 1118 1696 1170 ’σημαίας

251 1178 485 1236 ἦνέμωσαν.
543 1180 563 1221 ὃ
593 1181 638 1221 δὲ
669 1177 784 1234 ἥλιος
811 1183 896 1226 τοῖς
918 1177 1108 1232 θώραξιν
1141 1180 1355 1232 ἐμπίπτων
1381 1182 1454 1222 καί
1485 1186 1571 1229 τοῖς
1610 1183 1694 1224 τῶν
1712 1183 1760 1224 15

248 1247 515 1303 στρατιωτῶν
544 1244 821 1301 προσβάλλων
847 1242 1013 1299 θώραξι
1043 1243 1308 1298 νεοσμήκτοις
1340 1241 1436 1286 οὖσι
1468 1248 1542 1287 καί
1568 1248 1694 1295 λείοις

247 1315 380 1356 ἐποίει
411 1310 731 1354 ἀποπάλλεσθαι
748 1307 902 1351 τούτων
931 1309 1033 1350 κατὰ
1067 1309 1235 1364 καμπὴν
1273 1309 1346 1351 καὶ
1371 1311 1573 1354 ἐπάνοδον
1612 1314 1693 1354 τῶν

112 1385 152 1419 V.
173 1396 235 1430 ¹99
248 1379 428 1421 ἀκτίνων
474 1375 791 1431 σελαγισμάτων
829 1376 1195 1430 ἑκπυρηνίσματα,
1241 1375 1297 1425 ὥς
1331 1379 1428 1418 καθ’
1467 1375 1693 1432 ὄμηγύρεις

246 1446 319 1487 τόν
347 1443 526 1486 ἀστυκόν
554 1445 833 1496 συλλέγεσθαι
862 1441 994 1495 δῆμον
1020 1442 1080 1489 εἰς
1101 1439 1154 1482 τὰ
1175 1441 1427 1496 ἀνεστηκότα
1447 1445 1518 1497 τῆς
1534 1443 1693 1492 πόλεως

242 1509 414 1566 γήλοφα
442 1511 514 1551 καί
540 1507 591 1550 τὰ
627 1504 891 1564 πραττόμενα
922 1507 1108 1548 θεᾶσθαι
1137 1509 1211 1548 καί
1245 1507 1316 1549 διὰ
1347 1510 1542 1550 πλείστου
1578 1511 1691 1550 τίθε-
1704 1526 1755 1553 20

245 1579 350 1617 σθαι
375 1573 615 1628 θαύματος.
675 1571 782 1626 μετὰ
813 1574 860 1614 δὲ
892 1573 1017 1613 τοῦτο
1057 1574 1129 1613 καί
1163 1571 1264 1620 τούς
1298 1575 1369 1627 τῆς
1403 1575 1692 1628 Προποντίδος

249 1639 464 1698 οἰκήτορας
497 1642 556 1688 εἰς
587 1635 762 1687 ἑαυτούς
792 1636 1099 1690 ἐπεσπάσαντο,
1130 1638 1174 1679 οἳ
1189 1637 1329 1694 μάχης
1356 1639 1435 1692 μὲν
1465 1641 1517 1680 ου’
1543 1638 1693 1687 πάντες

342 1783 394 1806 ιο.
411 1767 668 1815 κικλήσκεται]
686 1766 869 1808 κλεΐζεται
884 1769 921 1801 Α.
979 1766 1027 1799 13.
1043 1767 1106 1799 καὶ
1120 1766 1159 1799 οἵ
1172 1765 1229 1813 γε]
1248 1767 1286 1800 οἳ
1300 1765 1387 1800 δὲΑ.
1441 1767 1489 1812 ¹4·
1506 1766 1689 1814 ἀνιόντες]

340 1817 472 1851 α’νίασι
489 1813 557 1853 τοίς
573 1823 607 1848 σ.
623 1814 887 1860 ’ἀνεμώσαντες
901 1815 940 1846 A.
994 1815 1044 1847 15.
1064 1812 1084 1846 ό
1101 1812 1154 1859 δὲ]
1169 1806 1211 1846 τὰ
1230 1812 1271 1847 δὲ
1290 1812 1440 1856 ἅρματα
1457 1813 1690 1859 καινούργια

339 1863 430 1898 ὄντα
457 1864 520 1895 καὶ
546 1855 621 1895 ὐπὸ
647 1865 723 1895 τῶν
746 1859 913 1894 α’κτίνων
937 1862 1006 1893 τοῦ
1029 1859 1139 1901 ἡλίου
1164 1859 1389 1906 λαμπόμενα
1413 1860 1618 1905 ἐφαίνοντο
1640 1860 1690 1897 ὥς

338 1912 417 1955 πῦρ
443 1910 664 1954 ἕξέρχεσθαι
694 1908 760 1940 ὑπ’
783 1905 908 1940 αδτιῦν
931 1907 967 1938 Β.
1060 1908 1109 1940 ι6.
1134 1907 1292 1952 θώραξι]
1317 1905 1452 1944 ὅπλοις
1479 1907 1518 1939 Α.
1633 1917 1688 1940 21.

338 1955 433 2003 μετά
462 1955 518 2003 δὲ]
547 1954 718 1998 ὕπέκυψε
745 1953 785 1987 δὲ
811 1955 873 1987 καὶ
899 1952 1066 1996 ὑπετάγη
1091 1955 1142 1985 ταῦ
1165 1953 1325 1987 τοιούτω
1349 1952 1542 1994 α’ποστοῖτη
1569 1955 1690 1998 βρανᾶ

341 2004 404 2035 καὶ
443 2001 528 2039 ὅλος
564 2002 632 2036 τοῦ
673 2001 809 2036 onero&
849 1999 871 2034 ὁ
908 1998 1024 2036 τόπος
1049 1999 1095 2031 ·B.
1263 2009 1319 2035 22.
1353 1997 1490 2034 ἑαυτόν
1521 1998 1689 2034 ἐπεσπά-

341 2059 432 2083 σατο
463 2049 502 2081 A.

248 2168 325 2201 dies
349 2165 380 2199 V
413 2165 582 2198 recreatis
617 2175 735 2196 rursus
762 2162 906 2195 eosdem
932 2162 1074 2195 labores
1103 2161 1334 2206 oppugnandi
1362 2162 1502 2194 moenia
1523 2164 1688 2206 capessit,

249 2213 358 2247 simul
379 2217 421 2244 ut
435 2223 472 2244 se
491 2211 639 2243 urbanis
669 2209 935 2242 formidabilem
954 2209 1156 2253 praeberet,
1173 2208 1280 2241 simul
1305 2207 1410 2240 etiam
1437 2213 1476 2240 ut
1500 2207 1688 2243 dissidium

250 2262 346 2294 inter
373 2259 466 2291 cives
493 2257 689 2297 excitaret3
729 2268 770 2288 ac
809 2261 948 2300 partem
972 2255 1155 2300 copiarum
1196 2254 1241 2286 ad
1278 2254 1568 2298 Septentrionale
1592 2256 1687 2289 latus

250 2307 334 2341 urbi
363 2305 553 2338 obversum
586 2304 717 2342 mittit,
746 2303 809 2346 qui
836 2305 1011 2346 Bosporus
1042 2301 1183 2333 dicitur.
1210 2300 1305 2332 unde
1330 2305 1462 2333 tractus
1489 2302 1597 2334 maris
1623 2303 1687 2347 qui

251 2363 366 2398 usque
391 2351 438 2383 ad
466 2350 717 2383 Blachernium
744 2348 919 2393 palatium
944 2348 1103 2392 pertinet
1137 2352 1259 2390 aperte
1291 2347 1468 2386 cernitur,
1506 2354 1688 2382 caeterae-

252 2411 324 2446 que
346 2403 466 2444 partes
489 2396 589 2429 urbis
609 2406 701 2439 quae
728 2395 774 2427 ad
798 2395 1014 2439 Aquilonem
1040 2399 1199 2437 vergunt.
1226 2393 1253 2424 ii
1278 2404 1359 2436 ergo
1386 2394 1480 2426 iussa
1505 2405 1688 2439 exequen-

251 2453 327 2487 tes,
350 2443 493 2478 vexillis
522 2443 561 2475 iu
598 2442 710 2475 altum
746 2441 874 2482 elatis,
904 2441 1060 2474 tumulos
1090 2445 1276 2483 occupant.
1314 2445 1351 2472 at
1385 2440 1471 2472 solis
1505 2441 1598 2473 radii
1623 2442 1687 2486 qui

252 2495 291 2529 in
316 2492 481 2526 thoraces
509 2494 546 2522 et
573 2499 669 2521 arma
695 2488 849 2520 militum
877 2497 999 2519 recens
1026 2486 1139 2530 polita
1167 2491 1203 2518 et
1231 2486 1345 2518 laevia
1370 2485 1604 2529 incidebant,
1631 2499 1687 2521 re-

254 2539 358 2575 fracti
385 2537 476 2582 ignis
510 2537 622 2569 instar
650 2534 868 2566 relucebant.
905 2534 1028 2577 itaque
1054 2532 1210 2564 urbanus
1239 2533 1394 2576 populus
1430 2534 1614 2567 turmatim
1647 2535 1686 2568 in

254 2587 428 2620 editiores
455 2583 564 2617 colles
589 2580 688 2614 urbis
719 2581 817 2613 illius
847 2579 1042 2624 spectaculi
1070 2579 1182 2622 gratia
1208 2580 1419 2620 convolans,
1457 2592 1591 2613 summa
1621 2581 1687 2613 ad-

256 2633 446 2668 miratione
469 2629 630 2662 afficitur.
656 2627 786 2660 deinde
811 2625 1038 2670 Propontidis
1059 2626 1166 2658 etiam
1191 2626 1326 2658 incolas
1352 2632 1585 2667 attraxerunt,
1611 2638 1686 2660 non

256 2683 294 2714 in
309 2691 346 2712 re
362 2677 508 2712 militari
533 2675 595 2709 sed
621 2676 657 2707 in
680 2675 784 2706 remis
810 2673 954 2716 agendis
978 2673 1132 2705 maximo
1150 2683 1296 2704 numero
1314 2674 1636 2706 exercitatissimos.
1656 2674 1682 2705 ii

258 2727 406 2774 scaphas
433 2724 478 2758 ad
505 2723 656 2770 piscium
685 2726 866 2766 capturam
894 2719 1083 2753 fabricatas
1110 2720 1147 2753 in
1172 2730 1279 2755 naves
1305 2720 1453 2754 bellicas
1478 2725 1682 2758 mutarunt,
