1838 3210
312 185 329 218 1
351 168 416 221 ιδ
728 180 953 222 Momm:
990 177 1299 220 cuomATAss

301 300 347 326 τε
374 280 450 326 οὖν
487 284 568 325 τῶν
602 276 859 334 πετροβόλων
889 272 1071 330 ὀργάνων
1101 273 1152 317 τοὶ
1181 274 1290 328 βάρη
1318 276 1398 315 τῶν
1426 277 1555 316 λίθων
1583 271 1727 330 ἦφίετο

302 349 606 402 συνεχέστερα,
637 343 708 384 καί
735 341 774 383 οἱ
801 338 964 391 τοξόται
992 340 1106 395 παρὰ
1134 337 1267 392 μαζὸν
1298 338 1366 380 αἐἰ
1392 338 1629 390 πελάζοντες
1654 338 1729 387 τὰς

301 413 453 467 νευρὰς
496 411 567 452 καί
603 412 679 452 ἕως
707 410 788 449 τῶν
821 407 1035 462 γλυφίδων
1076 408 1258 453 ἕλκοντες
1295 405 1542 460 νιφάδεσσιν
1570 403 1729 446 ἐοικότα

300 475 536 532 χειμερίῃσι
565 471 669 515 κατὰ
702 473 785 514 τῶν
806 472 878 513 ἐπὶ
903 474 980 512 τοῦ
1001 473 1163 524 τείχους
1189 468 1240 512 τοὶ
1268 471 1370 523 βέλη
1398 469 1594 523 ἔπεμπον.
1622 465 1729 523 ἦσαν

302 545 348 584 δὲ
377 539 479 582 κατα
509 538 640 590 πολλὰ
669 539 777 593 μέρη
801 538 877 579 τοῦ
903 535 1106 591 ἐρύματος
1131 537 1203 578 καί
1228 536 1272 577 οἳ
1295 533 1366 587 διὰ
1397 537 1480 577 τῶν
1505 534 1766 591 φαράγγωνὸ

301 607 418 660 δίκην
450 602 684 659 αἶγάγγρων
724 602 1066 658 ἐκρημνοβάτουν.
1134 600 1373 657 ἐπεραίνετο
1412 602 1460 642 δὲ
1490 600 1612 642 οὐδὲν
1640 601 1732 642 ἄλλ’

198 679 229 710 P.
247 668 330 726 597²}
358 668 451 713 ὅσον
479 668 537 725 μὴ
569 669 718 725 αἐργόν
747 667 932 723 ὁρᾶσθαι
956 666 1031 723 τὴν
1059 665 1284 723 στρατιάν·
1343 665 1382 707 οἱ
1412 663 1490 721 γὰρ
1517 663 1634 707 ἔνδον
1663 664 1735 706 καὶ

302 737 428 779 αὐτοὶ
463 738 661 790 γενναίως
693 733 981 787 α’πεμάχοντο,
1022 731 1294 774 ὖποκατιέναι
1319 733 1398 784 μὲν
1421 730 1494 773 καί
1523 729 1734 785 συστάδην

302 797 855 852 ἆντιπλέκεσθαιῬωμαίοις
881 797 1082 850 οὐμενοῦν
1107 797 1302 850 οὖδαμῶς
1322 793 1623 849 δοκιμάζοντες,
1649 793 1731 837 οἷπὸ

302 869 350 908 δὲ
377 868 459 907 τῶν
502 865 654 918 τειχῶν
681 864 950 911 παντοδαπῶς
993 861 1276 915 ἀμυνόμενοι,
1307 863 1379 903 καί
1403 862 1543 914 βέλεσι
1575 862 1645 902 καί
1672 861 1733 902 λί-
1751 875 1796 901 ιο

301 933 392 973 θων
420 931 597 985 α’φέσεσι
622 928 831 976 παντοίοις
850 929 1066 976 κακοῦντες
1091 925 1137 969 τὸ
1174 924 1489 979 ἀνθιστάμενον.
1524 924 1602 973 ’ὥς
1629 923 1733 979 ἔγνω

301 998 443 1038 τοίνυν
485 992 507 1036 ὅ
542 994 740 1048 βασιλεὺς
780 991 999 1042 ἀδυνάτοις
1037 994 1278 1048 ἐπιχειρῶν,
1303 993 1631 1045 μεταναστεῦσαι
1659 991 1765 1043 μὲιν

301 1062 463 1103 ἐκεῖθεν
500 1059 575 1100 καί
605 1058 681 1113 τὴν
718 1061 957 1113 πολιορκίαν
993 1059 1211 1113 α’φεικέναι
1254 1058 1472 1099 ἀτέλεστον
1500 1056 1572 1096 οὐκ
1603 1054 1734 1110 ἔκρινε

303 1127 411 1177 δεῖν,
441 1126 512 1166 καί
538 1125 707 1174 α’δοξίας
727 1118 861 1173 ἄλλως
893 1121 1029 1180 ἑαυτῷ
1049 1125 1270 1177 παραίτιον
1289 1119 1544 1172 ὖπετόπαζεν
1575 1122 1615 1162 εἰ
1636 1125 1734 1162 πολ-

291 1184 354 1231 ·λὰ
384 1188 528 1243 καμὼν
558 1188 631 1230 καί
654 1185 729 1230 οὖκ
756 1189 897 1242 ὀλίγας
914 1187 1007 1237 ἴλας
1035 1185 1307 1235 ἀπολωλεκώς
1328 1184 1630 1242 στρατιώτιδας
1653 1185 1733 1239 οὐχ
1751 1187 1798 1227 15
1836 1217 1838 1223 .

301 1256 384 1305 ἕξει
413 1253 617 1310 φρούριον
643 1255 687 1295 ἓν
714 1255 876 1306 ἐξελεῖν,
909 1252 984 1294 καί
1010 1255 1133 1295 τοῦτο
1163 1252 1368 1308 πρότριτα
1381 1249 1603 1304 Ῥωμαίοις
1631 1247 1734 1292 ὑπό·

303 1335 460 1376 φορον,
487 1316 632 1372 βόσκοι
661 1320 708 1361 δὲ
734 1318 805 1360 καί
831 1320 902 1360 ἐπὶ
931 1320 1002 1373 τῆς
1031 1316 1184 1367 οἰκείας
1210 1319 1372 1371 χιλίους
1399 1316 1574 1374 λῃστάς,
1606 1316 1735 1371 ὅρμη-

301 1383 444 1440 τήριον
484 1387 631 1440 παρείς
658 1383 730 1426 καί
752 1382 968 1426 νεώσοικον
1006 1389 1099 1432 ταῖς
1127 1383 1384 1426 Σικελιῶτισι
1414 1380 1602 1438 τριήρεσι
1629 1382 1734 1424 κατὰ

261 1447 515 1503 ΒῬωμαάυν
542 1448 596 1492 τοὶ
624 1451 843 1505 Κέρκυρα.
909 1447 1130 1503 ἐπεβάλετο
1157 1450 1294 1491 τοίνυν
1323 1451 1633 1504 χρονοτριβεῖν·
1661 1443 1736 1489 ἄλ-

301 1520 355 1570 λη
381 1517 462 1570 γάρ
493 1516 672 1568 οὐδεμία
695 1531 761 1563 τις
785 1513 901 1564 ἐλπίς
919 1515 1156 1557 ὑπελείπετο
1186 1521 1270 1563 τοῖς
1283 1516 1577 1569 χρηστοτέροις
1605 1512 1735 1555 αυ’τόν
1749 1528 1799 1552 20
1836 1531 1838 1533 ·

300 1580 604 1633 ὖποσαίνουσα,
634 1579 704 1622 διοὶ
733 1581 779 1622 δὲ
805 1582 876 1635 τῆς
901 1581 1166 1635 πολυημέρου
1194 1580 1468 1635 προσεδρειάς
1494 1580 1738 1632 συμπείσειν

303 1641 479 1693 ἄκοντας
525 1640 628 1703 ᾤετο
668 1643 765 1694 τούς
806 1646 878 1687 ἐπὶ
914 1646 987 1700 τῆς
1032 1646 1224 1700 φρουρᾶς
1263 1643 1602 1699 καταπροδοῦναί
1622 1642 1660 1686 οἱ
1689 1641 1734 1685 τὸ

303 1709 509 1765 φρούριον
537 1709 609 1751 καί
632 1712 743 1765 σφᾶς
773 1710 1111 1765 προσαναθήσειν
1149 1706 1275 1766 αὐτῷ.
1308 1705 1407 1750 ὅθεν
1434 1709 1532 1750 οὐδὲ
1559 1711 1636 1750 τοῦ
1663 1725 1738 1749 κα-

303 1777 382 1816 λοῦ
405 1776 476 1830 τῆς
507 1777 758 1828 προσδοκίας
795 1774 946 1830 ταύτης
989 1776 1269 1828 ἐκπέπτωκεν,
1300 1775 1398 1816 οὐδὲ
1425 1773 1509 1829 μὴν
1540 1771 1737 1829 διήμαρτε

400 1880 451 1914 ι5.
478 1879 547 1913 οὐκ
572 1877 717 1927 ὀλίγας]
745 1878 798 1926 μὴ
827 1883 1001 1926 βραχείας
1025 1881 1063 1913 A.

305 1979 519 2024 compellere
543 1980 602 2013 vel
627 1991 692 2024 per
714 1981 787 2013 vim
801 1981 1007 2013 exscindere
1034 1986 1164 2024 posset.
1191 1981 1298 2024 igitur
1325 1992 1367 2013 ex
1391 1979 1564 2013 machinis
1590 1980 1737 2025 grandia

305 2037 389 2058 saxa
414 2026 537 2058 crebro
573 2026 858 2070 torquebantur,
894 2032 930 2060 et
969 2027 1143 2070 sagittarii
1175 2038 1309 2059 summa
1334 2028 1565 2059 contentione
1591 2027 1737 2070 sagittas

304 2073 466 2105 hibernis
491 2072 634 2104 nivibus
661 2072 857 2104 crebriores
882 2073 919 2104 in
946 2073 1088 2105 moenia
1115 2073 1367 2105 coniiciebant.
1391 2072 1537 2117 quidam
1563 2073 1669 2106 etiam
1699 2074 1738 2105 in

304 2118 427 2150 multis
460 2117 683 2151 munitionis>
707 2119 870 2162 partibus
902 2129 967 2163 per
989 2119 1100 2151 valles
1137 2118 1250 2151 instar
1273 2130 1478 2163 caprearum
1501 2125 1736 2164 arrepserant.

306 2163 370 2197 sed
394 2163 433 2196 id
457 2174 568 2196 unum
590 2165 867 2208 proficiebatur,
907 2175 952 2196 ne
979 2165 1126 2209 ignavus
1167 2170 1262 2198 esset
1285 2167 1469 2198 exercitus.
1494 2177 1576 2198 nam
1600 2166 1738 2200 obsessi

307 2216 343 2243 et
368 2210 438 2254 ipsi
466 2208 608 2243 sor‘titer
631 2221 668 2243 se
693 2210 956 2244 defendebant:
985 2217 1021 2244 at
1045 2212 1083 2244 in
1108 2222 1270 2256 campum
1296 2211 1585 2245 descendendum
1610 2217 1646 2246 et
1678 2222 1739 2245 co-

305 2257 424 2290 minus
441 2267 519 2288 cum
530 2257 696 2289 Romanis
708 2257 938 2301 pugnandum
950 2257 1096 2290 minime
1114 2257 1318 2299 censebant,
1333 2258 1396 2291 sed
1411 2258 1455 2291 de
1468 2258 1656 2292 moenibus
1668 2259 1740 2292 vim

305 2302 577 2348 propulsabant,
593 2308 628 2335 et
644 2304 736 2336 saxis
753 2304 921 2348 omnique
936 2304 1090 2336 telorum
1104 2315 1232 2348 genere
1255 2304 1374 2338 hostes
1389 2305 1601 2338 obruebant.
1615 2309 1656 2338 ut
1672 2305 1740 2348 igi-

307 2356 367 2383 tur
391 2348 642 2382 animadvertit
670 2360 712 2382 ea
737 2361 774 2382 se
805 2350 924 2382 conari
949 2361 1041 2394 quae
1067 2350 1112 2383 ad
1137 2352 1270 2383 exitum
1293 2351 1489 2396 perducere
1507 2363 1581 2384 non
1594 2356 1738 2396 posset,

307 2395 393 2428 inde
411 2395 577 2427 recedere
592 2401 628 2428 et
647 2395 873 2429 obsidionem
901 2399 1062 2429 affectam
1086 2397 1291 2442 relinquere
1317 2399 1446 2439 noluit,
1463 2398 1740 2442 ignominiosum

309 2442 380 2475 sibi
400 2442 476 2473 sore
502 2446 609 2482 ratus,
633 2442 663 2474 si
678 2448 761 2486 post
784 2443 915 2475 multos
937 2443 1098 2484 labores,
1122 2454 1189 2476 nec
1209 2445 1332 2488 paucis
1358 2444 1564 2477 cohortibus
1590 2444 1739 2484 amissis,

268 2521 270 2523 ,
309 2500 420 2521 unum
434 2488 632 2528 castellum,
646 2488 757 2533 idque
780 2500 853 2521 non
874 2489 924 2521 ita
940 2489 1079 2533 pridem
1099 2491 1264 2523 Romanis
1293 2491 1487 2523 obnoxium
1502 2515 1511 2531 ‚
1538 2501 1740 2534 expugnare

310 2545 384 2567 non
406 2539 546 2578 posset,
573 2540 681 2578 atque
703 2535 742 2567 in
765 2547 828 2567 sua
851 2535 988 2568 ditione
1011 2536 1110 2568 mille
1126 2537 1325 2580 praedones
1348 2538 1479 2578 aleret,
1506 2537 1656 2579 Corcyra
1684 2547 1740 2570 re-

312 2582 409 2621 licta,
430 2591 522 2625 quae
537 2580 666 2613 Siculis
680 2581 884 2614 triremibus
902 2582 1027 2614 navale
1040 2594 1080 2615 ac
1099 2588 1280 2627 receptum
1295 2583 1494 2627 praeberet.
1514 2582 1740 2615 obsidionem

312 2628 442 2671 igitur,
468 2627 637 2671 quoniam
657 2627 757 2660 nulla
785 2639 864 2672 spes
892 2629 1020 2660 melior
1044 2629 1248 2673 affulgeb'at‚
1275 2629 1474 2662 ducendam
1499 2640 1576 2662 esse
1602 2630 1738 2669 statuit,

314 2680 352 2706 et
376 2673 612 2707 diuturnitate
651 2675 820 2718 temporis
855 2675 1107 2719 praesidiarios
1145 2675 1190 2708 ad
1215 2675 1436 2709 deditionem
1461 2675 1738 2719 compellendos.

315 2730 382 2753 nec
409 2730 490 2754 eum
514 2719 646 2754 fefellit
667 2719 755 2754 haec
781 2721 926 2766 opinio,
951 2733 1069 2767 neque
1097 2732 1175 2767 spes
1203 2722 1371 2756 frustrata
1396 2728 1459 2756 est.
1483 2723 1604 2756 hostes
1633 2722 1738 2763 enim,
