1838 3210
416 113 485 152 DF.
523 111 775 152 MANUELE
823 110 1080 153 COMNENO
1123 113 1221 153 Lm.
1265 100 1314 153 1²1.
1482 114 1580 167 127

156 209 344 264 ακαιρία,
370 210 440 251 καί
466 208 510 251 τὸ
539 211 610 264 τῆς
636 207 736 250 ὁδοῦ
762 208 830 250 τὸν
851 204 1046 263 Ἄγγελον
1067 206 1264 262 ἅψασθαι
1294 211 1372 264 οὐχ
1403 208 1456 260 ὥς
1482 211 1584 265 ἀγα-

154 277 229 318 θοί
254 275 544 330 σχηματισμοὶ
597 275 676 316 τῶν
704 273 886 328 ἀστέρων
913 276 1101 317 ἐκέλευον
1142 272 1172 330 ἢ
1197 277 1298 330 γοῦν
1337 273 1364 331 ἧ
1394 275 1620 330 ἀκρίβειαΒ

154 345 328 395 παρεῖχε
355 341 437 382 τῶν
464 341 538 395 τῆς
566 339 949 394 ἀστρονομουμένης
975 342 1161 396 σφαίρας
1185 341 1379 393 κανόνωνρ
1413 342 1500 383 ἀλλ’
1528 341 1585 390 ὥς

155 403 196 446 οἱ
223 403 434 461 φλήναφοι
472 403 731 455 ἐνεδίδοσαν,
767 405 902 451 κακαῖς
946 404 1172 459 φάσκοντες
1208 405 1281 447 καί
1305 407 1471 460 παχέως
1500 411 1586 459 τοῖς

122 473 315 519 5λεπτοῐς
354 467 659 523 ἐπιβάλλοντες,
704 469 924 510 κάντεῦθεν
951 468 1049 522 περὶ
1071 469 1147 524 τήν
1180 473 1251 525 τῆς
1279 468 1438 527 ὦραίας
1473 467 1585 526 αῗρας

152 534 431 591 σφαλλόμενοι
464 531 638 588 εὕρεσιν.
696 530 820 574 πάλιν
860 535 999 575 τοίνυν
1037 533 1237 587 θεμάτιον
1273 537 1474 578 διετίθετο
1513 537 1586 578 καί

150 599 314 649 κανόνες
355 596 672 654 ἀπηκριβοῦντο.
744 599 815 639 καί
853 595 962 639 οὕτω
989 598 1097 651 μετὰ
1127 599 1280 654 πολλήν
1307 603 1388 643 τῶν
1415 596 1582 657 ἄστρων

148 662 320 720 ἔρευναν
346 663 418 705 καί
443 665 590 717 σκέψιν
615 662 688 704 καί
707 662 1004 718 περισκόπησιν
1032 660 1269 719 δ”Αγγελος
1292 664 1441 720 ἔξεισι,
1487 672 1580 716 ταῖς

146 731 230 771 τῶν
257 726 526 783 ἀγαθοποιῶν
554 724 740 784 ἀστέρων
766 727 1092 784 συνεξωρμηκώς
1115 728 1334 784 κινήσεσιν.
1365 732 1408 779 ἐς
1436 734 1580 774 τοσοῦ-

89 812 135 839 10
146 809 215 836 τον
244 796 292 836 δὲ
318 790 401 849 ἄρα
423 792 474 836 τὰ
512 796 593 836 τῶν
620 794 838 846 Ῥωμαίων
865 790 996 849 ὤνησε
1033 793 1257 849 πράγματα
1299 794 1326 851 ἧ
1365 798 1440 851 τῆς
1466 794 1580 851 αῗρας

145 858 367 914 α’σφοέλεια,
395 855 424 915 ἢ
444 857 494 901 τά
517 861 599 901 τῶν
617 858 760 914 πρώην
782 861 976 914 ἀρχηγῶν
993 858 1222 914 ἀνώρθωσε
1241 861 1478 914 πταίσματα
1506 862 1579 904 καὶ

143 923 190 967 εἴ
208 941 247 967 τι
276 926 466 976 α’ντίξουν
487 928 720 980 συμβέβηκε
748 926 1060 979 μετεσκεύασεν,
1088 925 1145 976 ὥς
1171 927 1216 968 ἐκ
1237 928 1310 967 τοῦ
1336 930 1574 983 παραυτίκα

141 992 287 1044 χερσίν
315 990 472 1032 ἁλῶναι
497 993 577 1032 τῶν
606 993 813 1044 πολεμίων
842 990 910 1032 τὸν
936 993 1269 1033 Κωνσταντΐνον.
1352 992 1572 1046 ἀπερισκέ-

142 1071 254 1104 πτως
279 1054 357 1110 γὰρ
382 1058 440 1104 εἷς
461 1058 649 1098 Σικελίαν
670 1054 743 1097 τὸν
770 1057 901 1098 πλοῦν
943 1054 1189 1109 ποιούμενος
1215 1057 1459 1113 συνελήφθη
1485 1063 1573 1107 ταῖς

84 1122 129 1162 15
142 1120 620 1178 θαλασσοφυλακούσαις
648 1124 879 1170 Σικελικαῖς
906 1118 1093 1177 τριήρεσι
1118 1123 1191 1162 καί
1215 1118 1330 1176 ἤχθη
1362 1120 1477 1177 παρὰ
1502 1120 1611 1168 τόνῦ

140 1182 250 1240 ῥῆγα
278 1185 554 1239 αἰχμάλωτος.
613 1185 633 1227 ὃ
662 1188 707 1228 δὲ
734 1188 805 1241 τῆς
834 1182 965 1243 ἄγρας
985 1188 1207 1236 ἐπαινέσας
1229 1184 1327 1236 τούς
1345 1184 1572 1240 συλλαβόν-

138 1266 228 1301 τας,
268 1253 340 1292 καί
375 1251 432 1301 ὥς
465 1255 603 1294 καλῶν
640 1249 859 1294 κάλλιστον
904 1251 1033 1294 εἰπών
1074 1251 1118 1294 τὸ
1151 1250 1353 1308 θήραμα,
1383 1249 1471 1307 εἶχε
1498 1254 1570 1295 καί

135 1318 281 1358 τοῦτον
317 1314 530 1372 δεσμώτην
556 1315 808 1374 ἔμφρουρον.

247 1383 285 1423 8.
317 1382 524 1432 Βασιλεὺς
551 1384 596 1425 δὲ
613 1386 684 1425 καί
701 1382 806 1437 μετὰ
826 1386 1024 1438 δευτέραν
1040 1384 1197 1438 ταύτην
1215 1383 1373 1440 πληγήν
1403 1385 1568 1440 διηρευ-

75 1460 126 1498 20
139 1447 234 1488 νᾶτο
254 1447 305 1488 τὰ
333 1449 404 1502 τῆς
432 1448 608 1503 ἁμίλλης
628 1449 824 1503 ἀνάλογα.
853 1449 963 1504 δρῶν
981 1451 1027 1492 δὲ
1042 1448 1114 1491 τὸν
1135 1447 1204 1490 διὰ
1226 1452 1415 1503 πολέμων
1441 1447 1569 1499 αὖθις

136 1510 287 1567 τρόπον
326 1511 525 1568 δύσεργόν
554 1529 596 1555 τε
619 1513 694 1555 καί
717 1513 975 1571 ἀξύμφορον,
1004 1516 1077 1557 καί
1103 1514 1149 1556 τό
1179 1517 1260 1557 τῶν
1286 1514 1569 1569 ἀναλωμάτων

137 1576 266 1632 ἁδρὸν
295 1577 366 1619 καί
391 1578 619 1633 ἐπάλληλον
646 1577 916 1632 ὑπειδόμενος
941 1577 1009 1624 οἷά
1039 1595 1132 1622 τινα
1159 1578 1281 1622 νόσον
1311 1581 1566 1636 γάγγραιναν

135 1640 186 1683 τὰ
212 1644 293 1684 ταῖν
318 1645 545 1698 θησαυρῶν
574 1643 676 1686 κατὰ
698 1643 840 1699 βραχὺ
870 1650 1039 1698 ταμιεῖα
1066 1643 1290 1698 νεμόμενον
1318 1644 1457 1701 (ἐγγύς
1484 1644 1565 1700 γάρ

136 1722 216 1748 που
242 1710 516 1763 κεντηναρίων
543 1711 786 1764 τριακοσίων
802 1711 983 1765 χρυσίου
1004 1706 1194 1752 ἀνάλωκε
1213 1709 1444 1766 χρήματα),
1474 1712 1567 1779 δέον

233 1831 282 1864 ¹9·
309 1818 544 1866 διηρευνᾶτο]
572 1819 690 1853 πάλιν
720 1817 763 1853 τοὶ
791 1817 888 1864 πρὸς
918 1820 1086 1865 πόλεμον
1113 1819 1285 1865 ἡτοίμαζε
1309 1820 1346 1852 B.
1509 1830 1564 1855 20.

224 1866 517 1912 τὸν-τρόπον]
542 1863 608 1907 τήν
634 1866 666 1899 δ.
681 1876 722 1899 π.
748 1862 860 1902 αὖθις
884 1866 1053 1911 μέθοδον
1076 1867 1116 1899 Α.
1192 1877 1247 1899 22.
1273 1864 1500 1912 ῠπιδόμενος
1525 1868 1563 1900 Α.

225 1913 280 1957 24.
304 1914 464 1957 χρυσίου
491 1923 548 1944 om
577 1914 615 1944 A.
760 1913 940 1959 ἄνιὲλωκε]
968 1912 1137 1951 ἐξοδίασε
1164 1913 1200 1944 Β.

132 2018 398 2051 incommodum
421 2018 556 2051 exitum
578 2018 695 2051 minus
729 2018 845 2051 fausto
871 2018 1028 2051 siderum
1052 2019 1197 2062 positu,
1225 2028 1291 2052 nec
1317 2018 1501 2054 subtiliter
1529 2026 1565 2054 ct

131 2070 296 2098 accurate
321 2065 532 2110 perquisito.
558 2075 678 2097 rursus
702 2064 811 2108 igitur
834 2064 954 2097 thema
982 2065 1236 2106 constituitur,
1266 2066 1409 2109 regulae
1435 2077 1565 2100 consu-

131 2110 265 2144 luntur.
286 2117 367 2156 post
406 2113 545 2155 longam
569 2117 745 2144 astrorum
770 2110 1036 2155 indagationem
1069 2117 1105 2144 et
1128 2112 1468 2156 contemplationem
1492 2115 1565 2147 An-

131 2158 231 2201 gelus
257 2159 331 2191 exit
360 2169 439 2190 cum
461 2158 703 2191 beneficorum
738 2157 895 2191 siderum
921 2159 1103 2192 comitatu.
1128 2157 1192 2191 sed
1219 2159 1282 2191 illa
1306 2158 1417 2192 horae
1440 2160 1565 2193 obser-

130 2205 226 2237 vatio
252 2209 389 2237 tantum
418 2205 582 2238 Romanis
619 2204 779 2248 profuit,
803 2204 1035 2250 priorumque
1073 2203 1203 2237 ducum
1227 2210 1343 2238 errata
1367 2205 1421 2239 ita
1447 2217 1565 2240 corre-

131 2250 184 2283 xit
212 2256 248 2283 et
283 2257 427 2295 accepta
471 2251 688 2289 detrimenta
712 2251 879 2291 resarsit,
919 2257 959 2284 ut
983 2251 1237 2284 Constantinus
1262 2252 1382 2285 statim
1406 2251 1563 2286 hostium

130 2297 296 2330 manibus
324 2303 519 2342 caperetur.
548 2309 630 2331 nam
654 2308 733 2329 cum
749 2297 1044 2342 incircumspecte
1068 2298 1269 2341 navigaret,
1299 2309 1319 2330 a
1344 2298 1473 2332 Siculis
1498 2301 1563 2332 tri-

131 2343 307 2385 remibus,
337 2355 428 2388 quae
453 2355 548 2377 mare
572 2343 766 2377 tuebantur
782 2369 791 2384 ,
817 2344 1092 2389 comprehensus
1117 2344 1163 2376 ad
1191 2355 1307 2388 regem
1332 2345 1561 2389 perducitur;

131 2389 194 2432 qui
220 2400 261 2421 ea
285 2391 524 2435 pulcherrima
546 2390 678 2436 praeda
705 2390 902 2424 delectatus
917 2416 926 2429 ‚
952 2391 1026 2424 suis
1051 2390 1285 2432 collaudatis,
1309 2401 1388 2424 eum
1414 2403 1560 2437 quoque

129 2435 287 2468 vinctum
315 2437 351 2469 in
379 2437 576 2470 custodiam
604 2436 716 2469 dedit.

222 2485 253 2518 8.
299 2484 496 2527 Imperator
519 2495 602 2517 vero
636 2483 703 2516 hac
736 2493 881 2528 quoque
906 2484 1010 2528 plaga
1043 2488 1211 2528 accepta,
1239 2495 1319 2517 cum
1351 2483 1441 2529 quid
1464 2484 1558 2517 sacto

133 2532 226 2560 esset
247 2538 335 2572 opus
361 2530 563 2563 deliberans
598 2541 618 2563 a
642 2530 740 2562 bello
766 2529 903 2563 difficili
930 2536 1038 2576 atque
1063 2531 1183 2576 inutili
1209 2530 1455 2575 magnitudine
1479 2542 1560 2574 per-

131 2577 319 2616 petuorum
343 2582 546 2621 sumptuum
573 2577 832 2617 deterreretur,
869 2577 991 2610 fiscum
1017 2578 1130 2610 instar
1154 2578 1270 2610 cancri
1297 2577 1470 2623 paulatini
1496 2576 1559 2609 de-

132 2621 351 2661 pascentium
373 2622 468 2668 (uam
493 2624 539 2655 ad
563 2623 647 2656 CCC
672 2623 750 2655 auri
778 2625 1002 2656 centenarios
1028 2624 1291 2670 impenderat),
1326 2634 1449 2669 pacem
1478 2634 1556 2654 cum

134 2675 213 2708 rege
241 2666 438 2702 faciendam
478 2681 554 2703 esse
590 2671 726 2703 statuit.
752 2670 874 2714 itaque
909 2670 1043 2715 legatos
1068 2671 1197 2704 veteris
1223 2672 1354 2704 Romae
1378 2669 1556 2714 pontificis
