1838 3210
427 200 498 240 ΒΕ
535 200 792 241 MANUELE
835 199 1097 242 coMNssNo
1134 202 1347 244 uss.v11.
1500 185 1609 242 263

163 298 412 340 σπένδονται
435 296 667 352 εΡωμαίοις
695 298 769 341 καὶ
795 298 901 341 κατὰ
932 299 1007 356 τὴν
1026 298 1193 344 ἑαυτῶν
1219 302 1480 356 εἰσδέχονται
1508 306 1648 359 πρέ-Β

159 366 279 415 σβεις
309 364 434 405 ου’δὲν
471 364 613 420 ἕτερον
649 360 710 407 ὅτι
747 363 806 420 μὴ
837 363 889 406 τὰ
931 369 1021 408 κατ’
1047 367 1183 408 αὕτοῦ
1209 366 1366 424 δηλαδὴ
1389 370 1611 421 μετιόντας

163 430 236 470 καί
263 427 400 478 πόλεις
437 427 514 478 τοῖς
556 432 648 472 ἐκεῖ
681 433 970 483 μεθιστῶντας
1014 434 1087 486 τῆς
1115 434 1158 481 ἐς
1189 433 1322 475 αυ’τὸν
1347 430 1514 484 εὗνοίας
1539 435 1615 478 καὶ

163 493 358 543 πίστεως.
426 497 500 537 καί
525 494 568 538 τό
618 497 698 549 μὲν
726 498 922 553 πεμφθὲν
951 498 996 539 ἐκ
1027 496 1152 552 ρηγὸς
1182 497 1426 553 στράτευμα
1458 500 1515 550 ὥς
1538 517 1615 543 πο-

129 558 334 613 5λεμίους
362 559 463 610 τούς
483 556 735 615 ’Λγκωνίτας
772 560 1052 617 μετήρχοντο,
1094 562 1167 605 καί
1201 564 1508 619 περιζώσαντες
1537 565 1615 622 τήν

161 627 282 668 πόλιν
310 623 496 682 ἀπῄτουν
524 627 726 669 ἐκδοῦναί
757 643 884 683 σφισι
923 626 1022 677 τούς
1050 630 1246 683 πρέσβεις
1268 629 1518 683 εΡωμαίων·
1575 629 1616 674 οἱ

161 693 206 734 δ’
229 693 472 746 Ἀγκωνῖται
499 687 633 741 οὕτως
665 687 777 747 ἦσαν
804 689 1063 747 εὐγνώμονες
1090 695 1299 750 α’κροαταί
1326 698 1411 738 τῶν
1440 696 1615 752 η’πειλη-

158 759 296 811 μένων
324 752 353 811 ἢ
389 758 446 814 τῷ
490 756 690 812 βληθέντι
711 757 829 813 παρὰ
858 760 940 800 τῶν
967 761 1177 812 πολεμίων
1205 762 1431 816 ἐξέστησαν
1455 763 1613 817 χάρακι

157 818 189 877 ἢ
214 824 273 880 τῷ
307 823 460 878 α’ρεϊκῷ
485 824 626 880 ἐκείνῳ
663 822 770 879 πρὸς
807 825 900 873 δέος
938 823 1281 881 συνεπιλήθησαν
1322 826 1612 883 περιζώματι,

99 884 267 931 ῐοαῖστε
309 888 364 928 ου’
397 885 525 942 μόνον
567 888 617 930 οὖ
643 887 894 944 προῦδωκαν
929 888 1002 939 οὓς
1046 889 1086 933 οἱ
1121 891 1357 945 Ἀλαμανοί
1399 895 1611 936 ἐπέκειντο

156 953 464 1008 ἐξαιτούμενοι,
514 953 621 997 α’λλὰ
650 954 723 997 καί
748 954 916 1012 μακρὰν
942 957 1111 1010 χαίρειν
1141 955 1290 1000 εἴασαν
1316 962 1515 1012 γενναίως
1543 958 1610 1002 τὸν

148 1019 343 1076 παρόντα
381 1021 652 1076 διαφέροντες
678 1022 890 1075 κίνδυνον,
929 1023 1235 1078 ἐπιτεινομένης
1264 1025 1311 1064 δὲ
1335 1025 1409 1079 τῆς
1436 1028 1607 1080 πολιορ-

153 1086 248 1136 κίας
275 1087 350 1128 καί
378 1083 658 1142 χρονιζόντων
695 1089 780 1129 τῶν
807 1091 1018 1141 πολεμίων
1050 1085 1217 1142 ἥψαντο
1246 1091 1327 1131 τιόν
1359 1088 1506 1144 α’ήθων
1534 1093 1644 1133 καίΟ

153 1150 256 1208 πρὸς
284 1149 314 1193 ἃ
349 1150 408 1206 μῆ
450 1153 574 1205 θέμις
609 1153 917 1208 τρεχεδειπνεῖν
957 1158 1197 1209 σιτοφαγεῖν
1223 1151 1403 1196 εἰωθότα
1435 1150 1605 1210 ἅνθρω-

94 1218 142 1259 15
155 1233 246 1260 πον.
301 1216 341 1260 οἱ
370 1219 448 1259 τοῦ
487 1220 696 1271 βασιλέως
722 1220 865 1260 τοίνυν
906 1216 950 1260 τό
980 1220 1142 1273 πλῆθος
1168 1219 1538 1275 ἐκκλησιάσαντες,
1569 1223 1608 1264 εἰ

152 1282 315 1334 ἔξεστιν
354 1284 498 1332 αὐτοῖς
537 1284 782 1340 ἐπικουρίαν
810 1284 1053 1338 εἰσενεγκεῖν
1094 1284 1390 1328 ἐπυνθάνοντο.
1447 1289 1529 1329 ταῖν
1559 1287 1607 1329 δὲ

150 1348 351 1392 εἰπόντων
366 1350 519 1399 ἐξεῖναι
544 1351 634 1404 μέν,
664 1347 895 1406 χρημάτων
923 1352 964 1391 δ’
993 1349 1175 1393 αὐτόθεν
1201 1350 1261 1407 μη
1290 1347 1509 1407 εὖπορεῖν,
1531 1354 1608 1394 av'·

149 1417 214 1458 τοί
243 1417 491 1458 διετείνοντο
508 1415 579 1458 καί
594 1416 697 1458 θεὸν
723 1418 800 1458 τοῦ
826 1414 952 1471 λόγου
981 1420 1204 1472 πεποίηντο
1223 1434 1421 1472 μαρτυρα
1449 1420 1523 1459 καί
1547 1417 1606 1474 μή

148 1484 317 1535 μέλλειν
337 1483 505 1537 ἐνῆγον,
535 1482 594 1532 ὥς
621 1480 820 1536 βασιλεῦς
846 1480 959 1525 ἅπαν
985 1481 1220 1538 καταθήσει
1249 1482 1294 1526 τὸ
1318 1486 1395 1525 τοῦ
1421 1486 1608 1537 πολέμου

84 1563 138 1589 20
151 1546 399 1603 δαπάνημα,
428 1545 458 1604 ἢ
484 1546 568 1604 μὴν
597 1548 906 1602 ἅπεκδέχεσθαι
939 1551 1054 1605 σφᾶς
1079 1548 1129 1592 τά
1164 1548 1395 1592 α’νύποιστα
1424 1551 1604 1606 προύλε-

148 1629 220 1668 γον
248 1611 331 1656 ὑπὸ
358 1615 442 1656 τῶν
469 1612 545 1669 τήν
568 1613 689 1656 πόλιν
719 1613 1018 1671 διειληφότων,
1060 1614 1224 1656 παίδων
1248 1617 1328 1668 μὲν
1355 1614 1429 1657 καὶ
1455 1631 1600 1670 γυναι·
1613 1621 1654 1656 V.
1674 1624 1736 1659 108

148 1682 232 1720 κῶν
257 1679 547 1734 ἀπαγομένων,
570 1678 803 1735 χρημάτων
831 1682 878 1722 δὲ
905 1683 977 1722 καί
1002 1679 1262 1735 πραγμάτων
1283 1680 1598 1736 ἁρπαζομένων.

149 1743 269 1787 ἔνθεν
295 1761 360 1788 τοι
401 1747 475 1788 καί
513 1743 808 1799 μετάπεμπτόν
845 1761 939 1787 τινα
976 1747 1146 1788 τιθέασι
1185 1745 1346 1801 κόμητα
1374 1749 1415 1789 Γ
1413 1748 1599 1799 ιλίελμον

148 1805 334 1864 τοῦνομα
363 1810 437 1852 καί
457 1817 634 1865 γυναῖκα
662 1813 746 1859 τῶν
775 1811 954 1865 ειῖγενῶν
979 1811 1032 1852 ου’
1067 1810 1147 1866 πρὸ
1171 1814 1329 1853 πολλοῦ
1354 1813 1434 1864 μὲν
1461 1810 1595 1855 θανά-

83 1879 134 1920 25
147 1892 204 1935 τῳ
245 1878 548 1934 σπανιζομὲνην
588 1879 665 1924 τοῦ
690 1874 939 1932 ὄμευνέτου,
981 1876 1146 1933 γενικὴν
1189 1877 1336 1934 δὲτὴν
1374 1877 1501 1933 ἰσχύν
1522 1880 1597 1922 καί
1606 1887 1639 1921 D

243 2016 270 2041 ι,
292 2005 436 2041 ἑαυτῶν
459 2005 590 2051 χώραν
612 2005 705 2040 clod.
743 2007 783 2040 A.
914 2017 947 2039 2.
969 1999 1014 2040 τὰ
1041 2017 1098 2040 om
1121 2008 1160 2040 A.
1304 2020 1337 2054 9.
1360 1999 1459 2054 πρός
1484 2007 1515 2041 δ.
1542 2007 1592 2056 σ.]

236 2051 482 2134 ἤχθεσθησᾼαν
505 2053 544 2087 A.
658 2057 709 2100 ¹4·
733 2052 909 2101 εἰωθότα]
937 2053 1169 2101 αἱρούμενον
1191 2054 1231 2087 Α.
1348 2065 1405 2089 20.
1430 2054 1593 2101 προύλε-

237 2111 311 2146 γον
338 2111 394 2133 om
451 2124 460 2133 .

142 2201 326 2236 hostiliter
348 2202 580 2236 circumsessa
602 2204 842 2237 Romanorum
867 2203 1004 2248 legatos
1030 2203 1115 2237 dedi
1144 2203 1215 2237 sibi
1243 2202 1463 2248 postulabat.
1514 2205 1589 2237 An-

142 2249 304 2282 conitani
326 2260 411 2283 vero
434 2261 495 2283 eas
518 2251 634 2283 minas
662 2251 714 2284 ita
738 2251 976 2292 audiverunt,
1010 2251 1144 2284 vallum
1168 2248 1366 2283 obductum
1395 2255 1589 2284 armatam-

142 2306 215 2340 que
238 2296 352 2329 aciem
380 2298 432 2330 ita
457 2297 674 2338 timuerunt,
699 2302 741 2331 ut
763 2298 900 2341 legatos
928 2309 1002 2331 non
1027 2297 1135 2330 modo
1160 2308 1234 2330 non
1259 2296 1500 2341 prodiderint,
1522 2298 1587 2331 sed

141 2344 358 2388 contemptis
381 2343 563 2378 Alemanis
587 2344 787 2389 perieulum
801 2344 896 2377 illud
919 2345 1062 2378 fortiter
1085 2344 1298 2384 tolerarint,
1329 2349 1366 2376 et
1390 2343 1496 2377 ducta
1521 2343 1589 2377 ob-

142 2388 283 2422 sidione
309 2390 475 2424 insolitos
500 2402 645 2436 quoque
661 2391 761 2424 cibos
790 2391 979 2436 gustarint.
1005 2391 1229 2436 imperatorii
1251 2401 1335 2423 vero
1360 2391 1490 2434 legati,
1520 2403 1587 2436 po-

141 2434 228 2478 pulo
255 2448 319 2480 pro
341 2435 514 2470 co'neione
538 2438 758 2482 interrogato
796 2450 842 2470 an
866 2438 1002 2470 auxilia
1027 2438 1099 2471 sibi
1126 2448 1306 2470 accersere
1332 2437 1478 2478 liceret,
1504 2449 1585 2470 cum

140 2481 296 2525 populus
336 2484 580 2528 respondisset
618 2485 728 2517 licere
754 2484 922 2530 quidem,
947 2485 1011 2517 sed
1033 2485 1223 2529 pecuniam
1254 2485 1291 2516 in
1314 2490 1483 2529 promptu
1510 2496 1584 2517 uon

142 2537 242 2568 esse,
269 2529 337 2573 ipsi
362 2529 469 2564 deum
492 2531 616 2564 testati
657 2531 876 2564 affirmarunt
899 2533 1151 2576 imperatorem
1181 2543 1304 2564 omnes
1330 2530 1418 2563 belli
1443 2531 1585 2574 impen-

141 2583 197 2606 sas
220 2576 497 2618 persoluturum,
523 2583 560 2611 et
573 2589 618 2611 ne
642 2583 897 2611 cunctarentur
919 2578 1056 2611 hortati
1082 2584 1186 2613 sunt:
1212 2578 1351 2622 alioqui
1377 2577 1583 2620 gravissima

140 2629 307 2664 quaeque
349 2622 394 2655 ab
426 2624 591 2658 hostibus
628 2625 862 2665 toleraturos,
895 2626 1069 2658 uxoribus
1094 2631 1131 2658 et
1157 2624 1282 2659 liberis
1306 2625 1350 2656 in.
1372 2624 1582 2656 servitutem

141 2665 327 2708 abductis,
351 2671 504 2712 pecunia
531 2677 567 2704 et
585 2671 691 2704 rebus
717 2671 883 2706 omnibus
904 2671 1068 2716 direptis.
1094 2672 1219 2716 itaque
1248 2683 1266 2704 a
1288 2669 1444 2715 quodam
1470 2668 1582 2700 comi-

140 2717 178 2744 te
208 2712 404 2747 Guilielmo
429 2721 465 2749 et
487 2717 596 2749 vidua
622 2718 752 2759 nobili,
779 2729 873 2763 quae
895 2730 1011 2763 nuper
1030 2717 1193 2751 defuncti
1216 2718 1335 2751 mariti
1362 2715 1491 2759 opibus
1515 2725 1581 2758 po-

140 2758 324 2802 tiebatur,
346 2772 474 2806 magno
498 2763 622 2799 fenore
647 2771 793 2810 accepta
815 2766 969 2810 pecunia
991 2770 1029 2798 et
1053 2765 1198 2798 auxiliis
1229 2762 1444 2798 introductis
1469 2760 1580 2795 liber-
