1838 3210
23 3047 49 3210 &fv—,2:1⁴5
20 2956 45 3006 *U

356 203 458 272 ¹me
498 201 752 244 MANUELE
794 201 1056 243 COMNENO
1098 203 1196 242 Lm.
1241 203 1294 242 ιι.
1493 200 1565 255 97

132 300 362 350 ἀπαλλάξει
388 301 594 356 φρουρᾶς.
634 300 657 342 ὁ
684 299 764 355 γὰρ
798 299 849 354 δι’]
877 304 951 356 τῆς
967 305 1155 351 Σικελίας
1179 301 1270 344 τότε
1300 302 1463 357 κρατῶν
1482 301 1572 344 Ῥο-

126 367 276 420 γέριος,
307 365 386 407 εἴτε
411 369 508 407 καθ’
536 365 757 419 ὁμολογίαν
784 365 889 418 μετὰ
922 369 998 407 τοῦ
1025 370 1110 409 τῶν
1132 367 1382 420 Ἀλα,ιιανῶ’ν
1408 369 1572 423 προβᾶ-

130 447 211 472 σαν
251 430 403 487 ῥηγός,
444 431 501 480 ὥς
539 433 730 484 ἐλέγετο,
772 431 853 473 εἴτε
881 435 954 474 καί
994 434 1259 487 αυᾞαιρέτως
1297 432 1571 489 ὁρμώμενος,

129 497 364 550 σύνδρομον
384 501 561 537 ποιεῖται
588 494 658 536 διὰ
689 499 1049 549 ταχυναυτουσῶν
1069 501 1177 552 νηῶν
1204 500 1256 555 τῇ
1275 501 1357 540 τῶν
1388 499 1575 551 Ἀλαμα-

94 563 118 605 5
134 563 215 603 νῶν
231 559 386 616 κινήσει
407 560 480 615 τήν
497 563 578 602 τῶν
603 563 840 615 παρακτίων
851 561 1095 615 Ῥωμαϊκῶν
1114 567 1267 619 χωρῶν
1292 563 1574 619 καταδρομήν.

131 624 299 682 ἀπάρας
320 628 460 667 τοίνυν
479 627 524 667 ἐκ
547 627 802 681 Βρεντησίου
821 626 967 676 στόλος
986 630 1038 684 τῇ
1056 630 1136 670 τῶν
1151 631 1430 684 Κερκυραίων
1449 645 1578 683 προσ-

131 692 234 745 έχει,
263 691 337 733 καί
363 690 524 744 ἀμαχεῖ
549 692 622 733 καί
649 693 692 741 ἐξ
716 690 871 747 ἐφόδου
899 694 1056 747 ταύτην
1083 692 1207 748 αἱρεῖ.
1238 693 1283 735 τὸ
1315 696 1354 735 δ’
1381 694 1516 736 αἴτιον
1540 693 1579 736 οἱ

131 758 203 812 τῆς
220 755 363 810 χώρας
382 754 600 835 οικὴτορες,
622 756 695 797 καί
711 756 870 799 τούτων
883 758 1066 810 μάλιστα
1088 757 1124 800 οἱ
1144 758 1218 814 τήν
1235 757 1402 801 σύνεσιν
1419 760 1580 814 ὑπέρου

131 821 362 877 ψιλότεροι,
377 824 415 863 Γ
413 837 535 874 υμνοι
554 821 628 889 τήν
648 822 878 876 ἐπίκλησιν.
900 825 1016 864 οὗτοι
1036 822 1116 878 γὰρ
1133 823 1285 877 βαρύν,
1307 823 1364 874 ὥς
1382 823 1581 881 ἔφασκον,

75 887 205 929 ιοκαι
242 885 521 929 δυσύποιστον
559 885 785 967 φορολόγοίι
814 886 874 943 μὴ
915 891 1137 966 φέροντες,
1164 890 1263 931 ου’δὲ
1291 887 1368 939 τὰς
1412 892 1458 931 ἐκ
1484 887 1583 932 τού-

132 969 206 995 του
236 953 455 1008 παροινίας
479 955 550 995 ἐπι
576 957 717 994 πλεῖον
752 955 928 1007 ἐιεγκεΐν
954 952 1143 1008 ἔχοντες,
1172 955 1299 1008 βουλ
1267 972 1329 1010 ην
1355 953 1582 1008 βουλεύον-

134 1035 205 1061 ται
231 1019 434 1074 πονηράν,
468 1021 568 1059 καθ’
598 1016 778 1067 ἑαυτούς
806 1020 852 1060 δὲ
882 1020 934 1060 οὔ
933 1036 964 1073 χ
994 1016 1078 1062 οἷοί
1099 1036 1146 1061 τε
1175 1016 1290 1070 ὄντες
1319 1019 1449 1076 αὐτὴν
1478 1038 1583 1075 κρα-

132 1084 367 1136 τύνασθαι,
398 1083 454 1132 ὥς
486 1084 661 1138 ἕρμαιον
704 1082 942 1138 ἁρπάζουσι
973 1083 1046 1126 τὸν
1071 1087 1247 1139 καιρόν,
1278 1088 1352 1128 καί
1384 1085 1697 1143 προσιόν-Ἶ.39

134 1165 203 1199 τες
246 1150 303 1207 τῷ
341 1151 416 1190 τοῦ
457 1146 608 1190 στόλου
648 1147 818 1202 ἡγεμόνι
861 1148 936 1190 καί
962 1151 1015 1206 τῇ
1049 1148 1203 1191 τούτου
1232 1148 1397 1208 αἱμύλῳ
1425 1151 1583 1208 γλώττῃ

77 1215 468 1269 ι5προσεσχηκύτες
511 1213 584 1255 καὶ
631 1213 769 1268 ἴχνεσι
816 1213 1044 1270 προβάντες
1083 1215 1294 1266 ἀλώπεκος
1331 1215 1403 1258 ἐπὶ
1440 1216 1626 1273 ῥηταῐςο

139 1280 378 1334 ὁμολογίαις
421 1279 522 1321 εἶσὼ
559 1282 753 1334 δέχονται
792 1283 1034 1323 Σικελιῶτιν
1075 1280 1292 1337 φρουράν,
1337 1282 1397 1331 εἰς
1421 1286 1588 1336 χιλίους

137 1343 452 1402 οἷριθμουμὲνην
477 1345 699 1401 φρακτούς.
756 1345 829 1388 καί
855 1343 892 1387 οἱ
919 1347 999 1398 μὲν
1025 1344 1182 1388 καπνὸν
1208 1335 1461 1403 φορολογίας
1486 1349 1590 1390 α’πο-

138 1409 430 1467 διδροὶσκοντες
467 1409 622 1454 ἔλαθον
667 1409 750 1452 ύπὸ
787 1409 1049 1467 χαυνότητος
1086 1413 1164 1454 νοῦ
1206 1414 1266 1470 τῷ
1292 1415 1368 1467 τῆς
1397 1415 1591 1464 δουλείας

138 1476 387 1530 ἐμπεσόντες
420 1478 525 1531 πυρὶ
559 1475 633 1518 καὶ
662 1476 888 1530 Ῥωμαίοις
914 1476 1214 1531 εἰσενεγκόντες
1240 1477 1420 1531 πόλεμον
1447 1476 1486 1520 οἱ
1506 1495 1592 1533 χα-

74 1544 334 1599 αολίφρονες
369 1541 542 1597 χρόνιον
591 1540 702 1595 ὁμοῦ
737 1543 812 1584 καί
842 1541 1101 1598 βαρύτατον·
1179 1542 1201 1584 ὁ
1229 1544 1275 1585 δὲ
1303 1541 1350 1585 τὸ
1383 1543 1594 1600 φρούριον

140 1606 474 1664 κρατυνάμενος,
514 1609 588 1650 καί
628 1609 685 1658 ὥς
735 1605 846 1662 εἶχεν
893 1605 994 1650 αὗτό
1034 1607 1214 1663 ποιήσας
1253 1608 1593 1665 δυσαλωτότερον

141 1675 216 1716 καί
262 1669 348 1716 οἷον
374 1671 786 1730 ἅπροσμαχώτερον,
831 1676 994 1716 ἐκεῖθεν
1030 1673 1235 1727 α’ναχθείς
1279 1676 1330 1730 τῇ
1357 1677 1594 1727 Marsuam-

143 1739 214 1797 σία
256 1742 503 1796 προσίσχει,
547 1739 686 1782 ἐλπίσι
722 1738 989 1792 θαλπόμενος
1026 1739 1085 1789 ὥς
1115 1738 1298 1794 λήψεται
1325 1738 1397 1781 καί
1420 1741 1596 1795 ταυτηνὶ

237 1846 272 1879 6.
296 1846 513 1889 βρενῐεσίου
539 1845 579 1877 Α.
697 1847 730 1881 8.
758 1843 975 1891 οἰκήτορες]
1013 1843 1166 1878 ἔποικοι
1201 1844 1266 1877 καὶ
1299 1842 1322 1877 δ
1346 1842 1506 1880 τούτους
1532 1853 1593 1877 κε-

239 1891 505 1948 φαλατικεύων
531 1886 692 1972 γυμνόιος
701 1889 743 1924 τὸ
772 1890 916 1937 ὄνομα,
939 1890 1176 1935 γυανόιερος
1202 1889 1243 1924 δὲ
1265 1891 1331 1923 καὶ
1354 1890 1450 1948 {neq
1476 1889 1593 1930 ξύλον

239 1950 308 1979 τνν
331 1942 476 1983 γνωσιν
504 1938 540 1970 Β.
695 1916 1002 1983 ,δυσύποιστοή
1028 1936 1234 1970 δύσοιστον
1237 1947 1299 2015 Βφ.
1327 1935 1376 1970 ου’
1398 1938 1592 1981 στέγοντες

236 1984 332 2031 μνδὲ
357 1985 396 2018 Α.
471 1986 522 2018 15.
547 1983 782 2029 προσχόντες
806 1985 846 2016 A.
948 1994 998 2030 ¹7.
1024 1983 1262 2029 φράγγουςΒ
1375 1985 1426 2018 18.
1452 1984 1595 2028 χαυνό-

239 2031 357 2078 τητος]
391 2033 559 2076 νωθρίας
583 2031 621 2063 Β.

149 2128 247 2168 rius,
271 2126 334 2172 qui
360 2127 399 2159 in
423 2127 548 2160 Sicilia
583 2132 658 2160 tum
693 2126 888 2172 regnabat,
926 2126 1001 2159 sive
1026 2135 1071 2159 ex
1096 2124 1244 2159 foedere
1271 2135 1353 2158 curn
1376 2124 1596 2159 Alemanno-

149 2185 227 2207 rum
262 2184 343 2217 rege
382 2174 475 2215 icto,
507 2179 547 2207 ut
570 2174 777 2215 serebatur,
814 2175 888 2210 sive
914 2184 978 2206 sua
1005 2178 1155 2217 sponte,
1183 2183 1255 2204 una
1279 2183 1360 2206 cum
1384 2178 1487 2205 motu
1512 2173 1597 2205 Ale-

148 2231 361 2254 mannorum
375 2226 413 2253 et
434 2221 512 2265 ipse
530 2221 682 2254 navibus
708 2220 887 2265 expeditis
910 2221 1153 2252 Romanorum
1175 2230 1273 2251 oram
1295 2219 1512 2252 maritimam
1540 2219 1598 2252 in-

150 2266 327 2300 cursabat.
359 2267 482 2300 classis
510 2268 622 2311 igitur
646 2267 851 2300 Brundusio
888 2266 1050 2311 prosecta
1085 2266 1274 2308 Corcyram
1298 2265 1472 2310 appellit,
1500 2276 1598 2298 eam-

149 2325 221 2359 que
249 2314 338 2346 citra
374 2310 681 2347 dimicationem
682 2315 798 2359 primo
826 2314 965 2357 impetu
996 2313 1103 2357 capit.
1132 2323 1239 2346 causa
1265 2313 1342 2345 eius
1372 2313 1425 2345 rei
1449 2312 1599 2345 fuerunt

151 2360 350 2401 insulares,
380 2361 408 2393 ii
439 2362 652 2405 praesertim
691 2361 755 2406 qui
786 2361 903 2393 omnis
941 2359 1159 2404 prudentiae
1185 2364 1352 2403 expertes
1378 2359 1510 2402 Gymni
1536 2369 1598 2391 co-

152 2408 417 2451 gnominantur.
458 2408 595 2440 causati
631 2408 727 2441 enim
760 2418 798 2441 se
837 2417 979 2451 gravem
1017 2412 1054 2439 et
1088 2405 1358 2439 intolerabilem
1393 2411 1597 2438 exactorem

152 2453 302 2500 eiusque
330 2454 481 2487 iniurias
505 2454 643 2487 diutius
668 2454 762 2487 ferre
784 2465 859 2487 non
884 2464 1012 2498 posse,
1050 2453 1254 2497 improbum
1281 2451 1473 2484 consilium
1498 2452 1598 2496 capi-

153 2505 228 2533 unt.
255 2501 354 2544 quod
378 2513 457 2533 cum
483 2512 548 2533 suo
572 2501 688 2534 Marte
723 2512 798 2533 non
822 2505 972 2545 possent
994 2499 1144 2544 exequi,
1173 2499 1362 2531 occasione
1385 2497 1516 2542 cupide
1541 2509 1598 2530 ar-

155 2551 256 2590 repta
291 2547 412 2580 classis
437 2548 660 2592 praefectum
691 2546 846 2587 adeunt,
876 2547 1029 2590 eiusque
1052 2545 1370 2589 blandiloquentia
1395 2545 1510 2577 illecti
1541 2544 1598 2576 Si-

155 2591 274 2624 culum
311 2594 532 2638 praesidium
569 2595 669 2627 mille
703 2599 920 2627 armatorum
952 2593 1058 2625 certis
1092 2590 1364 2625 conditionibus
1402 2590 1596 2635 accipiunt.

155 2639 208 2671 ita
229 2638 314 2672 dum
338 2640 472 2673 sumum
500 2640 629 2673 tributi
654 2641 816 2684 fugiunt,
849 2646 985 2674 temere
1012 2650 1048 2671 se
1075 2639 1114 2671 in
1137 2638 1320 2671 servitutis
1346 2638 1466 2682 ignem
1491 2646 1598 2681 prae-

156 2685 372 2730 cipitarunt;
407 2697 448 2719 ac
482 2688 650 2720 Romanis
676 2686 842 2720 homines
878 2686 1052 2719 levissimi
1076 2691 1112 2718 et
1135 2685 1345 2718 diuturnum
1372 2689 1408 2716 et
1431 2682 1598 2728 gravissi-

158 2743 252 2765 mum
281 2732 420 2765 bellum
444 2734 683 2766 concitarunt.
709 2734 772 2767 ille
797 2744 881 2766 vero
907 2732 1057 2766 castello
1074 2742 1138 2776 pro
1162 2730 1437 2770 virilimunito,
1463 2734 1503 2761 ut
1528 2738 1596 2760 nec

159 2778 239 2824 capi
262 2789 330 2810 nec
353 2780 551 2823 oppugnari
579 2780 685 2813 facile
719 2785 864 2826 posset,
889 2778 1176 2812 Monembasiam
1203 2777 1357 2817 traiicit,
1382 2754 1437 2809 id’
1448 2774 1596 2820 quoque'

231 2846 380 2881 Νιεεῑαε
411 2846 616 2881 ΟΙιοηὶαιεε.
1322 2855 1339 2889 7
