1878 3230
514 178 586 219 ne
619 177 831 220 rsAAcio
871 176 1088 220 mono
1130 168 1240 219 mag
1269 180 1342 220 111.
1500 159 1608 238 557

190 276 344 329 μνηνῆς
367 275 587 330 Θεοδώρας
613 274 706 318 υἱόν
726 272 936 331 ἇποκείρει
955 278 1014 326 εἰς
1040 276 1284 330 μονάζοντα,
1298 275 1429 332 ἡμῶν·
1453 277 1614 332 ὗπουρε.

190 338 402 394 γησάντων
444 343 499 396 τῶ
535 339 666 397 ἔργω,
696 342 792 383 καθ’
828 344 872 383 ἓν
897 343 978 383 τῶν
1007 342 1050 383 ἐν
1076 344 1134 399 τῷ
1162 345 1374 400 Παπυκίῳ
1400 345 1611 398 «remeabam

191 420 287 459 περι
314 399 366 445 ου
392 403 466 446 καὶ
490 404 565 446 οὒκ
594 405 712 459 ὀλίγα
740 406 869 447 εἰπεῖν
896 405 1126 459 δυνάμενος
1150 407 1312 486 βραχέα
1337 408 1615 463 μεμνήσομαι.

195 471 248 511 ου’
271 469 352 524 γὰρ
384 464 435 524 ἦν
457 467 584 523 μόνον
608 469 788 525 εὐμήκης
814 472 887 512 καί
914 472 1102 525 ἀνδρεῖος
1127 488 1195 513 και
1215 469 1373 527 πλήρης
1399 475 1615 527 συνέσεως,

157 536 404 589 5πατρίζων
434 534 509 590 τὴν
534 531 634 587 ὄψιν
660 535 842 588 ακριβῶς
870 534 946 583 τάς
980 551 1024 577 τε
1049 542 1197 590 χεῖρας
1224 537 1399 589 ἀκμαῖος
1424 537 1499 579 καί
1520 538 1616 588 τούς

195 596 336 652 ὤμους
363 602 449 642 κατ’
479 601 630 642 ἐκεῖνον
658 597 841 654 ὕπερθεν
877 599 984 654 ἔχων
1013 601 1183 655 εὐρέας,
1212 601 1314 643 α’λλὰ
1347 601 1420 644 καί
1445 602 1503 652 ὥς
1529 604 1617 645 ἐπί-

194 681 277 707 παν
303 667 491 718 μείλιχος
520 667 591 707 καί
618 661 891 714 εὖέντευκτος.
950 665 1055 720 πρὸς
1084 665 1113 707 ἃ
1143 665 1215 707 καί
1240 665 1263 708 ὅ
1287 667 1491 718 πολύτλας
1514 668 1618 711 ’Λν-

195 729 383 784 δρόνικος
424 726 588 772 ἀπιδών
628 730 703 785 τήν
739 732 891 772 οἰκείαν
919 732 1134 786 θυγατέρα
1161 733 1343 788 Εἰρήνην
1368 731 1618 789 ἐμνήστευσε

192 796 250 854 τῷ
285 794 429 851 α’νδρί,
469 794 609 850 κρίνας
646 794 719 837 καὶ
758 796 1028 850 παρανόμους
1063 794 1222 851 γάμους
1260 800 1535 854 τετελεκέναι,
1579 801 1659 842 ein

137 876 183 903 10
193 860 332 914 μέλλει
367 857 494 913 μόνον
531 860 720 910 Ἀλέξιος
755 867 841 909 τοῖς
875 863 1166 916 γνησιωτέροις
1209 862 1351 921 ἐκείνῳ
1381 866 1619 918 συγγενέσιν
1671 873 1676 885 '

192 925 497 982 ἐγγράφεσθαι,
538 925 637 968 ὅθεν
663 925 863 976 πλειόνως
900 926 1029 985 τούτῳ
1057 923 1162 983 ἤπερ
1193 932 1276 978 τοῖς
1300 927 1439 971 υῖεῦσι
1464 932 1618 985 προσὲ.

191 1007 301 1033 κειτο
331 992 554 1047 πρότερον,
583 994 656 1034 καί
680 994 751 1047 τῆς
767 990 994 1045 ’βασιλείας
1025 994 1198 1046 ἐμελέτα
1230 996 1498 1048 καταλείψειν,
1523 993 1617 1038 διοί-
1627 1002 1670 1038 V.
1683 1002 1751 1046 ²2⁴

192 1058 329 1112 δοχον.
356 1057 793 1110 μεταβουλευσάμενος
833 1059 869 1098 δ’
898 1054 1072 1113 ὕστερον
1101 1057 1174 1100 τόν
1205 1058 1297 1100 υἱόν
1325 1058 1516 1115 Ἰωάννην
1542 1062 1620 1102 α’ν-

192 1123 378 1175 θείλετο,
407 1121 601 1178 εἰρηκώς,
630 1123 734 1176 πρὸς
761 1121 835 1171 οὒς
876 1124 1106 1165 α’νὲπτυσσε
1132 1121 1185 1165 τα“
1215 1125 1298 1165 τῶν
1324 1124 1621 1178 βουλευμάτων

135 1189 183 1230 15
195 1186 431 1243 α’πόρρητα,
463 1187 520 1242 μὴ
551 1188 595 1238 ἐξ
620 1191 668 1230 Α
692 1189 752 1237 εἰς
782 1191 830 1230 Α
855 1186 932 1242 τήν
970 1187 1188 1240 βασιλείαν
1212 1194 1482 1242 μεταπεσεῖν,
1512 1189 1619 1232 α’λλὰ

179 1254 254 1310 Ατῷ
282 1256 310 1295 I
331 1254 488 1305 μᾶλλον
515 1255 762 1307 προσρέπειν
791 1254 864 1295 καί
890 1254 949 1303 εἰς
976 1255 1093 1295 τοῦτο
1120 1255 1279 1305 μᾶλλον
1301 1252 1452 1296 θεόθεν
1490 1254 1622 1297 συνά-

194 1320 356 1372 γεσθαι.
388 1314 476 1370 ἅμα
509 1319 555 1359 δὲ
572 1320 624 1375 τῇ
650 1317 872 1370 μεταθέσει
899 1320 971 1373 τῆς
997 1316 1161 1373 γνώμης
1189 1317 1240 1373 ἣν
1267 1316 1379 1373 εἶχεν
1410 1322 1476 1362 ἐπ’
1493 1316 1623 1362 Ἀλε-

195 1385 266 1442 ξίῳ
290 1381 578 1438 Ἀνδρόνικος,
625 1382 698 1424 καί
738 1386 813 1439 τῆς
849 1383 1067 1433 συντονίας
1095 1386 1169 1426 τοῦ
1195 1387 1367 1441 φίλτρου
1394 1383 1620 1441 ὖπὲληξεν·

197 1451 253 1490 oti
275 1448 352 1505 γὰρ
377 1449 433 1498 ὦς
457 1448 658 1505 συμφυὴς
677 1447 736 1491 ἔτι
753 1449 1105 1506 περιεσπούδαστο
1123 1451 1196 1491 καί
1222 1448 1478 1504 ὃμόψυχοςό
1498 1453 1622 1494 Ἀλέ-

132 1530 184 1557 20
196 1518 309 1568 ξιος,
347 1515 435 1556 ἀλλ’
463 1513 518 1563 ὥς
559 1515 735 1571 φιλτάτῃ
779 1514 964 1570 θυγατρὶ
1000 1518 1203 1556 συνοικῶν
1235 1517 1292 1557 δι’
1323 1517 1469 1565 αἰδοῦς
1495 1517 1622 1569 μόνον
1638 1523 1753 1569 P.273

196 1575 313 1633 ἤγετο
344 1582 416 1621 καί
439 1581 574 1633 τιμῆς.
626 1579 733 1632 μετὰ
759 1582 806 1623 δέ
830 1596 924 1621 τινα
944 1578 1090 1635 καιρόν
1117 1579 1190 1621 καί
1215 1582 1362 1622 τοῦτον
1392 1582 1623 1632 ἀπεξὲνωσε

196 1646 271 1686 τοῦ
300 1646 455 1701 φωτός,
479 1644 553 1700 τὴν
579 1646 616 1686 δ’
647 1643 785 1687 αἰτίαν
813 1642 1075 1700 προειπόντες
1111 1643 1274 1697 ἔχομεν.
1302 1645 1550 1701 οἶνακληθείς
1577 1648 1624 1688 δὲ

289 1755 322 1789 3.
346 1749 394 1789 ου
419 1756 541 1790 εἰπεῖν
566 1753 636 1790 οιῖκ
660 1753 714 1788 0³).-
740 1753 818 1789 δον
843 1754 1011 1799 βραχέων
1037 1754 1073 1786 Α.
1213 1757 1243 1798 4.
1278 1753 1448 1802 εὐμήκης]
1474 1756 1625 1798 ἡλικίαν

288 1803 387 1859 ἔχων
425 1801 578 1847 αρίστην
610 1802 775 1838 πλάτους
803 1803 865 1834 καὶ
888 1801 1059 1846 μάκρους
1090 1800 1126 1832 Β.
1303 1803 1335 1835 5.
1360 1803 1562 1847 πατρώζων
1582 1805 1623 1836 Δ.

290 1846 590 1929 Ξὶέίιίέιᾎτευκτος]
617 1848 923 1894 γλυκοσύντυχος
945 1847 979 1878 Β.
1120 1858 1170 1882 ιο
1194 1845 1338 1882 ἐκείνου
1363 1848 1401 1881 Α.
1571 1860 1620 1883 ιι.

199 1985 335 2019 indicta
370 1996 476 2019 causa
518 1984 789 2030 comprehensus
823 1984 1044 2018 Andronicus
1082 1985 1118 2017 in
1154 1995 1326 2017 carcerem
1361 1983 1553 2018 coniicitur
1584 1990 1621 2019 et

199 2033 307 2077 paulo
334 2038 416 2077 post
447 2038 665 2065 excaecatur.
723 2032 869 2064 Alexius
901 2042 1004 2071 v‚ero
1040 2032 1102 2075 qui
1132 2032 1165 2063 ei
1186 2032 1347 2064 conscius
1374 2042 1450 2064 esse
1474 2031 1620 2064 diceba-

198 2085 277 2119 tur,
304 2078 342 2111 in
365 2079 618 2112 monasterium
645 2077 825 2123 quoddam
848 2077 989 2122 Papycii
1013 2077 1166 2118 montis,
1191 2078 1295 2110 nobis
1321 2076 1359 2110 id
1382 2078 1622 2111 ministerium

200 2125 487 2169 exequentibus,
511 2124 741 2158 abstruditur.
765 2123 810 2157 de
836 2135 907 2168 quo
934 2135 1013 2156 cum
1037 2124 1149 2157 multa
1172 2123 1291 2157 dicere
1316 2134 1479 2169 possem,
1507 2134 1621 2168 pauca

200 2170 375 2204 duntaxat
400 2172 581 2215 attingam.
608 2182 681 2203 non
705 2176 782 2203 erat
814 2170 878 2203 ille
899 2180 1066 2215 procerus
1102 2170 1276 2204 duntaxat
1298 2176 1334 2203 et
1359 2171 1461 2203 fortis
1484 2175 1521 2203 et
1543 2181 1622 2203 eor·-

201 2217 427 2258 dafflssimus,
459 2219 561 2251 vultu
591 2223 728 2262 patrem
765 2217 872 2261 plane
910 2217 1082 2257 referens,
1107 2217 1263 2249 robustis
1289 2216 1454 2249 manibus
1479 2222 1516 2250 et
1538 2217 1622 2250 latis

201 2263 373 2303 humeris,
403 2264 466 2297 sed
489 2265 595 2297 etiam
619 2263 895 2296 humanissimus
923 2269 959 2296 et
985 2274 1126 2296 accessu
1155 2263 1357 2295 facillimus.
1380 2273 1468 2307 quas
1494 2263 1541 2296 ob
1566 2273 1621 2296 res

201 2321 432 2343 aerumnosus
457 2311 520 2343 ille
545 2310 766 2344 Andronicus
799 2309 908 2342 filiam
933 2311 966 2342 ei
994 2320 1092 2342 suam
1118 2310 1246 2341 Irenen
1271 2308 1531 2353 desponderat,
1555 2320 1623 2342 nec

201 2355 247 2388 ab
276 2357 419 2389 incestis
434 2357 569 2402 nuptiis
595 2356 800 2395 abhorrens,
825 2356 931 2389 modo
943 2356 1106 2388 Alexium
1129 2355 1255 2388 intima
1278 2355 1522 2388 familiaritate
1551 2355 1621 2388 sibi

202 2403 443 2446 coniungeret.
469 2403 563 2436 unde
590 2403 722 2436 factum
745 2407 799 2435 est
822 2407 863 2435 ut
886 2402 998 2446 pluris
1024 2413 1104 2434 eum
1130 2401 1263 2435 faceret
1286 2413 1391 2446 quam
1415 2402 1554 2446 pridem
1579 2402 1623 2433 fi-

204 2447 272 2480 lios
295 2459 400 2489 suos,
425 2455 462 2483 et
496 2450 637 2494 imperii
662 2458 898 2482 successorem
929 2449 1133 2492 relinquere
1157 2449 1195 2480 in
1219 2448 1337 2480 animo
1363 2448 1533 2481 haberet:
1557 2447 1620 2480 sed

203 2498 287 2538 post
308 2500 443 2527 mutato
479 2496 630 2528 consilio
655 2496 769 2528 filium
795 2494 990 2528 Iohannem
1025 2495 1058 2527 ei
1082 2495 1271 2539 praetulit,
1297 2495 1442 2539 suisque
1466 2494 1620 2526 familia-

206 2539 305 2571 ribus
329 2539 452 2573 dixit
441 2542 629 2586 imperium
653 2541 775 2574 divino
813 2541 964 2573 consilio
989 2549 1062 2574 non
1086 2540 1130 2573 ab
1151 2541 1179 2573 A
1202 2541 1241 2574 in
1265 2541 1294 2573 A
1321 2540 1383 2573 sed
1406 2541 1443 2572 in
1462 2541 1477 2572 1
1499 2540 1638 2584 potius*

206 2585 446 2618 transiturum.
486 2598 528 2620 ea
565 2588 743 2621 sententia
767 2592 925 2628 mutata,
961 2598 1031 2619 una
1068 2587 1175 2620 etiam
1197 2586 1360 2620 ardorem
1385 2586 1512 2618 amoris
1539 2592 1620 2628 erga

204 2631 369 2664 Alexium
396 2632 604 2666 immutavit.
628 2644 746 2678 neque
777 2634 871 2666 enim
909 2637 951 2666 ut
985 2633 1083 2678 prius
1107 2633 1313 2673 amabatur,
1338 2642 1456 2676 neque
1483 2631 1620 2675 ubique

206 2677 430 2721 imperatoris
455 2678 558 2711 lateri
584 2679 813 2720 adhaerebat,
837 2679 900 2712 sed
923 2684 964 2712 ut
994 2679 1196 2712 carissimae
1227 2679 1323 2712 filiae
1346 2678 1514 2717 maritus,
1538 2681 1621 2709 tan-

205 2728 281 2757 tum
308 2722 443 2758 honore
466 2724 620 2769 quodam
640 2725 869 2761 afficiebatur.
881 2736 1003 2771 verum
1026 2725 1211 2770 aliquanto
1234 2730 1317 2771 post
1339 2729 1377 2758 et
1397 2722 1492 2757 hunc
1514 2722 1620 2757 lumi-
