1838 3210
261 171 332 225 50
401 171 403 173 ’
718 185 944 228 mcETAss
992 183 1299 226 cnoNlATAE

257 304 299 337 ος
330 288 459 330 αὐτοῦ
500 286 763 339 προσειπών,
801 279 879 324 ὅσα
922 283 994 324 καί
1019 279 1222 330 ξΗλιοὲδας
1251 283 1317 324 ἐπ’
1347 276 1461 337 αὖτῷ
1489 277 1687 338 ἀφιείσας

254 353 508 407 η’λεκτρῶδες
537 346 738 403 δάκρυον,
768 345 843 401 τήν
882 346 1072 402 Φρυγίαν
1098 347 1343 402 παρελθών,
1369 344 1444 401 τὴν
1475 348 1515 387 δ’
1539 347 1685 390 Ἀττά-

253 423 326 459 λου
365 412 661 469 λαμπροτάτην
716 408 834 462 πόλιν
886 411 1132 466 καταλαβών
1152 444 1162 462 ,
1213 413 1501 466 χρονοτριβεῖν
1555 412 1686 454 ἐκεῖσε

251 483 473 536 προέθετο,
493 474 612 557 3{inaug
637 474 714 525 τοὶς
733 478 851 532 πέριξ
871 477 1023 532 ταύτης
1040 474 1180 526 πόλεις
1207 478 1281 518 καί
1299 475 1442 553 χώρας
1469 474 1627 528 μᾶλλόν
1643 492 1686 518 τι

249 544 352 600 πρὸς
380 542 425 584 τὸ
459 559 505 583 ευ
537 544 778 594 μεταθοιτο.
805 538 884 596 ἤδη
911 543 990 597 γάρ
1022 542 1094 583 καί
1118 541 1272 584 τούτων
1299 539 1408 583 ἔνιαι
1435 546 1522 590 τοῖς
1556 538 1722 596 Τούρ-,ς

251 625 335 657 κοις
363 608 598 660 ὑπέκυψαν,
628 608 672 649 έν
704 602 770 655 αἷς
797 603 849 661 ην
876 609 949 648 καί
974 607 999 661 ἦ
1046 608 1123 648 τοῦ
1154 606 1410 660 Πουσγούση
1450 608 1684 661 καλουμένη

249 674 384 727 Mum).
430 669 535 726 αὕτη
563 671 643 727 γάρ
673 673 734 721 εἰς
762 668 901 726 ἀχανῆ
929 688 997 713 και
1026 674 1180 726 μικροῦ
1206 672 1442 713 θαλασσίαν
1466 668 1592 725 χύσιν
1619 673 1686 713 ἐκ·

248 739 459 791 τεινομένη
489 739 534 778 ἐν
562 741 727 786 πολλοῖς
751 738 921 792 νησῖδας
945 733 1106 790 ἀνίσχει
1127 737 1479 791 περιβεβλημένας
1504 738 1684 791 τείχεσιν

208 805 448 858 Βῐσχυροῖς.
479 797 612 860 ᾤκουν
636 803 713 855 μὲν
743 796 815 844 οὖν
842 801 992 850 ταύτας
1019 800 1209 855 τηνικάδε
1237 803 1388 855 καιροῦ
1414 803 1684 852 Χριστιανῶν

244 868 388 920 ἑσμοί,
419 869 463 909 οἳ
489 867 561 908 καί
586 868 656 908 διὰ
702 869 865 920 λέμβων
896 865 969 907 καί
995 866 1175 907 ἀκατίων
1202 872 1286 915 τοῖς
1309 866 1523 908 Ἰκονιεῦσι
1547 863 1682 921 Τούρ-
1700 886 1747 912 10

245 949 331 981 κοις
375 932 690 986 ἐπιμιγνύμενοι
739 932 792 972 ου’
838 928 964 983 μόνον
1011 929 1087 985 τήν
1132 929 1236 986 πρὸς
1286 929 1491 984 α’λλήλους
1538 933 1683 986 φιλίαν

245 999 437 1040 ἐντεῦθεν
480 995 733 1051 ἐκράτυναν,
773 993 878 1037 ἄλλα
906 997 979 1038 καί
1002 1001 1088 1044 τοῖς
1117 994 1442 1050 ἐπιτηδεῦ,ιιασιν
1470 993 1610 1037 αὐτῶν
1637 997 1683 1038 ἑν

244 1064 405 1104 πλείοσι
434 1059 782 1116 προσεσχήκασιν.
811 1057 955 1113 ἀμέλει
982 1060 1053 1102 καί
1077 1058 1132 1109 ὥς
1153 1059 1377 1115 ὅμοροῦσιν
1396 1062 1536 1110 αὐτοῖς
1556 1076 1683 1116 προσ.

242 1129 458 1179 τιθέμενοι
484 1127 718 1178 Ῥωμαίους
762 1125 818 1174 ὥς
859 1124 1043 1181 ἐχθροὺς
1082 1126 1387 1179 ὑπεβλέποντο·
1443 1122 1553 1168 οὕτω
1579 1124 1682 1181 χρό-

242 1207 296 1248 νῳ
335 1191 565 1246 κρατυνθὲν
595 1190 690 1239 ἔθος
726 1192 870 1244 γένους
906 1190 977 1232 καί
1001 1194 1227 1246 θρησκείας
1252 1192 1365 1232 ἐστίν
1392 1187 1680 1246 ἰσχυρότερον.
1699 1191 1746 1232 15

242 1252 340 1297 ὅθεν
367 1254 440 1296 καὶ
478 1254 517 1296 οἱ
541 1256 619 1307 μὲν
649 1252 705 1303 ῶς
736 1256 960 1297 α’ντίπαλον
996 1253 1069 1297 τὸν
1097 1257 1274 1309 βασιλέα
1299 1257 1433 1304 κακῶς
1461 1253 1680 1310 ἔφασκον,

239 1322 335 1375 μηδ’
362 1320 578 1373 ὑποκύψαι
602 1315 708 1370 ὅλως
735 1326 821 1369 τοῖς
851 1321 984 1362 αὐτοῦ
1003 1323 1176 1373 θεσμοῖς
1208 1319 1591 1376 α’πηυθαὸιάζοντο,
1622 1323 1682 1378 τῷ

241 1383 357 1442 ὑγρῷ
386 1387 599 1440 φυσῶντες
631 1386 812 1440 ζωστῆρι
837 1387 909 1439 τῆς
937 1385 1085 1440 λίμνης
1104 1417 1116 1439 ,
1143 1388 1214 1427 καί
1242 1383 1271 1426 δῖ
1301 1385 1375 1426 οῦκ
1406 1382 1457 1427 ἂν
1482 1384 1682 1442 ᾠήθησαν

242 1452 515 1505 φρονοῦντες,
544 1452 666 1491 ταῦθ’
696 1449 752 1499 ὥς
779 1439 1148 1505 παραφρονοῦντες
1168 1450 1524 1506 διαπραττόμενοι.
1582 1448 1604 1491 ὅ
1635 1450 1682 1491 δὲ

239 1516 529 1567 μεθίστασθαι
569 1513 745 1571 παρῄνει
773 1517 844 1570 τῆς
873 1518 1018 1570 λιμνης
1051 1515 1107 1564 ῶς
1131 1516 1315 1557 παλαιοῦ
1337 1515 1557 1568 Ῥωμαίων
1585 1513 1681 1569 κτή-
1693 1531 1744 1558 20

200 1590 397 1634 Εματος,
426 1580 498 1622 καί
519 1582 715 1636 καθαρῶς
737 1586 998 1636 προσχωρεῖν
1024 1587 1108 1630 τοῖς
1136 1581 1342 1636 Πέρσαις,
1371 1582 1412 1623 εἰ
1435 1582 1553 1622 τοῦτο
1580 1578 1682 1633 βού-

240 1649 398 1687 λοιντο·
467 1647 506 1687 εἰ
548 1647 594 1688 δὲ
629 1644 687 1700 μὴ
733 1642 842 1687 οὕτω
873 1647 1029 1703 δρῷεν,
1073 1646 1149 1686 οὐκ
1189 1642 1241 1687 ἂν
1282 1647 1545 1699 ἀνασχέσθαι
1575 1642 1682 1694 ὅλως

241 1711 523 1765 διισχυρίζετο
553 1709 710 1759 αὐτούς
736 1726 778 1752 τε
819 1710 891 1753 καί
917 1710 992 1765 τήν
1021 1712 1168 1766 λίμνην
1194 1711 1476 1760 ἀπεξενῶσθαι
1499 1710 1681 1763 Ῥωμαί-

332 1831 363 1852 2.
390 1833 459 1861 την
484 1819 515 1853 δ’
529 1819 724 1867 Ἀττάλου]
749 1821 802 1857 εἰς
829 1819 1024 1856 &fraletau
1051 1820 1334 1863 καταντήσας-Β.
1429 1821 1461 1854 5.
1498 1817 1680 1865 μετάθω-

332 1866 388 1912 ·to]
415 1866 591 1899 διτίθοιτο
620 1868 659 1899 Α.
782 1879 815 1911 9.
834 1867 1023 1925 ἰσχυροῖς]
1055 1868 1235 1922 ἐρυανοῖς
1258 1868 1298 1899 A.
1399 1878 1449 1902 11
1476 1866 1523 1899 οὔ
1553 1866 1679 1911 μόνον

334 1922 493 1956 στερεαν
527 1912 633 1956 εἶχον
657 1913 794 1957 φιλίαν
818 1913 911 1946 ἄλλα
935 1917 998 1946 καὶ
1022 1925 1066 1946 τα
1079 1898 1253 1958 χρειώδη
1280 1912 1404 1946 αὐτῶν
1441 1912 1566 1946 πάντα
1588 1912 1678 1957 παρ’

332 1957 460 1995 αὐτοῖς
489 1958 709 2015 ἐπορίζοντο
734 1959 770 1991 Β.
849 1971 897 2004 ¹7
914 1962 964 2004 -ιιό
989 1959 1104 2006 ὑγρῷ]
1132 1962 1180 2004 τῷ
1206 1963 1268 2001 τῆς
1291 1962 1421 2005 λίμνης
1443 1958 1678 2004 ἐγκαυχώμε-

329 2016 392 2038 νοι
417 2013 479 2037 στε
504 2005 669 2050 ρεωματι
695 2005 731 2036 Β.

237 2099 309 2126 star
333 2093 522 2133 flentibus,
558 2093 741 2137 Phrygiam
782 2099 1046 2137 praetervectus
1089 2094 1134 2127 ad
1159 2094 1389 2127 clarissimam
1413 2093 1525 2126 Attali
1550 2092 1677 2127 urbem

238 2140 448 2172 commorari
473 2140 613 2179 statuit,
636 2145 677 2172 ut
703 2140 855 2172 finitima
879 2141 1012 2185 oppida
1037 2145 1073 2173 et
1097 2141 1297 2185 provincias
1323 2139 1454 2172 rectius
1479 2140 1678 2173 constitue-

239 2192 312 2227 ret,
340 2197 490 2230 quarum
514 2186 709 2218 nonnullae
738 2187 808 2219 iam
832 2198 852 2219 a
877 2187 1003 2219 'lurcis
1037 2187 1204 2220 subactae
1230 2191 1341 2219 erant.
1367 2187 1404 2218 in
1430 2197 1501 2229 quo
1526 2197 1675 2219 numero

242 2233 350 2265 etiam
377 2233 530 2275 Pusgusa
563 2232 666 2276 palus
699 2233 790 2275 fuit,
828 2244 921 2277 quae
947 2245 1025 2265 cum
1058 2234 1171 2266 instar
1197 2233 1304 2265 maris
1329 2232 1502 2265 latissime
1527 2237 1673 2276 pateat,

239 2278 424 2311 multis-in
449 2278 536 2310 locis
560 2289 684 2322 parvas
719 2278 831 2312 habet
854 2280 1008 2319 insulas,
1034 2280 1143 2312 firmis
1168 2279 1323 2311 munitas
1350 2278 1558 2319 moenibus,
1587 2289 1676 2323 quaa

242 2336 284 2357 eo
310 2331 470 2368 tempore
497 2324 689 2357 Christiani
719 2325 867 2369 plurimi
895 2325 1092 2368 tenebant3
1118 2326 1181 2370 qui
1204 2337 1282 2358 cum
1305 2325 1434 2358 lembis
1468 2330 1504 2357 et
1529 2326 1676 2358 navicu-

241 2371 286 2404 lis
323 2371 527 2403 Iconienses
563 2371 696 2403 Turcas
737 2372 896 2412 adirent,
924 2383 997 2404 non
1023 2372 1131 2405 modo
1157 2372 1350 2404 amicitiam
1376 2382 1456 2404 cum
1481 2371 1532 2404 eis
1557 2371 1676 2404 firma-

242 2422 344 2457 rant,
381 2416 445 2449 sed
480 2422 516 2449 et
553 2418 728 2450 institutis
766 2428 887 2451 eorum
914 2419 1096 2462 plerisque
1127 2418 1340 2458 utebantur,
1368 2423 1406 2451 et
1425 2428 1504 2450 cum
1521 2417 1571 2449 eis
1595 2423 1676 2450 tan-

242 2475 350 2508 quam
375 2463 536 2496 finitimis
562 2464 744 2496 coniuncti
761 2466 935 2497 Romanos
960 2470 1000 2497 ut
1025 2464 1145 2497 hostes
1160 2464 1423 2497 aversabantur.
1448 2464 1499 2496 ita
1525 2474 1677 2496 consue-

242 2509 330 2542 tudo
355 2515 515 2553 tempore
540 2510 746 2543 confirmata
770 2511 849 2555 plus
876 2517 912 2544 et
936 2512 1075 2543 ratione
1102 2517 1138 2544 et
1158 2511 1331 2553 religione
1350 2510 1456 2543 valet.
1482 2509 1590 2553 igitur
1612 2509 1676 2542 alii

243 2556 450 2600 imperatori
486 2561 527 2588 ut
564 2555 661 2588 hosti
696 2557 979 2597 maledicebant,
1013 2563 1049 2590 et
1076 2558 1152 2589 eius
1176 2557 1293 2589 edicta
1325 2556 1584 2588 contumaciter
1619 2565 1676 2588 re-

243 2601 440 2646 spuebant,
466 2601 609 2646 paludis
636 2603 772 2636 ambitu
797 2603 897 2645 freti3
933 2610 969 2636 et
993 2613 1084 2648 quae
1118 2615 1203 2636 sana
1227 2608 1346 2635 mente
1372 2613 1556 2646 nunquam
1579 2602 1676 2646 cogi·

198 2668 201 2672 -
244 2654 399 2688 tassent‚
430 2658 471 2680 ea
507 2659 571 2692 per
607 2649 807 2682 vecordiam
849 2650 976 2682 animis
1015 2649 1208 2693 agitabant.
1244 2661 1323 2682 cum
1347 2659 1430 2682 vero
1455 2648 1588 2692 palude
1613 2659 1676 2681 eos

248 2694 374 2727 cedere
394 2699 434 2726 ut
455 2695 692 2728 Romanorum
723 2696 836 2728 veteri
863 2697 1112 2740 possessione,
1141 2701 1177 2729 et
1200 2695 1307 2740 plane
1332 2694 1377 2727 ad
1401 2696 1520 2728 Persas
1544 2694 1675 2727 transi-

248 2751 308 2781 re,
330 2741 359 2774 si
381 2740 528 2782 vellent,
552 2740 694 2775 iuberet
715 2742 868 2789 (alioqui
893 2747 929 2777 et
950 2743 1108 2788 ipsorum
1133 2747 1168 2776 et
1194 2741 1337 2788 paludis
1359 2741 1558 2776 aRomanis
1585 2740 1676 2774 alie-
