1878 3230
336 150 447 247 890
740 133 960 212 Womi
986 167 1398 212 ANNOTAnonns

333 271 432 326 quid
461 269 721 322 depravatum
748 271 826 309 sit·
872 284 964 309 nam
1001 269 1231 322 signiferum
1260 270 1468 322 ignorante
1493 271 1667 313 exercitu
1694 289 1768 314 oc-

334 327 427 375 cidi,
458 331 498 364 et
521 339 543 363 a
577 325 711 377 paucis
736 325 1058 364 robustissimum
1087 326 1303 364 exescitum
1332 326 1446 379 signo
1477 325 1584 366 elato
1613 341 1766 380 provo·

334 381 442 430 cari,
473 379 537 417 vix
566 379 760 419 credibile
777 379 952 422 videtur.
980 379 1086 419 malo
1113 386 1244 418 tamen
1273 381 1315 418 in
1343 379 1451 419 hanc
1482 395 1648 434 peccare
1671 397 1763 437 par-

333 443 440 485 tem,
473 447 522 472 ne
553 433 674 487 quid,
704 434 1014 502 qualecumque
1026 434 1065 473 id
1095 435 1169 484 sit,
1199 436 1555 501 praetermittatur.

486 502 625 553 799,
656 503 716 544 19.
778 488 851 528 ἐπι
890 485 1103 540 τεσσάρων
1136 487 1339 542 άσηίὸων]
1369 487 1437 529 ἐπὶ
1462 489 1564 540 μιᾶς
1591 484 1767 539 nonme&

333 541 674 596 παραταξάμενοι
710 544 818 596 apud
852 545 1068 584 Isociatem
1105 544 1145 583 in
1185 543 1422 583 Archidamo
1453 544 1617 598 legitur.
1652 547 1766 601 quod

336 601 400 637 vix
439 597 630 637 ciedibile
670 599 859 650 videtur,
902 601 1026 638 aciem
1065 600 1105 637 in
1146 598 1310 652 longum
1352 606 1550 639 extensam
1582 610 1658 641 nec
1685 616 1766 642 uno

335 654 421 693 vito
454 653 763 704 profundiorem
788 652 925 694 multis
956 653 1134 693 millibus
1162 653 1368 693 restitisse.

448 707 500 746 P.
532 707 622 756 800,
659 722 719 762 19
786 705 831 748 τὸ
866 708 1014 748 οἰκεῖον
1042 703 1170 760 λάχος
1211 705 1342 761 ὁρῶν]
1386 709 1566 748 converti
1592 723 1682 749 cum
1709 710 1771 750 sut*

336 775 509 801 manens
543 777 621 801 esse
669 766 911 816 intelligeret.
953 763 1092 816 quodsi
1133 765 1198 802 cui
1233 762 1435 814 displicet,
1481 770 1648 817 reponet
1675 779 1767 804 cum

332 831 443 855 snam
474 829 657 869 gregem,
699 819 761 859 vel
801 820 909 858 cives
951 832 1045 858 suos
1061 847 1072 866 ‚
1121 833 1147 857 a
1185 819 1362 857 consiliis
1401 827 1439 857 ec
1469 820 1654 873 precibus
1689 820 1768 859 suis

327 872 508 925 pendere
536 872 700 916 videret.

439 927 492 965 P.
521 924 613 977 802,
642 941 709 970 22.
749 929 998 967 constructio
1041 926 1271 967 huiusmodi
1299 934 1385 966 est·
1425 924 1673 978 ἱλασάμενος
1697 926 1772 968 τόν

331 976 455 1029 θεόν,
486 980 570 1020 πᾶν
599 978 884 1050 ἀποτρόπαιον
924 982 1158 1046 τραπέσθαι
1189 977 1293 1021 κατὰ
1324 980 1401 1021 τοῦ
1429 980 1597 1022 ἀνοσίου
1629 989 1710 1023 etc.

443 1031 492 1076 P.
522 1034 616 1084 805,
645 1037 708 1076 23.
740 1029 858 1083 ουτος
885 1034 963 1088 γὰρ
992 1037 1077 1076 τῶν
1108 1050 1180 1076 του
1220 1035 1353 1089 βορρᾶ
1387 1037 1579 1088 πλευρῶν
1608 1032 1768 1077 ἀποσυ-

336 1087 437 1142 ρείς]
478 1103 558 1130 non
603 1092 697 1131 satis
735 1105 930 1145 assequor
973 1092 1070 1145 quid
1100 1091 1175 1131 sibi
1211 1090 1316 1131 velit.
1343 1097 1527 1131 vetustus
1553 1092 1676 1132 codex
1706 1093 1768 1144 (B)

332 1151 373 1183 et
401 1144 464 1183 hic
491 1145 653 1185 mutilus
683 1153 764 1198 est,
801 1155 847 1187 ut
886 1155 926 1187 et
972 1147 1065 1186 alibi
1086 1176 1101 1198 ‚
1133 1147 1204 1186 ubi
1228 1146 1310 1185 eius
1349 1146 1525 1185 subsidio
1575 1156 1770 1200 perquam

334 1212 437 1251 opus
466 1206 541 1238 est.

441 1254 490 1295 P.
518 1254 612 1302 805,
642 1270 709 1295 20.
734 1251 935 1308 ὖηιουσης
957 1254 1197 1308 legendum,
1225 1262 1271 1293 ut
1302 1261 1500 1295 nostrates
1522 1256 1681 1310 aquilae
1706 1258 1769 1311 pi·

331 1314 418 1347 ctae
450 1309 657 1349 ascribunt
684 1310 756 1349 sub
787 1311 927 1349 umbra
957 1312 1118 1352 alar-um
1147 1319 1316 1349 tuarum.

442 1363 496 1403 P.
525 1363 619 1412 810,
659 1365 720 1404 16.
792 1379 842 1416 τη
833 1360 870 1403 “ν
895 1363 942 1403 δὲ
968 1364 1242 1405 πολισθεΐσαν
1272 1357 1476 1420 άρκαὸιῖυ]
1509 1378 1553 1404 ex
1583 1365 1645 1404 his
1671 1380 1770 1406 ver·-

332 1417 393 1457 bis
422 1431 501 1456 non
543 1421 637 1459 satis
681 1418 920 1472 intelligitur
956 1426 1098 1458 utrum
1124 1419 1256 1457 Latini
1284 1433 1335 1457 an
1362 1403 1536 1458 Roinani
1564 1421 1772 1461 Arcadio-

202 1475 240 1510 Ρ.
254 1475 320 1519 450
332 1472 459 1526 polim
479 1476 693 1515 tenuerint.
715 1480 898 1513 vetustus
915 1473 1038 1513 codex
1057 1475 1117 1524 (Β)
1136 1470 1264 1523 μόνον
1284 1472 1331 1511 δὲ
1346 1494 1397 1502 —-
1410 1471 1632 1526 φυλάττειν
1645 1472 1766 1515 αὐτό.

333 1528 430 1567 hinc
460 1536 626 1579 apparet
644 1527 942 1581 Arcadiopolim
971 1542 994 1567 a
1023 1528 1211 1567 Romanis
1243 1527 1359 1567 fuisse
1387 1536 1648 1582 occupatam,
1675 1544 1769 1570 cum

334 1582 448 1623 alteri
473 1584 720 1623 contrarium
752 1583 886 1649 dicere
913 1582 1142 1626 videantur.

443 1636 494 1676 P.
527 1636 623 1684 811,
659 1639 699 1678 5.
757 1652 814 1685 ως
842 1637 883 1677 δ’
891 1634 1125 1702 α’πήντων]
1165 1637 1231 1676 hic
1259 1636 1393 1676 eadem
1422 1639 1595 1677 recurrit
1621 1638 1769 1679 obscu-

334 1692 445 1731 ritas.
478 1696 654 1732 vetustus
682 1693 830 1732 habet.
864 1688 903 1732 οἱ
925 1687 1126 1741 Ῥωμαῖοι
1166 1691 1213 1730 δὲ
1244 1713 1295 1722 --
1324 1688 1486 1739 τούτοις
1512 1694 1771 1744 συμπλέκον-

333 1760 420 1786 ται.
450 1747 554 1786 hanc
589 1749 841 1811 sententiam„
862 1747 903 1786 in
931 1747 1130 1787 vertendo
1164 1761 1250 1786 sum
1278 1753 1451 1786 secutus

445 1802 497 1842 P.
526 1802 626 1866 811,
665 1804 722 1843 13.
780 1801 863 1843 τῶν
893 1801 932 1842 δ’
974 1796 1124 1855 αλλων]
1153 1799 1178 1853 ἡ
1208 1801 1254 1841 δὲ
1279 1797 1398 1853 λοιπὴ
1429 1799 1471 1848 ἐς
1498 1798 1572 1853 τήν
1594 1799 1768 1856 Ἀδρια-

334 1856 411 1896 νοῦ
439 1853 552 1907 παρὰ
589 1853 721 1905 πόδας
762 1856 908 1907 ιὀὗσα,
955 1856 1086 1897 ἑκεῖσέ
1108 1871 1162 1911 πῃ
1203 1852 1345 1906 βάλλει
1391 1855 1655 1923 στρατήγιον,
1697 1858 1770 1897 καὶ

334 1911 510 1963 ταυτησι
528 1911 734 1978 πειρᾶται
760 1908 862 1951 κατὰ
896 1908 1041 1961 κράτος
1081 1904 1201 1950 ελεῖν.
1229 1910 1316 1949 ἄλλ’
1344 1909 1435 1949 ἐπει
1459 1909 1663 1978 α’πείρηκα
1691 1909 1769 1959 τὰς

333 1980 416 2004 των
431 1963 591 2006 οἰκείων
613 1963 834 2033 συμφοράς
853 1963 1216 2018 συγγραψάμενος,
1250 1959 1328 2016 ἤδη
1350 1963 1395 2003 δὲ
1426 1979 1494 2004 και
1524 1966 1596 2017 τῆς
1623 1964 1682 2012 εἰς
1708 1966 1769 2004 ἕω

334 2017 602 2071 μεταβάσεως
649 2017 759 2068 α’πας
804 2021 969 2084 γίνομαι
1009 2020 1193 2059 ἐνταυθα
1221 2029 1291 2058 τον
1314 2017 1446 2070 λέγειν
1476 2019 1664 2070 σγάσας,
1691 2019 1768 2059 τοῦ

337 2088 420 2112 των
448 2089 585 2114 κακων
623 2073 780 2128 ἰλίγγου
820 2070 1101 2123 πεπαύσομαι.
1170 2075 1340 2129 reliquus
1374 2076 1571 2113 exercitus
1598 2074 1765 2114 Adria-

336 2130 512 2182 'zopolim
530 2139 635 2169 recta
653 2130 885 2171 contendens
904 2139 1043 2169 castra
1064 2130 1120 2168 ibi
1141 2130 1258 2176 locat,
1293 2143 1452 2183 eamque
1478 2130 1526 2168 vi
1557 2135 1765 2183 expugna-

338 2196 382 2221 re
408 2184 585 2223 instituit.
614 2186 684 2224 sed
697 2187 794 2239 quia
821 2188 1041 2224 nostrorum
1066 2183 1354 2223 calamitatibus
1381 2183 1651 2223 descnbendst
1677 2197 1763 2221 sum

339 2237 386 2276 d
367 2239 509 2288 sessus
536 2248 574 2277 ec
598 2253 699 2278 mmo
729 2240 933 2279 Orzentali
954 2240 1198 2302 profictcone
1218 2246 1313 2277 totus
1343 2248 1521 2291 occupor,
1535 2237 1675 2290 finita
1703 2239 1771 2276 Ιιίσ

337 2302 516 2331 oraczone
553 2294 830 2333 calamitatum
871 2295 1108 2345 vertigmem
1136 2292 1348 2356 deponam.
1380 2292 1455 2331 hoc
1486 2292 1576 2330 loco
1605 2291 1764 2345 Byzan-

339 2347 447 2386 tinus
474 2347 598 2387 codex
627 2361 650 2385 u
680 2348 856 2387 Iohanne
872 2348 1165 2387 Dernschwam
1194 2360 1352 2387 nomne
1373 2346 1425 2385 D.
1456 2345 1625 2384 Antonii
1651 2347 1764 2400 Fug-

338 2402 424 2454 geri
445 2402 560 2455 Cpoli
587 2409 740 2455 emptus
769 2403 971 2454 abrumpit
998 2398 1220 2463 historiam,
1252 2408 1290 2440 et
1309 2399 1470 2439 librarii
1497 2414 1642 2440 nomen
1663 2402 1762 2440 sube-

338 2455 477 2496 iicitur
531 2457 590 2497 his
634 2458 792 2498 verbis:
842 2451 1066 2518 ἐτελειώθη
1109 2453 1135 2508 ἢ
1175 2468 1358 2507 παρονσα
1396 2452 1571 2508 χρονικῆ
1617 2453 1762 2519 βίβλρς

338 2510 486 2574 ξυριόυ
525 2508 685 2576 Νικήτα
711 2511 782 2550 τοῦ
822 2507 1055 2561 χωνειάτου
1093 2510 1191 2560 παρ’
1235 2508 1334 2559 ἑμπῖ
1359 2509 1436 2548 τοῦ
1465 2506 1686 2572 ἐλαχίστου
1715 2505 1763 2548 ἐν

342 2561 662 2617 ἱεροδιακόνοις,
697 2560 967 2616 Ἀλεξάνδρου
1013 2563 1089 2602 τοῦ
1124 2561 1298 2629 μεγάλρι
1336 2561 1665 2626 χαρτοφύλακος
1686 2562 1762 2629 τῆς

339 2620 417 2657 τοῦ
446 2621 637 2670 Χριστοῦ
672 2618 853 2672 μεγάλης
891 2617 1132 2669 ἐκκλησίας,
1167 2617 1213 2658 ἐν
1250 2613 1322 2657 ἔτει
1368 2619 1426 2673 τῶ
1454 2612 1546 2670 ζ’ξγ,
1575 2618 1633 2673 τιῖἰ
1657 2631 1759 2671 μηω

341 2673 525 2729 ῙΙΙαρτάιο
557 2672 778 2726 ἱσταμένου
807 2673 939 2728 ἡμέρᾳ
969 2670 1003 2712 δ’

449 2730 500 2777 P,
531 2729 628 2781 824,
661 2731 979 2784 27.sententi1
1021 2734 1105 2778 cst,
1139 2728 1294 2767 Latinos
1323 2727 1511 2781 Byzantio
1543 2728 1584 2766 in
1622 2732 1755 2766 castra
