1878 3230
456 174 682 231 ALEqus
723 175 992 218 mmm-:ms
1035 175 1281 218 COMNEM
1320 178 1366 216 r.
1523 158 1635 214 303

189 275 397 330 προϊοῦσα
423 276 497 316 καί
522 276 606 317 τῶν
631 274 857 329 βασιλείων
884 276 1299 330 α’ποσκορακισθῆναι
1323 276 1471 318 τοῦτον
1488 277 1638 319 ἐνέκει·

189 355 238 382 το
272 341 523 394 ἐξαιτοῦσα,
561 343 636 384 καί
666 337 734 384 οἷά
761 356 801 383 τι
836 343 1079 396 παρεκφυὲν
1123 338 1305 392 ζιζάνιον
1342 341 1417 395 τῆς
1445 342 1640 396 εὐγενοῦς

190 407 518 461 ἀποσπασθῆναι
549 407 762 463 φυταλιᾶς
784 408 857 449 καί
885 407 1150 461 ζημιωθῆναι
1180 404 1356 465 ὀλέθρῳ,
1384 411 1640 462 συναναβαΐ-

189 486 259 513 νον
285 474 357 521 καί
390 478 622 526 συμπνῖγον
660 472 717 521 ὥς
744 477 860 514 σῖτον
895 470 967 514 τὸν
990 472 1296 527 αὐτοκράτορα.
1366 469 1419 528 ἧν
1446 474 1494 515 δὲ
1525 470 1640 517 ἅντι-

151 538 292 592 5κρυς
324 537 577 592 ὀριγνωμένη
607 535 636 578 ἃ
660 537 719 590 μή
755 540 982 579 τελέεσθαι
1009 535 1204 590 ἔμελλεν·
1261 537 1286 579 ὅ
1315 537 1396 594 γὰρ
1426 538 1534 595 ἀνὴρ
1566 535 1642 581 οὗ·

188 618 256 652 τος
280 608 365 652 τοῖς
391 603 675 658 α’νακτορικοῖς
701 601 913 655 θαλάμοις
939 603 997 651 ὥς
1021 602 1230 652 πολύπους
1249 610 1344 653 ταῖς
1362 606 1537 659 πέτραις
1563 622 1640 647 κα.

190 666 335 719 θάπαξ
367 666 506 723 ἐμφύς
537 668 611 710 καὶ
637 666 714 717 τοὶς
743 667 1024 723 κοτυληδόνας
1051 665 1185 726 κύκλῳ
1218 669 1387 725 διαφεὶς
1416 670 1508 712 οὐδ’
1536 667 1642 720 ὅλως

188 735 460 786 μεταβαίνειν
484 731 646 776 ἐκεῖθεν
673 731 892 788 ἠβούλετο.
950 735 1025 775 καί
1057 731 1211 788 δήποτε
1239 737 1316 777 τοῦ
1336 738 1543 789 βασιλέως
1569 740 1643 779 κατ’

188 799 381 855 α’ὃελφοῦ
408 799 718 854 ὃιηπειληκότος
743 800 795 857 τῇ
829 799 1062 858 κασιγνήτῳ
1094 801 1367 858 Καισαρίσσῃ
1395 802 1469 856 τὴν
1496 801 1540 843 ἐκ
1566 805 1642 844 τοῦ

130 881 176 907 ιο
189 863 263 908 νεώ
313 864 540 921 ἀφαίρεσιν
580 864 654 907 καί
694 863 980 919 κατάσπασιν,
1023 867 1064 908 εἰ
1087 864 1144 921 μή
1187 868 1356 922 ἐκσταίη
1385 864 1538 910 ἑκοῦσα
1567 883 1637 910 του

186 930 315 986 ἱεροῦ,
347 932 544 986 (βασιλέα
573 933 621 973 δὲ
641 932 772 986 λέγων
802 929 952 974 τοὶ-τοῦ
978 934 1329 986 πρωτοσεβαστοῦ
1356 936 1468 988 φημί
1493 935 1638 976 ἐπιτοὲ-
1652 945 1687 980 Ρ.
1707 946 1767 982 152

186 1013 326 1051 γματα
353 997 426 1039 καί
451 999 524 1052 τῆς
548 999 624 1039 τοῦ
649 999 857 1051 βασιλέως
885 996 1080 1054 μητρός),
1108 996 1155 1039 τό
1185 996 1342 1040 ἑκοῦσα
1369 995 1477 1040 εἶναι
1501 1002 1642 1056 μηδα-

185 1065 278 1116 μῶς
318 1065 544 1116 προελθεῖν
588 1061 904 1120 α’ντηπείλησεν.
961 1062 1085 1106 ἔνθεν
1111 1080 1175 1106 τοι
1217 1063 1292 1106 καί
1338 1065 1551 1108 δεδοικυῖα
1575 1066 1638 1122 μή

189 1129 479 1184 συλληφθείη,
522 1135 617 1178 ταῖς
653 1144 697 1171 τε
731 1129 884 1178 πύλαις
911 1132 989 1171 τοῦ
1025 1129 1103 1172 νεώ
1131 1129 1326 1186 ἐφίστησι
1352 1129 1544 1186 φύλακας
1570 1135 1646 1175 καί

129 1192 330 1242 ιὸπάσας
357 1193 434 1244 τὰς
464 1191 655 1244 εἰσόδους
695 1192 975 1248 διαλαμβάνει
1007 1201 1239 1251 φρουραῖς,
1270 1194 1340 1238 τὸν
1365 1197 1437 1251 τῆς
1464 1213 1642 1252 προσευ-

187 1261 268 1315 χῆς
297 1255 408 1301 οἶκον
434 1258 775 1311 διασκευάζουσα
815 1259 918 1315 πρὸς
945 1258 1170 1318 λῃστήριον
1193 1258 1223 1316 ἢ
1253 1263 1460 1317 φρούριον
1486 1263 1643 1318 ἒχυρῦν

189 1327 263 1367 καί
287 1321 520 1379 α’πότομον,
549 1324 792 1368 δυσάλωτον
829 1332 916 1375 τοῖς
956 1326 1303 1382 προσβάλλουσιν.
1359 1326 1431 1370 αἐἰ
1454 1329 1491 1370 δ’
1519 1331 1642 1371 ἐπεκ-

189 1392 405 1446 τεινομένη
429 1397 518 1440 τοῖς
546 1393 713 1446 χείροσι
739 1393 814 1434 καί
841 1394 1128 1448 προβαίνουσα
1158 1398 1245 1442 τοῖς
1274 1393 1349 1435 οὐκ
1374 1394 1639 1447 ἐπαινετέοις,

187 1455 260 1498 καί
287 1455 553 1511 ξυμμαχικὸν
578 1455 716 1512 τάγμα
755 1461 966 1513 ξενολογεῖ
989 1461 1063 1501 καί
1090 1460 1236 1515 τίθησι
1261 1460 1543 1515 στρατόπεδον
1569 1460 1642 1504 τὸν

125 1536 176 1562 20
189 1525 305 1563 θεῖον
342 1522 586 1578 περίβολον·
658 1526 733 1566 καί
770 1524 1007 1573 Ἰταλιώτας
1050 1523 1129 1580 γὰρ
1165 1524 1425 1580 συναγήοχεν
1453 1523 1640 1580 ὁπλομά-

188 1604 319 1642 χους,
366 1591 439 1631 καί
479 1588 758 1644 μεγαθύμους
800 1587 929 1647 ἑῴους
983 1590 1335 1646 ἐστρατολόγησεν
1351 1588 1522 1647 Ἴβηρας
1551 1595 1642 1634 κατ’

189 1656 396 1709 ἐμπορίαν
438 1655 490 1712 τῇ
519 1653 640 1697 πόλει
667 1655 1016 1712 παραβαλόντας,
1053 1658 1127 1698 καί
1147 1656 1367 1710 Ῥωμαίων
1396 1655 1642 1700 ὁπλιτεύου-

192 1735 271 1762 σαν
299 1720 560 1763 ἐπεσπάσατο
601 1722 838 1783 φάλαγγας
864 1723 1132 1777 ἐμπαζομένη
1163 1721 1343 1777 μηδενὸς
1373 1722 1424 1765 τὰ
1454 1722 1558 1779 πρὸς
1580 1725 1635 1767 εἰ,
1653 1741 1678 1773 B

289 1845 323 1878 5.
349 1841 441 1890 τελ.]
460 1843 578 1890 πέρας
601 1844 727 1888 λαβεῖν
742 1845 781 1878 Α.
875 1846 911 1878 6.
935 1844 985 1881 οἷς
1006 1843 1217 1892 πολύπους]
1247 1844 1296 1882 αἷς
1325 1843 1414 1879 οὐδὲ
1433 1844 1645 1882 ὅκταπόδιν

290 1890 344 1926 εἰς
368 1892 511 1934 πέτραν
533 1891 569 1923 B.
639 1893 671 1925 8.
697 1890 887 1938 ἠβούλετο]
918 1891 1087 1936 η’ρέτιστο
1112 1892 1152 1924 Α.
1225 1902 1277 1926 ιι.
1300 1890 1333 1924 δ’
1354 1892 1484 1938 ἔλεγον
1506 1891 1551 1928 τὰ
1576 1895 1644 1929 τοῦ

285 1947 402 1982 newt-
429 1937 697 1978 ἁπαξάπαντες
719 1939 816 1972 ἐπιτ.
843 1938 882 1971 Α.

196 2046 294 2077 retur
309 2067 318 2083 ,
343 2043 577 2088 postulabat,
607 2049 644 2078 et
666 2044 782 2079 veluti
807 2055 946 2078 ramum
970 2044 1215 2078 adulterinum
1244 2056 1288 2079 ex
1311 2045 1429 2079 nobili
1454 2047 1565 2091 stirpe
1589 2057 1646 2089 re-

195 2089 282 2123 velli
307 2093 344 2122 et
366 2090 496 2135 perdi;
522 2092 586 2137 qui
612 2092 642 2125 si
666 2103 739 2125 una
766 2091 1012 2133 adolesceret,
1044 2092 1299 2137 imperatorem
1325 2094 1564 2127 suffocaturus
1589 2105 1646 2127 es-

196 2141 261 2170 set.
287 2142 469 2171 caeterum
506 2149 549 2171 ea
581 2137 813 2173 desiderabat
835 2139 967 2172 mulier
1005 2149 1099 2184 quae
1124 2144 1296 2172 eventura
1318 2150 1393 2172 non
1418 2145 1538 2173 erant:
1562 2152 1647 2174 nam

196 2183 261 2216 ille
284 2183 339 2217 vir
357 2184 597 2230 imperatricis
620 2185 780 2219 thalamo
804 2191 846 2220 ut
868 2186 1022 2231 polypus
1060 2186 1173 2231 petris
1199 2186 1418 2226 adhaerens,
1445 2187 1646 2221 acetabulis

195 2230 329 2275 passim
368 2232 558 2276 expansis,
582 2242 814 2278 nequaquam
841 2233 927 2266 inde
952 2233 1024 2266 sibi
1049 2232 1310 2266 discedendum
1335 2233 1499 2278 putabat.
1524 2240 1645 2268 caete-

198 2288 275 2309 rum
306 2277 522 2323 imperatore
545 2280 660 2313 sorori
687 2279 912 2314 Caesarissae
937 2279 1176 2321 comminuo,
1203 2280 1276 2314 nisi
1300 2280 1396 2314 ultro
1422 2281 1558 2326 templo
1583 2292 1646 2315 ex-

197 2324 368 2365 cederet,
392 2325 428 2358 vi
460 2325 679 2360 abstractum
713 2327 758 2360 iri
780 2327 878 2371 (cum
913 2327 1168 2372 imperatorem
1200 2327 1306 2368 dien,
1341 2328 1586 2372 protosebasti
1609 2334 1647 2362 et

197 2370 321 2404 matris
347 2372 574 2418 imperatoris
607 2374 727 2407 edicta
764 2373 886 2421 dico),
911 2373 976 2407 illa
1012 2385 1050 2407 se
1075 2374 1171 2408 ultro
1203 2385 1426 2408 excessuram
1451 2381 1647 2420 pernegat;

200 2421 238 2450 et
259 2418 374 2452 verita
396 2430 443 2452 ne
471 2420 849 2465 comprehenderetur,
878 2420 1046 2454 custodes
1072 2421 1111 2454 in
1139 2422 1253 2466 portis
1278 2421 1434 2455 collocat
1460 2427 1498 2455 et
1521 2433 1648 2455 omnes

148 2500 149 2503 Ἴ
201 2462 321 2497 aditus
351 2466 542 2510 praesidiis
578 2468 721 2509 munit,
759 2467 866 2501 domo
902 2468 1122 2513 precationis
1157 2468 1195 2502 in
1234 2468 1441 2513 speluncam
1463 2469 1646 2502 latronum

202 2514 267 2543 aut
290 2513 478 2547 castellum
516 2515 799 2549 munitissimum
835 2519 871 2548 et
902 2515 1185 2560 inexpugnabile
1209 2526 1391 2549 conversa.
1416 2516 1468 2549 ita
1491 2514 1646 2548 subinde

201 2566 386 2601 progressa
412 2560 451 2594 in
479 2560 639 2595 deterius
665 2567 702 2596 et
729 2573 784 2596 res
809 2561 1003 2595 illaudatas
1030 2573 1193 2606 aggressa
1215 2562 1336 2607 copias
1351 2562 1544 2595 auxiliares
1561 2572 1647 2594 con—

204 2603 350 2645 scribit,
379 2611 416 2639 et
455 2608 583 2653 templi
613 2609 791 2643 ambitum
813 2613 929 2643 castra
955 2609 1053 2642 facit.
1085 2620 1167 2642 nam
1197 2614 1234 2642 et
1259 2610 1405 2642 Italicos
1430 2608 1648 2653 gladiatores

205 2649 341 2693 coegit,
369 2657 406 2685 et
429 2654 673 2699 magnanimos
696 2657 820 2690 Iberes
851 2667 896 2689 ex
922 2655 1072 2689 Oriente
1097 2656 1322 2701 conscripsit,
1349 2656 1412 2701 qui
1437 2654 1648 2699 negotiandi

205 2706 312 2729 causa
348 2696 386 2730 in
425 2699 514 2734 urhe
539 2708 657 2746 erant3
686 2708 724 2736 et
764 2708 936 2736 armatam
973 2704 1215 2736 Romanorum
1248 2702 1462 2747 phalangem
1500 2701 1648 2742 ascivit,

207 2745 422 2794 contemptis
462 2747 629 2783 omuibus
655 2750 717 2796 qui
758 2749 804 2783 ad
829 2760 953 2796 pacem
979 2749 1239 2790 hortabantur,
1264 2760 1331 2782 nec
1356 2749 1473 2794 ipsum
1495 2748 1649 2794 patriar-
