1838 3210
444 152 516 192 DE
554 149 811 193 MANUELE
849 148 1113 192 coMNENo
1153 134 1629 208 1111111169

181 253 445 308 Βλαχέρναις
471 252 682 305 βασίλεια.
741 251 989 306 φιλοκαλιάν
1029 250 1075 291 δὲ
1102 250 1376 304 κατηγοροῦσι
1401 251 1522 293 τοῦδε
1551 254 1630 295 τοῦ

179 318 388 372 βασιλέως
426 333 496 359 και
533 314 573 359 οἱ
602 316 691 358 κατ’
706 311 851 370 ἄμφω
894 313 944 356 τά
980 311 1191 369 α’νάκτορα
1220 311 1486 369 ἑπιμήκιστοι
1512 321 1631 374 περί..

180 387 327 426 στυλοι
358 384 594 439 άνδρῶνες,
623 396 698 432 ους
725 380 854 430 αὐτὸς
883 378 1127 435 α’νήγειρεν,
1159 380 1203 422 οἳ
1226 381 1430 437 ψηφίδων
1454 385 1629 439 χρυσῶν

180 450 398 492 ἐπιθέσεσι
443 446 741 502 διαυγάζοντες
774 448 980 490 τυποῦσιν
1018 442 1164 488 ἄνθεσι
1199 448 1350 502 ’βαφῆς
1387 447 1630 505 πολυχρόου

143 516 256 559 5καί
277 517 399 573 τέχνῃ
435 516 591 569 χειρῶν
628 514 853 570 θαυμασία
898 508 977 554 ὅσα
1007 505 1132 560 οὗτος
1166 511 1274 553 κατὰ
1302 512 1532 570 βαρβάρων
1558 514 1668 570 'fv-B

180 583 354 638 δρίσατο
403 576 430 635 ἢ
474 575 612 630 ἄλλως
653 581 724 621 ἐπί
749 581 914 632 βέλτιον
938 577 1162 630 Ῥωμαίοις
1191 577 1464 625 διεσκευάκει.
1520 578 1629 622 α’λλά

179 648 254 689 καί
292 644 366 695 τάς
399 648 598 694 πλείστας
634 646 718 686 τῶν
759 642 863 685 κατά
903 641 977 685 τὸν
1011 641 1208 697 πορθμόν
1248 646 1318 698 τῆς
1343 647 1631 700 Προποντίδος

179 712 386 767 λαμπρῶν
422 711 683 764 οἰκοδομιῶν,
716 710 760 751 ἐν
786 703 854 757 αἶς
882 706 922 750 οἱ
950 710 1138 761 βασιλεῖς
1162 704 1384 761 Ῥωμαίων
1411 713 1631 765 θερίζουσι

176 777 254 828 τάς
280 776 464 833 εὕωρίας
490 772 814 830 μεταδιώκοντες
847 773 905 824 ὥς
933 772 971 816 οἱ
1001 773 1133 816 πάλαι
1161 777 1412 830 κρατοῦντες
1443 779 1631 832 Περσῶν

119 841 230 888 10τά
265 841 406 885 Σοῦσά
433 858 476 884 τε
504 841 575 884 καί
595 838 849 895 Ἐκβάταια,
880 835 1004 889 ουτος
1032 839 1229 896 α’νήγειρε
1255 857 1326 882 και
1346 841 1452 896 πρὸς
1478 840 1632 896 κόσμον

179 910 358 965 ὑπεξῆρε
397 909 580 950 πλείονα.
649 924 719 949 και
748 906 854 962 πρὸς
879 905 980 955 τούς
1006 905 1161 955 πόνους
1186 906 1267 962 γάρ
1299 907 1464 963 ἀντεῖχε
1489 908 1631 963 μάλα,

179 977 332 1031 καιροῦ
357 977 581 1023 καλοῦντος
608 976 814 1028 μοχθεῖν,
842 974 916 1014 καί
940 973 1078 1026 ψῦχος
1105 969 1244 1027 ἔστεγε
1267 975 1342 1015 καί
1363 980 1503 1030 πνῖγος
1529 973 1631 1032 ἔφε-

178 1057 227 1098 ρε
254 1040 328 1084 καὶ
351 1039 454 1095 πρὸς
484 1037 615 1082 ὕπνον
645 1035 911 1093 άπεμάχετο,
944 1037 1018 1080 καί
1042 1044 1134 1088 ταῖς
1156 1044 1339 1095 τρυφαῖς
1368 1041 1415 1082 δὲ
1447 1057 1632 1097 προσαν-

180 1113 271 1162 εἴχε
299 1107 492 1160 πολέμων
522 1101 634 1160 ἰῖγων
661 1103 817 1160 σχολήν
845 1105 919 1146 καί
944 1105 1182 1159 ἐνησμὲνιζε
1212 1110 1306 1154 ταῖς
1342 1106 1549 1150 ἄνέσεσιν.
1592 1110 1635 1150 εἰ

121 1177 169 1219 15
182 1176 324 1218 τοίνυν
351 1170 669 1228 περιεργότερον
698 1172 844 1213 τοῦτον
865 1166 1044 1226 ήθρήκει
1067 1186 1151 1223 τις,
1182 1166 1295 1220 ὅπως
1323 1169 1469 1228 ἔχαιρε
1499 1189 1631 1229 καρυο

180 1238 314 1288 κείαις
338 1237 572 1294 βρωμάτων
599 1238 672 1279 καί
696 1242 781 1286 τοῖς
807 1234 912 1292 πρὸς
939 1235 1085 1291 λύριον
1113 1237 1188 1278 καί
1212 1236 1398 1292 κιθάραν
1427 1240 1501 1280 καί
1524 1250 1672 1294 auu-C

180 1305 344 1362 φωνίαν
382 1303 502 1362 ιιιῖδῶν
530 1301 702 1357 ἔχουσιν
734 1301 811 1343 οὐκ
850 1301 1147 1357 ἀπηχθάνετο,
1175 1299 1290 1346 εἶπεν
1322 1299 1376 1346 ἂν
1404 1304 1462 1354 ὥς
1488 1305 1635 1359 μόνοις

177 1368 376 1419 ἑννεάσας
421 1367 510 1423 ἔχει
545 1373 631 1417 τοῖς
670 1366 877 1419 τοιούτοις
925 1369 999 1410 καί
1035 1366 1190 1424 ἡδονήν
1239 1367 1287 1411 τὸ
1324 1370 1456 1425 πέρας
1485 1367 1635 1427 ἥγηται

178 1437 255 1491 τῆς
285 1437 416 1491 ζωῆς·
481 1435 523 1477 εἰ
565 1436 613 1477 δὲ
639 1433 878 1477 τούναντίον
922 1434 1039 1492 αὐτῷ
1067 1435 1329 1491 προσέβλεψε
1357 1436 1464 1492 πρὸς
1495 1440 1638 1480 πᾶσαν

115 1523 168 1551 20
182 1500 451 1560 άταπεινώτῳ
503 1502 797 1555 γλυκυθυμιῖιν
841 1502 1091 1555 τυγχάνοντι
1144 1500 1220 1544 καί
1262 1504 1467 1562 τιθεμένῳ
1519 1503 1635 1560 παρὰ

180 1570 344 1625 φαῦλον
377 1565 642 1622 ἡδυπάθειαν
676 1564 890 1609 δυσκόλων
927 1565 1187 1610 ἐπιστάντων
1225 1570 1405 1624 καιρῶν,
1444 1569 1639 1624 ε’θαύμα-

130 1646 133 1651 ’
165 1627 253 1677 ’σεν
290 1630 342 1676 ἂν
370 1630 485 1682 ὅπως
515 1632 738 1688 ἐξήλλακτο
779 1631 886 1688 πρὸς
928 1632 1169 1689 ἀμφότερα.
1238 1636 1546 1688 ἐπιβαλόμενος
1589 1637 1639 1678 δὲ

179 1698 253 1742 τὸν
295 1692 400 1755 πρὸς
443 1697 667 1740 θάλασσαν
716 1698 788 1752 τῆς
838 1697 962 1752 ἁγίας
1005 1698 1187 1754 Εἰρήνης
1241 1698 1528 1755 οἰκοδομήσειν
1573 1717 1639 1744 νε-

179 1765 261 1820 ών,
301 1763 350 1807 ὃν
375 1766 546 1818 μεγέθει
582 1764 781 1818 μέγιστον
817 1779 886 1805 και
927 1762 1070 1805 κάλλει
1105 1763 1324 1807 κάλλιστον
1351 1765 1482 1807 πάλαι
1501 1769 1637 1823 Μαρ-

277 1845 328 1880 13.
352 1849 432 1881 ταῖς
462 1842 639 1897 τρυφαῖς]
667 1834 766 1888 πρὸς
787 1854 937 1889 ‘tompus‘
966 1844 1030 1876 καὶ
1055 1842 1291 1881 α’ναπαιῖσεις
1316 1844 1457 1890 ἔχαιρε,
1481 1846 1545 1879 καὶ
1567 1857 1638 1891 χα-

270 1892 466 1952 μαιτζίκια
531 1900 594 1923 εια
624 1891 751 1925 αὐλῶν
784 1893 850 1924 καὶ
881 1889 1061 1935 ὀργάνων
1096 1892 1185 1923 καθ’
1213 1890 1359 1937 ιῖιιέριεν
1391 1894 1519 1927 ποιῶν
1540 1893 1634 1938 μετά

271 1935 343 1974 τόν
367 1937 431 1972 ὑπ’
459 1939 578 1972 αυτοῦ
601 1937 697 1973 λαὸν
727 1937 913 1980 συνήσθιε
947 1939 1012 1971 καὶ
1035 1938 1214 1973 συνέπινε
1248 1940 1312 1971 καὶ
1324 1938 1574 1986 ἤλευθερίαζε
1600 1942 1637 1976 Β.

183 2019 256 2053 arci
290 2017 411 2053 vicina
453 2022 491 2052 et
526 2022 682 2051 tractum
708 2017 814 2049 illum
848 2027 991 2049 omnem
1016 2027 1132 2062 usque
1157 2016 1204 2050 ad
1228 2017 1478 2051 Blacherniam
1504 2018 1638 2064 regiam

183 2065 500 2100 intercluderetur.
546 2064 852 2108 magnificentiam
887 2063 965 2096 eius
1013 2068 1195 2097 testantur
1232 2064 1340 2097 etiam
1377 2065 1532 2098 maxima
1573 2067 1638 2100 illa

183 2113 368 2147 conclavia
403 2112 442 2144 in
469 2116 625 2157 utroque
656 2111 795 2156 palatio
832 2115 992 2151 structa,
1028 2111 1146 2143 aureis
1178 2111 1322 2144 laminis
1362 2111 1579 2156 refulgentia
1601 2119 1639 2148 et

183 2159 388 2193 illustribus
418 2158 602 2192 coloribus
627 2163 811 2197 exornata,
838 2158 877 2190 in
902 2157 1034 2202 quibus
1051 2157 1150 2190 bella
1176 2159 1252 2190 eius
1278 2163 1377 2202 gesta
1401 2170 1481 2192 cum
1506 2159 1638 2194 harba-

185 2207 233 2240 ris
261 2207 407 2251 aliaque
432 2216 477 2239 ex
517 2205 679 2238 utilitate
704 2205 855 2237 Romani
882 2204 1026 2249 imperii
1050 2203 1302 2238 administrata
1327 2217 1465 2238 summo
1493 2206 1639 2252 depicta

184 2253 339 2287 artificio
360 2258 579 2298 spectantur.
618 2252 665 2285 ad
688 2250 780 2284 haec
801 2252 977 2296 pleraque
1005 2251 1197 2296 splendida
1222 2252 1259 2284 in
1286 2252 1380 2286 freto
1409 2253 1640 2299 Propontidis

185 2300 370 2340 aedificia,
412 2300 451 2332 in
479 2299 611 2344 quibus
653 2299 887 2343 imperatores
918 2303 1066 2343 propter
1093 2299 1187 2332 aeris
1224 2299 1436 2344 temperiem
1464 2306 1639 2335 aestatem

187 2347 330 2391 exigere
354 2346 496 2387 solent,
522 2351 564 2379 ut
588 2345 676 2378 olim
702 2346 886 2379 Persarum
912 2356 1012 2389 reges
1039 2345 1139 2378 Susis
1165 2351 1274 2390 atque
1302 2346 1506 2388 Ecbatanis,
1531 2359 1640 2382 exae-

187 2394 348 2427 dificavit
376 2399 414 2426 et
441 2392 638 2426 exornavit.
660 2403 744 2426 nam
772 2398 808 2425 et
832 2403 912 2424 cum
936 2397 1078 2437 tempus
1096 2392 1326 2437 postulabat,
1351 2394 1639 2438 patientissimus

188 2446 267 2473 erat
289 2440 455 2473 laborum
480 2439 623 2483 frigoris
651 2444 770 2472 aestus
795 2439 1015 2481 insomniae3
1041 2444 1078 2472 et
1101 2443 1182 2472 cut'n
1210 2450 1231 2471 a
1256 2439 1365 2473 bellis
1388 2442 1558 2483 vacabat,
1582 2443 1642 2475 iu-

188 2486 369 2520 cunditati
391 2498 429 2520 se
469 2486 581 2520 dabat
606 2491 643 2519 et
666 2487 773 2530 genio
797 2485 1023 2530 indulgebat.
1060 2497 1102 2519 ac
1125 2486 1155 2519 si
1182 2485 1263 2531 quis
1289 2486 1489 2522 accuratius
1515 2489 1641 2522 obser-

188 2538 308 2566 vasset
331 2537 557 2578 quantopere
586 2533 742 2566 lautitiis
770 2532 935 2566 ciborum
954 2538 992 2566 et
1013 2532 1111 2576 lyra,
1138 2533 1296 2575 cithara,
1325 2534 1549 2580 symphoniis
1576 2535 1642 2568 ‹le-

190 2580 406 2620 lectaretm,
434 2590 515 2612 eum
539 2580 576 2613 in
602 2580 646 2612 iis
671 2580 757 2614 solis
791 2585 947 2613 aetatem
972 2580 1131 2624 exegisse
1159 2585 1196 2613 et
1216 2581 1440 2626 voluptatem
1464 2594 1639 2615 summum

190 2627 327 2660 bonum
347 2626 513 2659 statuisse
530 2626 736 2660 iudicasset.
761 2627 818 2659 sin
833 2626 932 2659 duris
960 2627 1186 2671 temporibus
1210 2637 1353 2660 omnem
1377 2628 1641 2662 iucunditatem

194 2673 378 2717 despicere
408 2677 445 2705 et
458 2673 681 2717 voluptatem
698 2674 736 2706 in
759 2673 850 2706 vitio
874 2684 1010 2718 ponere
1028 2673 1200 2714 vidisset,
1226 2674 1408 2718 ingenium
1434 2675 1479 2707 ad
1504 2680 1642 2707 utrum·

195 2730 266 2766 que
294 2723 457 2766 paratum
482 2719 630 2754 miratus
656 2726 760 2754 esset,
787 2720 961 2766 templum
981 2720 1024 2754 D.
1047 2720 1387 2754 Irenae—maximum
1415 2727 1451 2755 et
1474 2721 1642 2766 pulcher-
