1838 3210
758 153 1106 204 Bnssvmnmm.

198 265 334 313 ficulus
372 261 551 298 irridetur
576 261 639 307 (9)
694 261 911 296 Suburbana
942 263 1114 306 Byzantii
1147 261 1321 310 aedificia
1346 261 1576 309 diripiuntur
1598 273 1634 299 et

202 309 461 347 incenduntur.
499 309 560 355 opi
591 320 647 343 ces
678 308 891 341 Latinorum
929 308 1038 343 aedes
1074 309 1256 355 direpturi
1291 309 1385 345 male
1409 309 1633 350 multantur,

202 357 266 393 sed
288 369 355 404 pro
378 355 527 390 meritis.
575 355 756 387 acinorum
778 356 895 388 solers
916 355 1247 400 commentum(10).

297 404 368 437 Lus.
384 403 429 434 ΙΙ.
475 401 612 435 Isaacii
625 401 758 444 Angeli
781 402 821 433 in
835 401 989 434 Blachos
1005 401 1198 446 expeditio.
1227 398 1392 435 Conradi
1408 400 1579 436 Caesaris
1592 404 1635 436 in

202 450 415 484 Palaestina
440 448 617 480 interitus.
641 446 725 480 ideo
754 444 798 479 de
825 446 1037 479 Chasiorum
1062 447 1220 481 audacia
1248 447 1427 481 narratio.
1455 448 1589 483 Graeci
1610 461 1636 482 ιι

203 495 351 529 Blae-his
374 492 590 532 caeduntur,
614 500 648 526 et
673 493 837 525 Isaacius
857 491 982 537 pedem
1007 494 1146 539 referre
1171 489 1315 538 cogitur
1336 495 1398 537 (ι).
1447 493 1635 529 Theodori

201 539 433 586 Mangaphae
455 540 643 583 imperium
664 537 870 583 affectantis
892 536 1057 582 desectio.
1083 539 1114 571 is
1139 552 1161 572 a
1185 541 1330 573 sultano
1351 537 1517 585 proditus
1544 552 1633 575 con-

203 587 332 621 iicitar
357 587 398 620 in
421 594 600 618 carcerem
623 584 685 628 (2).
746 582 930 618 Friderici
951 585 1197 619 Barbarossae
1235 587 1275 618 in
1297 585 1545 620 Palaestinam
1570 598 1633 622 ex·-

198 632 348 678 peditio.
380 631 495 676 legati
523 628 721 663 vaecordes
749 629 974 664 Fridericum
1012 638 1047 664 et
1072 632 1255 665 Isaacium
1280 632 1516 666 committunt.
1561 637 1632 667 Ar-

197 680 399 712 meniorum
421 686 457 712 et
489 677 769 710 Alamannorum
795 676 836 709 in
869 676 1051 722 religione
1075 678 1264 711 consensio
1293 677 1358 721 (3).
1405 678 1633 714 Mutationes

196 724 330 759 variae
352 725 393 757 in
416 722 659 757 ecclesiastico
678 728 776 755 statu
792 728 880 755 tunc
902 722 1094 768 temporis,
1120 723 1308 757 ez‘lsaacii
1329 724 1488 758 astutiae
1512 726 1554 759 in
1578 726 1635 758 luis

197 769 458 804 mutationibus
481 766 683 813 descriptae
707 767 769 810 (4).
824 767 1073 802 Protostmtor
1094 768 1284 803 Friderico
1296 768 1449 813 frustra
1473 769 1633 805 insidia·

198 824 272 850 tur.
322 815 457 849 Graeci
482 814 669 860 jugantur
700 813 744 846 ab
781 812 1019 853 Alemannis,
1033 814 1110 892 11ιί
1131 816 1416 848 inconstantiam
1440 817 1631 861 superbam

197 862 339 896 Isaacii
362 861 602 905 experiuntur
625 868 657 893 et
672 857 839 893 derident
854 859 916 901 (5).
964 860 1032 892 Fri
1059 860 1151 893 erici
1178 861 1219 892 in
1234 862 1415 894 Orientem
1437 863 1631 904 traiectus,

196 919 274 943 non
297 914 493 941 aversante
516 906 676 940 Isaacio.
713 903 1085 950 philadelphiensium
1111 904 1271 951 perfidia
1298 914 1331 938 et
1354 905 1632 942 Laodicensium

193 953 437 999 hospitalitas.
487 951 628 986 Turcas
661 949 819 996 perfidos
843 950 1052 985 Fridericus
1077 952 1244 984 maximis
1267 950 1410 986 damnis
1433 953 1548 999 afficit
1565 955 1630 999 (6).

195 1001 325 1044 Pugna
350 996 534 1033 Friderici
558 997 611 1031 ad
629 998 805 1031 Iconium.
862 998 1093 1032 A.'emannici
1115 996 1302 1031 cuiusdam
1329 997 1452 1032 herois
1464 999 1630 1044 fortitu·

192 1044 243 1079 do
273 1045 335 1090 (7).
396 1042 579 1078 Friderici
608 1043 802 1077 submersio
840 1050 875 1075 et
912 1044 1145 1087 praeclarum
1168 1045 1335 1088 elogium.
1361 1044 1520 1079 eiusdem
1543 1047 1627 1090 silio

194 1099 336 1125 mortuo
359 1091 556 1124 Alemanni
575 1090 681 1124 rebus
707 1088 852 1134 inflectis
877 1086 1016 1122 domum
1039 1088 1201 1123 redeunt.
1249 1091 1475 1126 Francorum
1492 1100 1527 1126 et
1552 1095 1632 1127 An-

193 1138 337 1183 glorum
359 1134 540 1179 expeditio
564 1136 604 1169 in
629 1143 764 1169 terram
795 1143 958 1168 sanctam
983 1147 1090 1181 quam
1113 1143 1253 1169 vocant
1275 1136 1339 1180 (8).

289 1182 361 1215 Lm.
386 1182 446 1213 ΙΙΙ.
494 1182 633 1216 Isaacii
644 1181 798 1227 fizmilia
822 1189 857 1214 et
880 1180 1051 1215 diuturni
1074 1182 1220 1226 imperii
1245 1182 1471 1228 imaginatio.
1518 1183 1628 1217 Pseu·

190 1226 333 1263 dalexii
358 1227 488 1262 seditio
507 1235 540 1260 et
567 1228 738 1261 interitus
765 1227 826 1272 (ι).
874 1227 1032 1261 Alterius
1063 1224 1300 1262 Pseudalexii
1321 1237 1358 1264 et
1377 1228 1512 1262 Basilii
1536 1230 1628 1263 Cho-

190 1286 258 1308 zae
296 1274 444 1309 crebrae
481 1273 680 1308 seditiones
717 1281 752 1307 et
786 1274 946 1307 exitium.
968 1285 1157 1319 procerum
1197 1275 1459 1308 nonnullorum
1484 1276 1626 1322 suppli-

189 1321 250 1354 cia
272 1321 336 1366 (2).
387 1318 518 1355 Clades
543 1320 680 1354 lsaacii
702 1321 744 1353 in
769 1319 946 1353 Blachica
969 1319 1208 1365 expeditione.
1256 1323 1475 1355 Hannonem
1499 1321 1626 1356 imita-

187 1374 246 1400 tus
262 1366 406 1412 falsam
448 1366 565 1399 iactat
594 1367 800 1401 victoriam.
827 1374 862 1400 et
900 1367 1032 1400 inanes
1057 1377 1273 1412 magnarum
1297 1378 1416 1402 rerum
1441 1367 1626 1412 imagina-

187 1414 305 1447 tiones
337 1413 400 1457 (3).
453 1412 671 1446 Blachorum
712 1421 748 1446 et
772 1412 984 1456 Scytharum
1012 1414 1273 1457 grassationes.
1320 1414 1532 1447 Ser-viarum
1559 1415 1626 1448 Pe-

186 1471 307 1503 panus
333 1460 463 1492 victus.
524 1459 785 1493 Constantinus
817 1459 976 1503 Angelus
1012 1460 1184 1504 repressis
1213 1458 1363 1494 Blachis
1387 1459 1535 1506 affectat
1558 1461 1625 1494 im-

186 1506 352 1550 perium,
382 1503 447 1538 sed
469 1503 610 1538 derisus
634 1517 656 1538 a
679 1507 832 1538 Ratatze
856 1513 890 1538 et
918 1516 939 1537 a
957 1505 1072 1539 milite
1094 1504 1262 1551 proditus
1285 1514 1534 1548 excaecatur‚·
1556 1519 1625 1540 un-

187 1550 232 1583 de
255 1550 403 1584 Blachis
437 1549 611 1595 gaudium
646 1559 681 1584 et
707 1552 926 1585 Graecorum
950 1551 1191 1585 subsannatio
1216 1551 1278 1596 (4).
1327 1552 1468 1585 Isaacii
1491 1563 1626 1586 vecor-

185 1595 262 1629 dia.
315 1595 494 1630 Theodori
527 1597 796 1630 Castamonitae
825 1599 991 1642 potentia
1015 1605 1049 1629 et
1072 1598 1254 1630 interitus.
1280 1598 1388 1641 pueri
1410 1596 1483 1632 duo
1509 1599 1624 1643 impe-

186 1650 330 1677 ratores
366 1643 552 1687 imperium
588 1642 849 1676 administrant
873 1644 934 1687 (5).
987 1643 1110 1676 Luxus
1133 1651 1168 1677 et
1191 1644 1352 1687 ineptiae
1377 1644 1539 1683 Isaacii,
1566 1654 1623 1679 at-

185 1700 255 1734 que
281 1689 322 1721 in
345 1688 527 1734 aedificiis
547 1690 703 1734 publicis
729 1700 772 1722 ac
791 1689 954 1734 privatis
981 1690 1145 1723 immensi
1166 1697 1324 1734 sumptus
1351 1689 1415 1733 (6).
1447 1689 1620 1724 Eiusdem

183 1734 408 1779 sacrilegia,
448 1735 615 1768 avaritia
635 1743 671 1768 et
694 1735 773 1767 alia
809 1735 946 1768 scelera
961 1761 975 1774 ,
1000 1746 1143 1768 necnon
1176 1734 1355 1780 quaedam
1379 1736 1537 1769 virtutes
1559 1735 1621 1770 de-

184 1781 397 1814 scribuntur
424 1781 487 1825 (7).
547 1782 590 1814 In
619 1779 772 1813 Blachos
808 1779 1075 1824 expeditionem
1110 1781 1269 1825 suscipit.
1282 1780 1434 1824 =frustra
1457 1791 1622 1817 monetur

183 1823 228 1858 de
229 1827 370 1870 fratris
389 1825 545 1860 insidiis.
570 1825 777 1859 Basilacius
790 1826 928 1872 fatuus
949 1834 1054 1859 vates
1069 1827 1213 1860 Isaacio
1238 1828 1534 1861 excaecationem
1556 1827 1622 1863 de-

181 1872 331 1906 nuntiat
355 1871 417 1917 (8).
464 1875 494 1906 A
511 1871 634 1917 fratre
648 1873 778 1906 Alexio
794 1872 969 1911 isaacius
985 1871 1136 1918 imperio
1163 1880 1197 1906 et
1222 1873 1339 1906 oculis
1359 1873 1536 1918 privatur
1559 1874 1620 1925 (9).

237 1975 322 2015 DE
361 1975 625 2017 ALEXIO
662 1976 995 2016 COMNENO
1028 1977 1286 2018 ISAACII
1314 1977 1563 2022 ANGELI

751 2052 1030 2094 FRATRE.

271 2137 343 2171 Lm.
370 2138 398 2170 1.
462 2139 683 2174 Graecorum
720 2141 762 2174 in
797 2141 935 2174 Isaacii
966 2139 1121 2175 adverso
1158 2153 1243 2175 casu
1285 2140 1444 2186 affictus.
1492 2144 1617 2180 Alc-rii

175 2182 414 2229 parrica'dae,
450 2186 541 2218 novi
570 2186 822 2231 imperatoris,
866 2187 1121 2232 profiisiones,
1164 2196 1198 2221 et
1227 2190 1282 2221 rei
1309 2190 1478 2232 publicae
1523 2201 1615 2226 cura

174 2229 393 2276 posthabita.
443 2231 730 2278 Contostephani
748 2233 874 2266 Alexii
907 2232 1038 2266 seditio
1067 2234 1285 2279 opprimitur
1308 2235 1359 2280 (ι)
1418 2235 1568 2270 Alexius
1589 2249 1614 2271 a

177 2277 318 2310 cunctis
338 2289 405 2322 per
433 2277 547 2310 malas
579 2285 678 2311 artes
702 2286 871 2324 acceptus
906 2280 946 2312 in
971 2280 1091 2313 urbem
1116 2280 1327 2325 ingreditur
1361 2281 1520 2326 infelicis
1545 2283 1614 2315 im-

174 2321 273 2367 perii
299 2323 422 2355 omina
447 2324 508 2367 (α).
554 2324 686 2368 Angeli
718 2333 991 2370 cognomentum
1017 2327 1165 2359 Alexius
1191 2326 1386 2372 repudiat,
1411 2336 1446 2361 et
1472 2328 1614 2363 Sarda-

176 2368 348 2413 napalum
374 2370 460 2412 agit.
509 2369 754 2415 Euphrosyna
771 2371 985 2416 imperatrix
1006 2372 1163 2416 virago,
1189 2373 1254 2406 sed
1264 2373 1419 2417 superba
1442 2374 1612 2408 luxurio—

175 2425 217 2446 sa
248 2422 283 2447 et
310 2413 503 2460 impudica.
558 2415 795 2451 Pseudalexii
835 2417 962 2451 Cilicis
995 2416 1127 2452 seditio
1165 2426 1199 2451 et
1231 2420 1414 2453 interitus.
1474 2421 1613 2455 Isaacii

177 2461 357 2493 Comneni
389 2461 430 2493 in
461 2459 654 2495 seditionis
686 2470 870 2508 apparatu
907 2464 1080 2497 interitus
1104 2464 1167 2509 (3).
1221 2465 1352 2498 Blachi
1375 2465 1611 2501 condiciones

171 2506 277 2550 pacis
302 2506 348 2539 ab
374 2506 506 2541 Alexio
533 2508 678 2542 oblatae
698 2516 954 2554 aspernantur.
1001 2510 1136 2544 Asanis
1160 2509 1205 2544 de
1216 2511 1327 2556 sama
1353 2519 1389 2546 et
1410 2510 1454 2545 de
1479 2513 1610 2546 Alexio

174 2552 392 2595 imperatore
417 2552 625 2599 disputatio.
671 2555 838 2589 Isaacius
864 2554 1134 2589 sebastocrator
1159 2556 1205 2589 ab
1230 2560 1350 2591 Asane
1375 2559 1524 2603 capitur
1545 2559 1610 2604 (4).

174 2596 290 2629 Asani
315 2598 548 2645 sacrificulus
583 2610 702 2634 necem
725 2599 935 2644 praedicit,·
958 2610 994 2635 et
1015 2603 1127 2646 paulo
1152 2611 1236 2647 post
1258 2607 1358 2637 Asan
1382 2603 1610 2649 interficitur

174 2642 221 2674 ab
244 2641 379 2677 Ibanco
408 2644 469 2690 (5).
524 2648 684 2680 Graecos
702 2645 858 2681 Ibancus
889 2648 930 2679 in
953 2648 1134 2681 auxilium
1158 2658 1292 2690 vocat,
1320 2647 1386 2683 sed
1407 2649 1452 2682 ab
1477 2649 1524 2684 iis
1548 2651 1608 2684 ni—

175 2686 230 2720 hil
253 2686 464 2736 adiuvatur.
487 2691 538 2726 ad
549 2692 715 2726 Alexium
739 2704 776 2726 se
805 2691 959 2738 confert,
985 2694 1048 2728 cui
1072 2695 1200 2728 utilem
1227 2703 1344 2729 navat
1369 2706 1516 2740 operam
1540 2696 1608 2741 (6).

174 2732 305 2768 Persae
344 2738 500 2771 Graecos
537 2738 630 2773 hello
667 2737 960 2785 aggrediuntur,
987 2747 1022 2776 et
1043 2739 1246 2776 Dadibram
1269 2741 1392 2776 urbem
1416 2751 1603 2788 occupant.
