1878 3230
287 146 396 221 752
694 164 927 207 NicETAE
980 165 1295 207 cnoNlATAE

282 267 513 321 α’νὲρρωγεν
543 257 716 318 ὄλεθρος
752 263 799 304 τὸ
840 266 917 315 μέν
956 267 997 305 τι
1036 260 1179 318 πρώην
1216 262 1262 304 τό
1305 265 1352 304 δὲ
1398 265 1470 306 καί
1511 263 1718 318 ὑπογυίως

281 328 669 382 ἀναστομούμενος,
709 329 878 370 α’νεκταί
903 328 1061 379 πάντως
1087 330 1195 384 μηδὲ
1230 325 1490 371 παντάπασιν
1526 329 1727 383 α’χθεινό·“

280 410 416 436 ταται.
473 394 518 435 ἐν
548 387 582 451 ᾧ
611 396 657 436 δὲ
698 394 750 436 τὰ
787 392 893 447 πρός
923 393 1091 450 εἰρήνην
1129 395 1187 443 εἰς
1227 391 1406 444 διάλεξιν
1451 392 1721 449 προύκειντο,

279 458 447 501 ἱππικαὶ
476 461 707 502 Λατινικαί
734 459 933 513 δυνάμεις
976 461 1020 511 ἐξ
1057 460 1314 515 ὑπερδεξίων
1344 458 1494 516 αἴφνης
1522 465 1719 516 φανεῖσαι

279 520 562 579 ἧνιίιις-ὅλαις
589 527 646 582 τῷ
668 528 839 578 βασιλεῖ’
860 525 1147 578 ἐπιτίθενται,
1180 524 1237 574 οἷς
1264 524 1385 578 μόλις
1412 525 1563 566 ἐκεῖνον
1589 527 1754 580 noces-5

282 588 466 645 ρύσαντα
491 589 561 632 τὸν
593 590 718 632 ἵππον
748 591 986 647 διεκφυγεῖν
1005 589 1076 633 τόν
1106 591 1307 643 κίνδυνον,
1335 592 1419 631 τῶν
1443 591 1490 632 δὲ
1517 588 1724 632 συνόντων

277 656 548 711 χειρωθῆναί
567 672 708 706 τινας·
766 653 812 697 τὸ
850 655 930 711 γὰρ
969 652 1097 713 ἄκρον
1142 658 1215 711 τῆς
1256 657 1424 698 ἐκείνων
1462 654 1568 711 πρὸς
1609 655 1742 710 ἡμᾶς

281 722 512 775 ἀπεχθείας
542 721 614 764 καί
639 720 685 764 τὸ
716 721 981 776 ὑπερβάλλον
1005 724 1092 776 ,τῆς
1133 724 1198 764 ἐπ’
1233 724 1415 772 ἐκείνους
1449 721 1567 776 ἡμῶν
1604 722 1722 775 διχοτ
1766 727 1770 729 “

240 791 394 837 (ἔνοίας
423 789 625 842 οὐδεμίαν
655 786 867 844 ἑκατέροις
894 790 1120 843 παρεισῆγε
1148 786 1281 844 ῥοπήν
1302 787 1611 844 φιλάνθρωπον.
1666 786 1719 829 τά
1742 790 1743 793 ’

281 855 316 894 δ’
346 852 417 896 ἐπὶ
443 852 606 904 τούτοις
635 851 970 896 α’ποσαλεόονται
997 856 1081 896 τῶν
1106 853 1239 911 ᾐόνων
1264 852 1315 895 τὰ
1341 854 1518 908 μέγιστα
1537 855 1621 895 τῶν
1648 853 1720 895 α’ν-
1735 870 1784 898 ro

145 918 462 961 Ἶ.3οιτιπα’·λων
490 921 690 976 σκαφῶν,
725 921 791 976 ἐφ’
837 913 896 962 ὧν
941 918 987 961 αἱ
1027 921 1223 973 κλίμακες
1262 919 1481 975 εὐτρεπεῖς
1526 918 1601 960 καί
1639 915 1734 961 ὅσα
1772 923 1774 925 ’

279 988 361 1028 τῶν
387 984 576 1040 ὀργάνων
604 985 709 1039 πρὸς
737 986 1016 1040 τειχομαχίαν
1040 983 1292 1040 ἡτοίμασται
1319 986 1391 1026 καί
1415 984 1472 1034 ὥς
1499 983 1571 1026 ἐπὶ
1596 985 1723 1039 ζυγοῦ

279 1053 586 1094 κατατείναντα
616 1053 688 1094 ἐπί
707 1050 783 1106 τήν
811 1049 916 1106 πρὸς
945 1049 997 1093 τά
1016 1053 1134 1106 τείχη
1158 1050 1457 1104 μεταβαίνουσι
1475 1049 1722 1105 πλάστιγγα,

279 1119 352 1158 καί
381 1114 624 1173 διειλήφασι
648 1115 720 1159 τὸν
748 1118 914 1171 χαῖρον,
949 1118 991 1165 ἐς
1020 1115 1068 1158 τὸ
1100 1117 1298 1171 α’ποχρῶν
1333 1112 1524 1169 ἀλλήλων
1560 1115 1720 1157 διιστά-

282 1197 413 1235 μενα,
444 1178 490 1230 ὃς
517 1183 563 1223 ἐκ
598 1184 673 1236 τῆς
698 1184 775 1224 τοῦ
797 1183 1030 1236 ,Εὐεργέτου
1059 1182 1185 1236 μονῆς
1214 1183 1256 1230 ἐς
1290 1179 1340 1223 τά
1381 1181 1426 1223 ἐν
1451 1183 1720 1236 Βλαχέρναις
1735 1186 1782 1228 15

280 1245 493 1301 ἀνάκτορα
527 1249 772 1303 γραμμικῶς
804 1248 1089 1302 ἐκμηκίζεται,
1135 1247 1494 1300 ἐμπεπυρισμένος
1540 1242 1599 1288 (ὃν
1649 1244 1722 1289 καί

281 1309 593 1365 ἆνεσκαμμένος
612 1311 664 1354 τὰ
693 1310 810 1354 ἔνδον
838 1312 1033 1354 οἰκόπεδα
1059 1313 1132 1354 καί
1149 1310 1302 1361 παντὸς
1322 1313 1576 1365 ἐψιλωμένος
1602 1311 1721 1366 ἡδέος

280 1378 502 1431 θεάματος.
560 1375 664 1434 ὅπερ
693 1376 797 1420 ἰδών
821 1376 844 1418 ὅ
875 1377 1066 1430 Δούκας,
1092 1379 1207 1435 ιδρῶν
1236 1377 1308 1418 καί
1333 1375 1463 1425 αὐτὸς
1489 1383 1577 1425 τοῖς
1599 1380 1720 1418 πολε-

279 1446 394 1496 μίοις
425 1440 644 1497 ἀντίθετα,
677 1442 754 1499 την
779 1446 990 1497 βασίλειον
1019 1442 1201 1485 αὐλαίαν
1233 1442 1531 1498 προσετετάχει
1570 1443 1720 1484 διατα·

284 1510 414 1564 θῆναι
447 1507 552 1550 κατὰ
581 1508 652 1551 τὸν
679 1510 722 1551 ἐν
746 1511 799 1566 τῇ
825 1511 931 1565 μονῇ
958 1511 1034 1550 τοῦ
1063 1507 1370 1551 Παντεπόπτου
1398 1509 1591 1559 κολωνόν,
1622 1505 1782 1550 gamzo

235 1570 393 1630 Βῆσαν
421 1573 574 1630 ὄραταί
598 1577 676 1628 μὲν
703 1574 746 1616 αἱ
771 1577 863 1629 νῆες
891 1572 937 1616 αἱ
965 1575 1294 1630 πολεμιστήριοι,
1327 1575 1547 1630 καταφανῆ
1575 1575 1621 1616 δὲ
1647 1572 1721 1615 καὶ

246 1640 334 1690 ,τὰ
363 1643 460 1697 παρ’
488 1641 627 1683 αὐτῶν
657 1641 702 1682 ἐν
742 1655 916 1688 ταυταις
958 1638 1164 1697 δρώμενα.
1221 1639 1278 1688 ὥς
1322 1640 1359 1681 δ’
1402 1640 1643 1696 ἐπέφωσκεν
1689 1637 1717 1694 ἦ

281 1707 407 1761 ἐνάτη
449 1707 523 1748 τοῦ
559 1701 805 1761 Ἀπριλλίου
837 1703 969 1760 μηνὸς
1013 1708 1087 1760 τῆς
1124 1703 1306 1760 ἑβδόμης
1349 1706 1601 1754 ἰνδικτιῶνος
1641 1707 1720 1746 τοῦ

282 1770 641 1827 ὲξακισχιλιοστοῦ
656 1769 980 1816 ἑπτακοσιοστοῧ
1002 1769 1239 1814 δωδεκάτου
1269 1771 1397 1826 ἔτους,
1423 1770 1474 1814 τά
1497 1772 1574 1825 μὲν
1593 1775 1718 1814 πλοῖα

385 1895 435 1929 ¹9·
457 1877 524 1927 τῆν
546 1883 592 1932 β.]
620 1880 687 1923 τὰς
708 1877 908 1930 βασιλικὰς
929 1884 1056 1922 τέντας
1079 1884 1119 1918 B.
1178 1922 1187 1937 ἢ
1213 1894 1268 1916 22.
1291 1874 1398 1930 παρὰ
1423 1884 1498 1919 τῶν
1521 1882 1588 1920 eu?
1659 1882 1715 1927 24.

376 1931 422 1965 τᾶ
447 1932 520 1978 μὲν
546 1931 675 1980 πλοῖα]
703 1930 749 1966 τὰ
773 1932 846 1979 μὲν
871 1930 1034 1978 καρᾶβια
1059 1932 1122 1965 καὶ
1146 1942 1189 1965 τα
1221 1930 1384 1976 κάτεργα
1411 1929 1448 1963 Β.

286 2034 421 2072 ratum,
446 2031 554 2077 plane
588 2033 796 2066 tolerabiles
825 2037 927 2066 erant
962 2043 1029 2065 nec
1062 2033 1218 2065 omnium
1245 2032 1487 2066 difficillimae.
1521 2030 1606 2064 dum
1631 2041 1715 2065 vero

286 2077 331 2109 de
356 2081 442 2122 paice
468 2079 697 2124 disputatur,
724 2080 931 2113 Latinorum
968 2085 1151 2124 equestres
1184 2080 1308 2124 copiae
1342 2090 1385 2112 ex
1419 2078 1602 2124 superiore
1635 2078 1715 2111 loco

285 2123 404 2156 subito
430 2132 655 2171 erumpentes
687 2127 776 2160 laxis
807 2126 957 2159 habenis
994 2127 1242 2171 imperatorem
1273 2131 1427 2171 petunt,
1461 2131 1502 2158 ut
1535 2125 1596 2158 vix
1622 2135 1716 2169 equo

286 2180 454 2203 converso
488 2173 687 2216 periculum
723 2176 895 2218 effugeret
928 2178 965 2206 et
999 2173 1167 2206 comitum
1204 2173 1280 2205 eius
1318 2173 1459 2217 aliquot
1491 2176 1716 2216 caperentur.

285 2227 367 2248 nam
393 2228 565 2250 summum
593 2231 715 2252 eorum
740 2231 819 2264 erga
844 2231 920 2264 nos⁴
934 2218 1056 2252 odium
1077 2225 1113 2253 et
1133 2221 1343 2252 immensum
1366 2223 1525 2252 nostnun
1542 2229 1622 2250 cum
1642 2217 1715 2250 illis

287 2263 475 2296 dissidium
502 2265 669 2299 obstabat
692 2277 762 2311 quo
786 2267 902 2300 minus
935 2267 1106 2311 utrinque
1131 2266 1176 2299 de
1201 2266 1329 2310 aequis
1361 2263 1631 2298 conditionibus
1659 2264 1715 2308 agi

284 2315 416 2353 posset.
443 2311 571 2344 exinde
595 2313 771 2345 maximae
796 2313 945 2346 hostiles
970 2324 1100 2354 naves,
1124 2313 1162 2346 in
1187 2312 1316 2358 quibus
1341 2317 1486 2356 paratae
1513 2315 1614 2343 erant
1638 2321 1717 2343 sca-

284 2355 342 2388 lae
368 2362 580 2402 caeteraque
602 2359 836 2393 instrumenta
866 2359 912 2392 ad
940 2360 1242 2404 oppugnationem
1271 2358 1495 2398 necessaria,
1528 2369 1548 2390 a
1581 2357 1717 2389 littori-

284 2401 353 2435 bus
371 2403 538 2436 reductae
554 2410 648 2437 recta
664 2405 710 2437 ad
731 2406 872 2439 moenia
897 2407 1081 2447 accedunt,
1108 2412 1144 2439 et
1162 2406 1265 2439 iustis
1280 2405 1431 2438 invicem
1456 2403 1645 2437 distinctae
1659 2404 1717 2436 in-

283 2450 442 2482 tervallis
455 2449 493 2482 id
507 2451 660 2495 spatium
675 2457 860 2497 occupant,
877 2452 975 2497 quod
995 2453 1039 2485 ab
1053 2454 1244 2497 Evergetae
1258 2452 1471 2484 monasterio
1486 2450 1532 2483 ad
1548 2450 1716 2483 amussim

284 2495 331 2529 ad
356 2495 603 2530 Blachernium
627 2498 799 2542 palatium
831 2499 1057 2540 extenditur,
1082 2498 1250 2532 incendio
1273 2498 1472 2531 desolatum
1496 2502 1715 2542 aspectuque

283 2542 440 2576 foedum.
465 2554 537 2588 quo
563 2545 639 2577 viso
666 2545 794 2585 Ducas,
820 2550 862 2578 ut
885 2546 985 2590 paria
1009 2557 1088 2578 cum
1111 2545 1276 2578 hostibus
1300 2545 1443 2586 faceret,
1467 2545 1544 2590 ipse
1568 2553 1714 2588 quoque

283 2589 510 2632 imperatoria
536 2590 691 2623 tentoria
711 2591 749 2624 in
773 2592 911 2624 tumulo
933 2591 979 2624 ad
1002 2592 1214 2636 Pantepopti
1239 2593 1489 2625 monasterium
1514 2590 1573 2634 figi
1598 2589 1714 2631 iussit3

282 2635 378 2668 unde
403 2642 440 2669 et
463 2635 619 2671 hostium
643 2648 769 2678 naves,
799 2643 834 2671 et
858 2637 1029 2682 quicquid
1054 2644 1210 2682 agerent,
1233 2640 1389 2684 conspici
1412 2642 1566 2684 poterat.
1589 2641 1630 2669 ut
1650 2647 1713 2668 au·

282 2686 355 2714 tem
380 2683 427 2715 IX
451 2682 527 2716 dies
551 2684 683 2728 Aprilis
708 2684 838 2725 illuxit,
860 2684 1056 2730 indictione
1082 2685 1147 2717 VII
1172 2686 1253 2717 anni
1279 2689 1382 2730 6712,
1410 2695 1516 2718 naves
1543 2682 1590 2716 ad
1614 2691 1711 2715 moe-

271 2728 344 2778 *nia
369 2730 611 2776 contendunt5
652 2737 688 2765 et
723 2730 868 2777 quidam
907 2730 1059 2766 audaces
1093 2732 1224 2766 milites
1264 2732 1366 2766 scalis
1404 2731 1607 2766 conscensis
1638 2728 1711 2763 tela
