1878 3230
715 202 852 243 unns
893 197 1082 242 CAPTA.
1495 178 1567 245 84
1580 198 1599 233 1

184 305 450 360 εὖτειχώτων
477 301 712 356 ἐπιβάντες,
740 300 1042 352 κακοδαίμονας
1070 299 1318 354 τυραννίδας
1346 298 1612 353 περιεβάλον-

184 385 257 422 το,
287 371 358 410 καί
385 371 478 411 δέον
515 371 759 424 φιλεχθρεῖν
797 367 1015 417 Λατίνοις,
1043 362 1082 405 οἱ
1111 366 1147 405 δ’
1176 362 1508 419 α’ντωφθὰλμουν
1533 359 1610 404 ἆλ-

185 433 323 490 λήλοις
353 433 426 475 καὶ
450 435 652 481 Λατίνοις
677 429 724 472 τό
751 429 895 472 καινὸν
923 430 1179 471 ἐσπένδοντο.
1219 425 1241 470 ὅ
1267 426 1451 482 μὲνγὰρ
1480 430 1611 482 §quv-

189 498 263 552 ρὸς
290 501 415 541 Λέων
446 499 658 551 Κόρινθον
688 498 818 536 διεῖπε
845 495 917 534 καί
935 492 1166 546 Ναύπλιον,
1193 494 1248 542 ὥς
1274 495 1347 534 καί
1373 491 1608 547 ἔμπροσθεν

149 565 342 618 δέρρέθη
368 579 462 614 μοι·
518 562 616 604 δ’δὲ
639 559 891 614 Χαμάρετος
920 560 1036 601 Λέων
1061 560 1136 612 τῆς
1163 560 1298 611 κοίλης
1326 561 1485 613 κρατῶν
1514 562 1734 612 Λα-Ρ.4ιο

184 627 427 680 κεδαίμονος
452 627 651 682 τύραννος
676 620 728 679 ἦν
751 627 834 666 τῶν
861 621 1089 666 Λακώνων.
1140 626 1356 666 Αἰτωλίαν
1385 625 1430 664 δὲ
1459 625 1531 664 καί
1558 623 1609 665 τὰ

185 696 237 749 τῇ
268 693 494 736 Νικοπόλει
537 689 893 747 προσοριζόμενα,
940 687 1013 730 καί
1045 685 1123 730 ὅσα
1166 686 1353 743 πρόεισιν
1380 690 1424 736 ἐς
1444 686 1611 730 Ἐπίδα-

181 773 285 810 μνον
295 789 308 810 ,
338 757 360 798 ὅ
390 755 570 812 ,Μιχαὴλ
599 752 820 806 ἷδιώσατο,
864 752 913 796 ὃν
940 754 985 794 ἐκ
1019 753 1265 807 σπερμάτων
1292 753 1464 795 σκοτίων
1493 752 1514 794 ὃ
1542 768 1610 794 σε-

182 820 478 877 βαστοκράτωρ
522 819 749 877 ἐφύτευσεν
780 818 982 873 Ἰωάννης.
1047 817 1069 860 ὃ
1094 821 1140 861 δὲ
1166 819 1390 872 μαρκέσιος
1418 817 1609 873 Βονιφιέ-

126 905 173 932 ιο
185 902 271 936 τιος
308 887 362 943 τῇ
389 888 668 942 Θεσσαλονίκῃ
709 883 997 939 προσεδρεύων
1035 883 1308 938 ὑποκειμένην
1334 880 1446 936 εἶχεν
1475 879 1609 939 ἑαυτῷ

183 950 259 1006 τὴν
294 952 338 1001 ἐς
359 949 571 1006 Ἆλμυρὸν
609 949 878 1003 ὑποκειμένην
917 945 1117 1002 ἀγχίαλον
1150 948 1312 1000 πᾶσαν,
1352 946 1424 988 καὶ
1455 947 1610 989 πεδίων

181 1012 335 1070 ἤρχετο
362 1017 670 1071 Λαρισσαίων,
706 1013 779 1055 καί
799 1013 1076 1068 μετελάγχανε
1102 1014 1184 1055 τῶν
1212 1012 1356 1068 φόρων
1384 1010 1536 1054 ὁπόσαι
1566 1014 1612 1063 ἐξ

177 1079 368 1130 Ἑλλάδος
397 1083 470 1123 καί
498 1083 570 1135 τῆς
597 1079 725 1135 νήσου
753 1080 830 1120 τοῦ
857 1080 1052 1128 Πέλοπος
1077 1076 1406 1133 εἶσεπράττοντο.
1463 1079 1534 1120 ἐπὶ
1564 1079 1611 1120 δὲ

182 1145 343 1196 τούτοις
369 1149 442 1188 καί
467 1140 591 1195 ἄλλος
618 1161 682 1194 τις
706 1143 759 1187 τοὶ
780 1143 1008 1194 Θετταλίας
1036 1145 1220 1197 κατέχων
1248 1145 1451 1198 μετέωρα,
1479 1142 1509 1185 ἃ
1536 1144 1612 1185 νῦν

123 1208 339 1266 ιόμεγάλη
364 1210 535 1264 Βλαχία
564 1210 845 1264 κικλήσκεται,
874 1207 1088 1263 τοπάρχης
1113 1207 1166 1264 ἧν
1192 1211 1275 1250 τῶν
1301 1210 1396 1249 ἐκεῖ.
1454 1209 1513 1256 εἷς
1539 1222 1612 1250 το-

180 1275 337 1325 σαύτας
379 1277 426 1318 δὲ
468 1277 719 1331 τυραννίδας
747 1275 1029 1330 διαιρεθείσης
1059 1275 1132 1328 τῆς
1156 1270 1335 1328 ἑσπέρας
1360 1271 1406 1316 τί
1424 1275 1502 1326 μὲν
1528 1273 1647 1319 τῶνΒ

179 1342 316 1382 καλῶν
360 1342 436 1382 οὐκ
474 1338 608 1395 ἀπῆν,
648 1341 762 1381 τίδὲ
800 1341 881 1380 τῶν
922 1339 1060 1381 κακῶν
1104 1339 1155 1380 ου’
1179 1340 1342 1392 παρῆνς
1385 1337 1611 1393 χρημάτων

180 1406 447 1460 α’φαιρέσεις,
480 1409 564 1448 τῶν
607 1408 887 1460 θρεψαμένων
914 1406 1165 1458 ἐκτοπίσεις,
1196 1403 1359 1460 σφαγαὶ
1380 1405 1452 1445 καί
1480 1404 1615 1459 φυγαὶ

180 1471 253 1511 καί
280 1473 413 1526 μυρία
445 1469 551 1525 πρὸς
577 1469 739 1519 τούτοις
765 1465 871 1511 ἄλλα
899 1469 1032 1523 δεινά,
1056 1464 1114 1511 ὧν
1138 1469 1191 1510 τά
1219 1471 1348 1511 πλείω
1379 1467 1417 1510 οἱ
1444 1470 1490 1510 ἐκ
1511 1466 1614 1510 Ῥω·

121 1557 169 1583 20
181 1534 320 1588 μαίων
360 1534 598 1588 ἑπετόλμων
623 1535 817 1588 τύραννοι
836 1566 849 1588 ,
888 1533 1068 1588 μάλιστα
1095 1536 1134 1575 δ’
1161 1533 1352 1575 ἁπάντων
1380 1532 1402 1574 ὅ
1430 1532 1614 1587 Σγουρός

183 1603 331 1652 Λέων,
361 1598 406 1649 ὃς
434 1596 532 1642 ούδὲ
562 1603 638 1655 τῆς
664 1602 904 1654 γειναμένης
933 1595 982 1641 εὖ
1003 1601 1133 1640 ποιῶν
1164 1601 1382 1654 ἐφείσατο,
1412 1596 1513 1639 ἄλλα
1542 1599 1615 1640 καὶ

180 1666 238 1723 τῷ
273 1667 345 1720 τῆς
370 1664 659 1721 μητροπόλεως
683 1667 901 1720 Κορίνθου
929 1663 1195 1720 ἆρχιποίμενι
1223 1661 1415 1720 Νικολάῳ
1441 1663 1613 1705 σπεισά-

179 1745 302 1784 μενος
341 1732 414 1772 nal
453 1729 526 1779 τάς
555 1728 697 1786 πρώην
727 1731 939 1784 διχονοίας
967 1728 1294 1782 διαλυσάμενος,
1323 1729 1395 1771 καί
1419 1726 1613 1771 σύσσιτον

273 1851 306 1888 3.
331 1851 530 1888 ἐσπένδετο
552 1852 666 1887 APW.
762 1864 814 1888 ια.
838 1849 928 1898 ἦρχε
949 1851 1050 1888 ufir?

181 1967 390 2002 inflammati
408 1993 418 2009 ,
455 1969 644 2003 servilibus
678 1969 830 2013 ingeniis
868 1968 1055 2009 homines,
1093 1966 1233 2000 deliciis
1258 1970 1294 1999 et
1317 1966 1406 1999 luxu
1430 1966 1586 2011 corrupti
1601 1992 1612 2008 ‚

180 2015 443 2048 munitionibus
468 2021 514 2048 ,εἰ
547 2017 747 2060 praeruptis
781 2015 936 2048 castellis
970 2020 1033 2047 aut
1061 2015 1208 2047 munitis
1245 2013 1395 2046 urbibus
1432 2014 1613 2058 occupatis

182 2061 346 2093 infelices
369 2060 577 2104 tyrannides
602 2063 881 2103 constituerent.)
918 2066 954 2094 et
976 2072 1054 2093 cum
1079 2060 1286 2093 Latinorum
1313 2059 1524 2097 inimicitiae
1552 2071 1615 2093 ex-

182 2106 362 2151 petendae
390 2113 531 2149 essent,
571 2109 635 2141 alii
658 2108 738 2141 aliis
763 2107 999 2148 insidiantes,
1035 2118 1113 2139 cum
1137 2107 1210 2139 illis
1235 2105 1461 2139 colluderent
1488 2110 1525 2139 et
1546 2117 1614 2138 no-

180 2164 224 2186 va
247 2159 352 2198 pacta
377 2153 520 2186 inirent.
537 2166 620 2187 nam
645 2154 716 2186 Leo
746 2154 876 2186 Scurus
905 2153 1114 2186 Corinthum
1139 2159 1176 2186 et
1198 2153 1390 2197 Nauplium
1405 2177 1414 2193 ‚
1440 2157 1482 2185 ut
1507 2164 1614 2197 supra

183 2199 273 2240 dixi,
298 2200 541 2243 gubernabat3
570 2201 797 2233 Chamaretus
826 2201 898 2232 Leo
915 2226 924 2241 ‚
967 2200 1030 2245 qui
1056 2199 1312 2232 Lacedaemoni
1341 2195 1612 2239 dominabatur,

182 2245 361 2278 Laconum
386 2252 555 2290 tyrannus
582 2253 666 2280 erat.
729 2247 908 2279 Aetoliam
933 2251 970 2279 et
997 2247 1150 2279 confinia
1175 2245 1360 2290 Nicopolis
1384 2251 1422 2278 et
1446 2256 1538 2290 quae
1566 2245 1614 2277 ad

182 2291 418 2335 Epidamnum
442 2299 617 2338 vergunt,
655 2291 814 2326 Michael
842 2293 1008 2326 Iohannis
1043 2292 1333 2325 sebastocratoris
1356 2290 1488 2325 nothus
1517 2292 1611 2324 filius

183 2337 255 2370 sibi
286 2339 499 2372 vendicavit.
569 2339 774 2373 Bonifacius
821 2350 905 2373 vero
949 2339 1108 2372 marchio
1156 2338 1433 2372 Thessalonicae
1480 2337 1611 2380 degens

183 2394 323 2417 omnem
349 2387 561 2419 maritimam
599 2398 714 2426 oram,
751 2397 843 2430 quae
880 2386 972 2418 infra
996 2385 1202 2429 Halmyrum
1236 2390 1307 2425 est,
1335 2390 1372 2418 et
1394 2384 1612 2418 Larissaeam

182 2430 372 2473 planitiem
398 2432 557 2474 tenebat,
582 2438 619 2466 et
645 2432 835 2476 vectigalia
863 2432 1034 2466 Graeciae
1061 2438 1097 2465 et
1120 2431 1359 2476 Peloponnesi
1377 2429 1611 2474 percipiebat.

182 2481 324 2519 praeter
348 2476 413 2510 hos
449 2479 540 2513 alius
575 2478 744 2523 toparcha
771 2478 978 2511 Thessaliae
1014 2484 1202 2518 montana,
1238 2488 1329 2523 quae
1365 2487 1461 2509 nunc
1486 2486 1614 2517 magna

182 2522 328 2554 Blachia
353 2523 494 2565 dicitur,
519 2525 678 2558 tenebat.
726 2524 922 2558 Occidente
949 2525 987 2557 in
1010 2530 1067 2558 tot
1090 2524 1293 2568 tyrannides
1321 2522 1502 2561 distructo,
1523 2520 1614 2565 quid

183 2567 274 2600 boni
311 2579 384 2601 non
420 2569 563 2611 aberat,
593 2571 682 2616 quid
719 2572 805 2603 mali
832 2583 905 2604 non
937 2571 1085 2604 aderat?
1123 2571 1354 2615 pecuniarum
1380 2567 1611 2611 ereptiones,

183 2614 432 2657 relegafiones,
455 2616 592 2657 caedes,
615 2618 734 2658 exilia,
754 2618 847 2650 mala
864 2617 1020 2662 denique
1041 2617 1193 2657 infinita,
1214 2625 1363 2659 quorum
1385 2613 1535 2646 maxima
1568 2623 1612 2646 ex

182 2666 286 2705 parte
314 2661 462 2693 Romani
497 2664 639 2704 tyranni
664 2669 824 2696 auctores
857 2669 972 2703 erant,
1000 2668 1037 2696 et
1063 2663 1192 2696 Scurus
1218 2662 1288 2693 Leo
1316 2660 1474 2692 omnium
1497 2659 1611 2692 maxi-

183 2717 261 2746 lue,
288 2708 377 2751 qui,
402 2712 497 2739 recte
520 2719 603 2740 sane
623 2733 632 2748 ,
672 2710 809 2753 patriae
836 2721 981 2754 quoque
1005 2720 1090 2742 suae
1114 2720 1186 2740 non
1213 2707 1386 2751 pepercit.
1408 2705 1504 2738 idem
1529 2716 1610 2737 cum

183 2752 331 2789 Nicolao
363 2753 630 2790 Corinthiorum
665 2755 931 2803 archiepiscopo
972 2754 1200 2790 reconciliata
1234 2754 1347 2798 gratia
1379 2753 1492 2789 virum
1529 2762 1609 2787 eum
