1838 3210
441 205 510 243 mi
548 202 802 244 MANUELE
838 203 1100 261 COMNENO
1141 205 1239 246 Lm.
1279 207 1350 246 vi.
1512 185 1612 242 251

179 303 340 356 πέρατι,
358 300 431 349 τὰς
444 299 746 355 ΒΙαιανδρικὰς
774 301 904 343 ἐπιών
924 300 1065 352 πόλεις
1085 302 1211 357 ἒδήου
1238 303 1424 358 οἰκτρῶς,
1443 302 1618 357 ἐσβολὰς
1632 311 1656 343 Β

178 363 434 421 ἀκηρύκτους
461 369 536 408 καί
561 365 744 421 ἐφόδους
773 367 1034 421 ἄπροόπτους
1062 369 1296 422 τιθέμενος,
1325 367 1618 425 παρεστήσατο

175 434 225 473 δὲ
257 434 330 473 καί
353 432 429 481 τὰς
460 431 661 488 Τράλλεις
697 431 774 486 την
799 432 920 474 πόλιν
962 437 1036 475 καί
1067 433 1142 489 τὴν
1170 433 1277 477 κατὰ
1308 437 1500 489 Φρυγίαν
1523 431 1619 480 ’Λν-

177 496 385 552 τιόχειαν,
428 499 478 540 τά
511 495 668 551 Λοῦμά
696 514 739 540 τε
776 500 850 540 καί
873 497 946 541 τὸν
983 497 1254 554 Πεντὰχειρα
1284 501 1359 542 καί
1383 502 1488 556 ἕτερ’
1511 495 1619 543 ἅττα
1630 512 1671 546 V.
1692 524 1752 546 102

141 560 367 619 5ἑρύματα
395 561 604 619 κατάκρας
633 560 740 606 ἑλών
766 562 1031 608 ἐσκύλευσεν.
1064 563 1150 623 ὁδῷ
1177 567 1224 608 δὲ
1258 565 1417 623 προϊών
1443 568 1514 609 καὶ
1541 565 1619 616 τὰς

174 631 589 686 παραθαλαττιδίους
614 629 846 684 ἐλυμήνατο
867 628 1028 686 χώρας.

284 712 325 751 7.
382 693 594 744 Βασιλεὺς
614 696 661 737 δὲ
683 698 820 737 ταῦτα
847 697 1146 750 ἐνωτισιέμενος
1161 693 1310 747 ἄλλαις
1337 714 1381 740 τε
1408 698 1620 747 πλείσταις

170 759 374 813 μεθόδοις
401 761 612 815 ἐχρήσατο
637 759 711 802 καί
735 758 787 815 δη
809 763 882 803 καί
908 761 966 819 τῷ
1001 760 1060 817 μή
1090 763 1162 804 ε’πί
1188 765 1390 816 βυκάναις
1417 763 1491 805 καὶ
1518 763 1620 806 σάλ-

170 841 288 881 πιγγι
313 827 388 881 τῆς
417 828 568 881 σκηνῆς
597 827 812 880 προϊέναι,
841 829 924 879 „ov’
947 827 1097 881 χρειά”
1131 830 1260 882 λέγων
1286 826 1515 882 »τοιούτων
1545 825 1616 884 ἄρ·

110 909 214 935 zon
239 893 378 945 τινῶν,
406 891 514 934 α’λλά
540 890 667 943 τόξων
695 893 770 933 καί
795 892 993 948 δοράτων,
1023 895 1092 936 ἵνα
1110 893 1207 945 τούς
1233 897 1460 948 μισοῦντας
1492 894 1617 949 ἡμᾶς,

171 958 214 1000 οἳ
239 958 365 1013 (κατὰ
396 959 537 1011 Δαβίδ
568 959 717 1015 εἰπεῖν)
743 953 903 1014 ἤχησαν
933 960 1008 1001 καί
1030 956 1139 1015 ἦραν
1171 962 1372 1017 κεφαλάς,
1401 963 1482 1003 τῶν
1504 959 1617 1004 ‘Pm-

167 1026 332 1077 μαϊκῶν
359 1023 711 1077 α’ποπεμψοόμεθα
736 1025 929 1079 χωρῶν.”
958 1023 1032 1066 καὶ
1063 1024 1191 1075 αὐτὸς
1216 1028 1296 1078 μὲν
1327 1025 1405 1081 τήν
1431 1028 1491 1076 εἰς
1518 1026 1614 1076 τούς

168 1092 394 1143 πολεμίους
419 1090 582 1144 α’πᾶραι
606 1085 804 1142 οὐδαμῶς
822 1091 1055 1143 ἐδικαίωσε,
1073 1093 1238 1133 στέλλει
1259 1094 1306 1134 δὲ
1334 1092 1408 1134 τὸν
1435 1091 1655 1145 α’νεψιὸνῡ

163 1151 356 1210 Ἰωάννην
385 1155 458 1197 τὸν
498 1154 739 1210 Βατάτζην,
777 1157 837 1212 τῷ
867 1157 1106 1214 δραστηρίῳ
1135 1158 1180 1199 ἐν
1208 1159 1342 1199 δέοντι
1367 1157 1612 1212 χρώμενον,

109 1219 244 1266 ι5καί
270 1219 340 1263 τὸν
360 1219 514 1263 δοὺκαν
531 1224 862 1275 Κωνσταντῐνον,
892 1224 1059 1264 νεανιάν
1087 1217 1184 1279 ἄρτι
1214 1223 1428 1280 ὑπηνήτην
1442 1223 1518 1265 καί
1541 1241 1613 1265 κα-

169 1285 219 1328 τά
233 1288 315 1330 τῶν
332 1288 480 1344 φυτῶν
507 1286 561 1329 τὰ
584 1288 732 1342 εὐγενῆ
757 1293 1028 1343 καρπογονεῖν
1054 1287 1135 1344 πρὸ
1167 1284 1282 1345 ὥρας
1309 1288 1614 1344 ἐπαγγελλόμε-

167 1367 264 1406 νον,
292 1351 351 1395 ἔτι
385 1355 431 1395 δὲ
458 1351 530 1395 τόν
553 1349 777 1408 Ἀσπιέτην
791 1352 996 1409 Μιχαήλ,
1024 1353 1154 1396 πολλὰ
1186 1357 1443 1410 παραινέσας
1470 1351 1614 1406 αὗτοῖς

165 1417 244 1461 σὺν
270 1419 468 1477 εὔβουλιζκ
491 1420 564 1460 καί
586 1418 700 1471 τάξει
729 1418 776 1461 τὸ
820 1417 1174 1476 πραχθησόμενον
1202 1418 1316 1463 ἅπαν
1342 1428 1500 1475 ποιεῖν,
1529 1421 1611 1478 πρὸ

166 1486 214 1527 δὲ
239 1485 392 1528 τούτων
414 1484 476 1540 μή
495 1484 786 1541 προσπελάσαι
815 1485 1052 1529 παντάπασι
1081 1491 1168 1536 τοῖς
1197 1484 1452 1543 βαρβάροις,
1482 1488 1523 1530 εἰ
1550 1486 1608 1543 μή

103 1565 155 1592 ao
166 1549 288 1607 πείρᾳ
315 1557 448 1606 γνοῖεν
476 1548 648 1607 ἀκριβεῖ
671 1550 876 1607 πρότερον
904 1548 1052 1594 ὅπόσοι
1079 1549 1165 1595 εἶεν
1192 1553 1239 1595 τὸ
1267 1556 1426 1609 πλῆθος
1455 1556 1528 1595 καί
1554 1553 1612 1602 ὥς

165 1617 308 1673 νικῷεν
337 1618 496 1666 αὐτοὺς
520 1618 820 1672 μαχεσάμενοι.
850 1621 926 1660 καί
944 1619 1117 1674 Πέρσαι
1143 1621 1222 1672 μὲν
1249 1623 1380 1674 πέρας
1407 1621 1480 1673 τῆς
1507 1617 1611 1675 ἐφό-

166 1683 240 1723 δου
269 1680 345 1736 τὴν
388 1682 605 1725 θάλατταν
635 1685 808 1736 θέμενοι
835 1683 940 1736 μετὰ
972 1686 1164 1740 πλείστης
1191 1681 1251 1726 ὅτι
1280 1688 1394 1733 λείας
1422 1686 1611 1737 α’νέλυον,

166 1747 335 1789 κάκεῖνα
364 1751 568 1803 κείροντες
595 1746 656 1797 οἷς
685 1750 793 1790 κατὰ
830 1748 905 1804 την
934 1749 1118 1792 κάθοδον
1148 1750 1202 1791 ου’
1228 1752 1511 1806 προσέβαλον·
1569 1748 1610 1791 οἱ

165 1816 205 1855 d’
231 1813 348 1869 ἀμφὶ
375 1812 448 1856 τὸν
487 1814 706 1869 Βατάτζην
743 1814 820 1864 τὰς
851 1813 1052 1868 δυνάμεις
1084 1815 1386 1870 ἀναλαβόντες,
1415 1812 1533 1866 ὅσαις
1562 1831 1607 1858 τε

262 1936 312 1961 12.
342 1924 408 1969 τῆν
434 1938 491 1959 om
515 1927 553 1960 A.
650 1937 704 1960 22.
728 1926 929 1962 θάλασσαν
946 1929 986 1961 A.

163 2033 202 2062 et
242 2039 385 2062 arenam
425 2034 601 2074 apportet.
641 2030 671 2062 is
696 2030 793 2063 iussa
830 2041 1010 2075 exequens
1032 2030 1260 2063 Maeandrias
1285 2030 1392 2064 urbes
1415 2030 1546 2065 subitis
1572 2036 1610 2066 et

163 2076 364 2120 improvisis
390 2075 657 2110 incursionibus
683 2076 941 2110 miserabiliter
970 2078 1177 2122 populatur,
1205 2077 1346 2111 Tralles
1369 2083 1407 2111 et
1434 2078 1608 2123 Phrygiae

162 2122 389 2156 Antiochiam
418 2123 606 2156 deditione
629 2125 744 2169 capit,
774 2125 884 2156 Luma
910 2124 1122 2157 Pentachira
1152 2130 1189 2158 et
1213 2125 1303 2157 alias
1326 2125 1548 2158 munitiones
1571 2127 1607 2158 vi

164 2175 382 2214 expugnatas
419 2170 578 2215 spoliat,
621 2176 658 2205 et
695 2170 822 2204 ordine
853 2182 1060 2216 progressus
1096 2183 1195 2205 oram
1218 2171 1435 2205 maritimam
1459 2183 1608 2218 quoque

160 2220 289 2251 vastat.

253 2275 286 2308 7.
310 2263 453 2309 Quibus
479 2262 584 2296 rebus
603 2262 737 2297 auditis
751 2264 956 2310 imperator,
980 2276 1060 2297 cum
1084 2265 1166 2298 aliis
1181 2265 1346 2309 plurimis
1361 2266 1500 2300 artibus
1524 2276 1610 2300 usus

161 2314 227 2352 est,
250 2316 329 2344 tum
350 2311 428 2343 sine
453 2309 615 2342 buccinis
640 2316 676 2343 et
700 2311 798 2344 tubis
823 2323 842 2344 e
871 2312 1028 2345 tentorio
1053 2311 1200 2357 prodiit.
1227 2324 1324 2345 nunc
1353 2314 1447 2346 enim
1473 2314 1609 2347 talibus

162 2357 268 2391 rebus
291 2368 365 2390 non
391 2367 468 2390 esse
487 2367 587 2402 opus,
613 2357 676 2389 sed
699 2359 852 2392 arcubus
881 2365 917 2392 et
944 2359 1077 2399 hastis,
1104 2364 1145 2392 ut
1167 2359 1365 2392 insolentes
1390 2359 1513 2394 hostes
1538 2362 1609 2393 Ro-

160 2405 276 2437 manis
300 2403 494 2449 provinciis
521 2405 717 2447 exigantur.
743 2417 784 2438 ac
810 2405 888 2450 ipse
907 2406 978 2438 sibi
1004 2417 1076 2438 non
1105 2405 1309 2439 exeundum
1329 2412 1450 2448 ratus,
1475 2407 1610 2441 Iohan-

162 2462 244 2484 nem
268 2452 448 2484 Batatzem
483 2457 651 2495 nepotem
678 2463 781 2484 suum
806 2453 930 2493 misit,
966 2452 1082 2486 virum
1108 2458 1250 2485 cautum
1277 2458 1314 2486 et
1332 2459 1516 2487 strenuum
1535 2481 1545 2496 ‚
1571 2459 1610 2487 et

161 2496 301 2530 Ducam
322 2497 598 2530 constantinum
614 2523 623 2537 ,
652 2498 920 2532 adolescentem
951 2499 1067 2532 adhuc
1101 2510 1194 2544 pene
1220 2500 1440 2541 imberbem,
1466 2501 1530 2534 sed
1553 2501 1608 2534 vi-

162 2542 223 2576 rili
246 2545 453 2577 maturitate
476 2545 703 2589 praeditum,
731 2551 767 2579 et
794 2545 1010 2579 Michaelem
1035 2547 1238 2590 Aspietem‚
1264 2548 1417 2580 multum
1442 2548 1606 2580 hortatus

162 2594 206 2622 ut
231 2589 427 2633 prudenter
449 2596 486 2623 et
510 2592 720 2636 tempestive
745 2593 865 2625 omnia
889 2593 1194 2635 administrarent,
1220 2605 1288 2626 nec
1308 2595 1406 2638 prius
1434 2594 1608 2627 barbaros

163 2635 378 2668 invaderent
400 2647 505 2681 quam
530 2649 718 2671 numerum
744 2651 869 2673 corum
885 2641 1136 2684 cognovissent
1159 2646 1196 2674 et
1222 2640 1410 2674 victoriam
1432 2651 1544 2685 penes
1568 2651 1607 2672 se

164 2682 244 2715 sore
269 2682 543 2717 intellexissent.
592 2686 717 2718 Persae
740 2697 847 2728 vem,
873 2698 1025 2732 quorum
1060 2687 1281 2720 excursionis
1307 2688 1480 2720 terminus
1506 2697 1606 2719 mare

164 2723 259 2768 fuit,
287 2739 366 2761 cum
400 2729 520 2772 opima
547 2731 679 2774 praeda
723 2733 931 2767 recedentes
973 2744 1015 2766 ea
1041 2744 1187 2779 quoque
1226 2734 1265 2768 in
1289 2734 1409 2767 reditu
1437 2733 1606 2778 populati

163 2780 259 2817 sunt,
285 2785 376 2821 quae
403 2780 485 2809 ante
511 2786 583 2810 non
608 2779 811 2822 attigerant.
859 2780 1021 2813 Balatzes
1043 2791 1126 2814 vero
1156 2792 1235 2814 cum
1264 2780 1377 2827 copiis
1406 2785 1441 2814 ct
1466 2778 1511 2812 ab
1537 2780 1604 2813 im-
