1838 3210
446 208 516 249 DE
553 208 805 250 MANUELE
843 208 1105 250 commo
1146 209 1244 249 Lm.
1283 210 1354 249 v1.
1513 188 1621 244 233

189 305 245 356 ὥς
271 303 559 357 α’ντιτάξαιντο
580 305 814 358 ςΡωμαίοις
842 302 994 347 αὐτίκα
1024 305 1074 360 δή
1114 307 1350 361 παριοῦσιν.
1406 303 1495 347 ἔστι
1525 306 1572 346 δὲ
1599 304 1624 345 ὅ

186 369 307 420 τόπος
344 365 466 427 οὗτος
506 370 708 426 ἐπιμήκης
747 370 888 412 αὖλιόν
903 404 917 424 ,
955 370 1065 425 ἔχων
1090 371 1201 426 ὄρῶν
1226 369 1485 425 ὗπερβολάς,
1513 370 1620 412 κατά

184 437 263 488 μὲν
303 435 347 478 τὸ
390 436 556 491 βόρειον
587 437 714 489 κλίμα
758 435 1107 490 ὖποκαταβαίνων
1148 438 1225 477 τοῦ
1252 435 1457 485 α’νάντους
1483 436 1624 491 ἠρέμα

187 502 247 550 εἷς
272 500 435 556 γηλοφα
463 500 662 554 καὶπρὸς
696 496 862 555 εὖρείας
901 499 1204 554 κοιλαινόμενος
1240 500 1482 557 φάραγγας,
1514 500 1621 542 κατά

150 568 233 609 ὅδὲ
259 565 433 621 θάτερον
460 567 586 620 μέρος
611 567 673 615 εἰς
700 565 910 620 προτομὰς
930 565 1144 620 προνεύων
1160 570 1322 621 πετρῶν
1340 566 1414 608 καί
1437 568 1498 615 εἰς
1524 583 1623 622 κρη-

183 632 362 683 μνώδεις
386 628 554 683 σύμπας
580 630 830 680 οἷναστάσεις
861 631 1161 686 περιερρωγιός.
1217 633 1290 672 ἑπί
1315 633 1512 687 τοιαύτης
1543 628 1620 674 οὖν

183 695 344 748 μέλλων
362 694 550 737 ἐλαύνειν
567 694 668 737 ὁδοῦ
686 696 807 738 ου’ὃέν
826 712 867 737 τι
892 699 948 753 τῷ
975 698 1139 754 στρατῷ
1159 703 1354 739 συνοῖσον
1381 700 1624 752 προμηθευ-

182 763 361 814 σάμενος
386 763 600 817 φαίνεται·
642 755 735 803 οὔτε
761 760 842 816 γάρ
873 761 920 802 τὸ
957 761 1061 803 πολύ
1103 765 1187 804 τῶν
1221 760 1492 818 σκευοφόρων
1521 763 1622 803 οἷπε-

183 826 441 879 σκευάσατο,
483 822 511 881 ἢ
537 827 638 880 γοῦν
678 824 755 875 τὰς
797 824 962 880 ἁμάξας
1002 826 1189 870 ἐκποδών
1218 828 1340 870 ἔθετο
1369 827 1418 869 αἳ
1438 825 1514 877 τὰς
1540 843 1623 869 τει-

126 892 401 946 ιυχομάχους
427 890 580 948 ἔφερον
605 893 824 946 μηχανάς,
865 888 963 933 οὔτε
991 892 1077 947 μὴν
1105 891 1417 948 α’πεπειράσατο
1443 894 1524 935 σύν
1553 893 1625 933 εὕ-

182 956 296 1015 {camp
340 957 518 1011 τάγματι
558 955 816 1000 ἀπώσασθαι
860 957 960 1008 τούς
1000 961 1178 1012 Πέρσας
1224 958 1423 1014 πρότερον
1462 960 1508 1001 ἐκ
1543 960 1626 1000 τῶν

181 1024 440 1079 α’μφιλαφῶν
479 1025 647 1065 ἐκείνων
683 1023 756 1065 καί
796 1023 945 1078 ὄρείων
979 1022 1180 1079 παρόδων
1218 1025 1292 1066 καί
1326 1026 1488 1065 λειᾶναι
1517 1021 1626 1064 οὕτω

179 1090 238 1145 τῷ
264 1091 430 1146 στρατῷ
459 1086 534 1143 τὴν
568 1090 722 1131 δίοδον.
779 1089 868 1131 ἀλλ’
898 1088 955 1138 ὥς
992 1086 1103 1143 εἶχεν
1125 1091 1198 1132 ἐπὶ
1222 1091 1400 1131 πεδινῶν
1425 1087 1624 1140 ποιούμε-

179 1170 249 1204 νος
275 1152 352 1209 τὴν
377 1157 571 1210 πορείαν,
601 1151 712 1196 οὕτω
748 1152 853 1197 κᾶπί
890 1157 965 1209 τῆς
995 1157 1234 1210 τρυμαλιᾶς
1265 1156 1421 1213 ἐκείνης
1447 1156 1621 1196 συνθλί-
1634 1165 1668 1200 Ρ.
1689 1175 1749 1214 ¹¹7

121 1220 333 1272 ιόβεσθαι
360 1222 509 1274 εἵλετο,
537 1223 685 1276 καίπερ
715 1221 821 1278 οἶκοῇ
843 1218 1120 1276 προειληφώς,
1148 1219 1252 1274 μετὰ
1268 1218 1410 1275 βραχύ
1443 1221 1489 1261 δὲ
1517 1219 1624 1273 ἔχων

178 1287 254 1327 καί
276 1285 376 1336 τούς
402 1285 656 1342 ὄφθαλμοὺς
675 1286 932 1342 αὕτοπείρως
959 1287 1262 1339 πιστουμένους
1288 1285 1342 1328 τά
1371 1285 1623 1338 ἀκουόμενα,

179 1351 236 1400 ὥς
270 1349 310 1393 οἱ
352 1350 560 1407 βάρβαροι
591 1351 969 1408 προκατειληφότες
995 1350 1069 1401 τοὶς
1112 1351 1346 1407 ἀκρωρείας
1371 1353 1622 1405 ἐπίθωνται,

178 1416 252 1459 καί
265 1416 323 1467 ὥς
344 1418 482 1460 πᾶσαν
497 1419 575 1470 μὲν
595 1419 813 1474 φαρέτραν
830 1419 1171 1471 ἑκπωματίσουσι
1196 1421 1278 1460 πᾶν
1302 1419 1350 1460 δὲ
1370 1420 1491 1472 βέλος
1511 1417 1624 1473 α’φή-

177 1497 342 1536 σουσιν,
372 1479 485 1532 ὅπως
506 1480 750 1536 εΡωμαίους
781 1481 1097 1539 τροπωσάμενοι
1122 1486 1199 1526 τοῦ
1217 1484 1362 1539 πρόσω
1387 1484 1624 1538 προβαίνειν

113 1564 166 1591 20
181 1550 422 1603 ἑπίσχωσιν.
478 1550 630 1604 ἐπῆγεν
659 1545 734 1592 οὖν
763 1547 871 1593 οὕτω
903 1549 979 1600 τὰς
1004 1548 1224 1606 φάλαγγας
1251 1548 1466 1603 βασιλεύς,
1495 1543 1547 1603 ἦν
1575 1550 1623 1591 δὲ

175 1611 264 1656 τότε
312 1611 396 1669 μὴν
438 1612 460 1657 ὅ
488 1617 782 1670 Σεπτέμβριος.
847 1618 1103 1671 προηγοῦντο
1129 1617 1176 1657 δὲ
1203 1617 1278 1657 τοῦ
1304 1617 1488 1669 στρατοῦ
1515 1612 1619 1667 μετά

175 1680 258 1720 τῶν
286 1681 447 1722 οἰκείων
476 1680 633 1731 τάξεων
662 1681 700 1723 οἱ
733 1679 809 1723 δύο
835 1680 922 1724 υἱοί
956 1684 1034 1723 τοῦ
1058 1682 1255 1736 Ἀγγέλου
1283 1678 1620 1733 Κωνσταντίνου,

179 1739 202 1783 ὅ
231 1759 277 1785 τε
298 1742 493 1800 Ἰωάννης
522 1745 595 1787 καὶ
621 1745 643 1787 ὃ
670 1744 950 1802 Ἀνδρόνικος,
991 1746 1014 1788 ὅ
1043 1745 1355 1802 ΙΠακροδούκας
1382 1747 1448 1787 ἐπ’
1476 1747 1622 1793 αὐτοῖς

658 1811 673 1826 C

179 1811 498 1860 Κωνσταντῖνος
543 1813 616 1853 καί
650 1828 672 1853 ο
706 1814 946 1867 ’Λαπαρὸᾶς
978 1812 1258 1867 Ἀνδρόνικος.
1312 1810 1416 1865 μετὰ
1447 1813 1494 1853 δὲ
1522 1808 1621 1852 τού-

269 1909 301 1931 2.
325 1899 522 1951 ἐπιμήκης]
545 1895 695 1946 μακρὸς
719 1901 810 1936 ὥσεὶ
834 1900 1031 1944 βούκινον,
1051 1901 1149 1946 ἔχων
1170 1900 1288 1945 βουνοί
1302 1901 1336 1933 Β.
1465 1901 1497 1935 5.
1525 1910 1622 1944 προ-

270 1945 404 1994 ropac]
435 1942 636 1991 προνομὰς
659 1950 699 1981 Α.
815 1951 848 1982 8.
872 1942 912 1981 τὸ
944 1942 1056 1995 πολὺ]
1085 1946 1128 1981 τά
1151 1950 1340 1994 βαρέματα
1364 1940 1408 1980 τὰ
1434 1944 1555 1981 πολλοὶ
1584 1947 1620 1979 B.

268 2002 325 2071 ⁷112.
351 1991 612 2077 ιιὶιεξέιςιρὲλοιφῶν]
642 1994 793 2040 ὑψηλῶν
819 1997 885 2028 καὶ
911 1994 1103 2039 δυσβάτων
1127 1994 1254 2029 τόπων
1280 1995 1319 2027 A.
1447 1994 1502 2038 24.
1528 1994 1621 2040 λαμ-

326 2049 346 2085 ρ
472 2063 481 2072 .

178 2118 340 2151 facerent
389 2123 446 2152 est
476 2124 595 2153 autem
621 2120 651 2153 is
686 2120 787 2154 locus
811 2120 966 2165 oblonga
1000 2120 1195 2161 convallis,
1218 2118 1414 2152 verticibus
1441 2119 1620 2152 montium

177 2175 384 2209 assurgens,
429 2177 523 2210 quae
547 2166 592 2205 ad
618 2166 908 2211 Septentrionem
943 2168 1052 2212 paulo
1079 2166 1254 2200 declivior
1276 2166 1315 2198 in
1332 2165 1466 2206 colles,
1495 2166 1533 2198 in
1555 2177 1621 2210 pa-

178 2212 351 2244 tentiores
380 2212 492 2246 valles
515 2213 769 2258 protenditur3
805 2214 851 2246 ab
875 2215 987 2247 altera
1010 2225 1094 2247 vero
1119 2219 1221 2259 parte
1244 2213 1327 2246 altis
1353 2212 1496 2256 rupium
1515 2223 1620 2257 prae-

178 2258 314 2303 cipitiis
347 2258 556 2293 includitur.
592 2272 659 2305 per
679 2261 788 2294 talem
813 2262 906 2294 viam
930 2262 1146 2294 transiturus
1170 2259 1319 2293 Manuel
1342 2258 1438 2292 nihil
1461 2258 1622 2304 providit

178 2303 278 2349 quod
297 2306 471 2339 exercitui
484 2306 690 2351 expediret:
715 2319 835 2353 neque
859 2308 956 2340 enim
971 2307 1310 2352 impedimentorum
1335 2305 1620 2346 multitudinem,

177 2355 243 2384 aut
264 2362 387 2385 currus
413 2353 477 2398 qui
502 2353 686 2388 machinas
709 2354 909 2396 vehebant,
937 2355 1107 2395 removit,
1132 2364 1254 2398 neque
1283 2352 1454 2397 expedita
1471 2351 1620 2385 cohorte

176 2397 299 2431 Persas
316 2409 360 2431 ex
374 2401 554 2433 montanis
570 2401 645 2434 illis
662 2401 835 2445 angustiis
852 2401 1005 2446 depulit,
1019 2406 1060 2434 ut
1079 2401 1253 2434 exercitui
1264 2400 1359 2433 viam
1373 2400 1539 2444 aperiret.
1555 2398 1621 2432 sed

178 2449 220 2477 ut
242 2445 281 2478 in
305 2445 515 2490 patentibus
532 2448 678 2492 campis,
701 2448 753 2481 ita
781 2449 889 2481 etiam
907 2449 946 2481 in
968 2447 1133 2481 faucibus
1149 2448 1222 2480 illis
1242 2447 1312 2479 iter
1326 2447 1433 2487 fecit,
1458 2446 1621 2491 quamvis

179 2495 264 2523 ante
290 2491 476 2535 audiisset,
502 2493 541 2526 id
557 2494 657 2539 quod
675 2495 784 2539 paulo
802 2500 886 2540 post
904 2494 1020 2536 vidit,
1037 2494 1210 2527 barbaros
1234 2494 1327 2538 iugis
1349 2492 1622 2538 praeoccupatis

180 2545 303 2570 omnes
314 2538 500 2583 pharetras
521 2540 770 2583 exhausturos,
795 2553 901 2575 omne
918 2542 1073 2575 telorum
1102 2552 1212 2585 genus
1230 2540 1456 2574 coniecturos
1476 2545 1513 2572 et
1530 2538 1624 2571 nihil

179 2582 397 2618 intentatum
420 2587 608 2621 relicturos
633 2599 705 2632 quo
718 2589 895 2621 Romanos
908 2589 1080 2622 ulteriore
1091 2598 1281 2633 progressu
1295 2586 1542 2632 prohiberent.
1557 2586 1626 2617 im-

180 2634 324 2673 perator
337 2631 555 2677 (Septembri
577 2646 701 2667 mense
726 2634 765 2668 id
789 2635 937 2680 factum)
961 2636 1012 2668 sic
1030 2635 1219 2680 processit.
1251 2633 1379 2678 Angeli
1396 2630 1626 2666 Constantini

182 2673 254 2707 duo
277 2675 356 2718 filii,
367 2678 547 2714 Iohannes
563 2686 600 2714 et
612 2680 850 2722 Andronicus,
867 2693 947 2714 cum
964 2683 1038 2715 suis
1057 2681 1246 2715 ordinibus
1261 2679 1537 2714 antecedebant.
1563 2688 1626 2711 eos

180 2721 414 2757 Macroducas
428 2725 686 2761 Constantinus
701 2733 739 2761 et
759 2729 931 2773 Lapartas
944 2728 1170 2762 Andronicus
1189 2727 1445 2772 sequebantur.
1472 2726 1512 2758 in
1537 2723 1626 2757 dex-

181 2773 237 2801 tro
278 2779 388 2804 cornu
411 2771 610 2809 Balduinus
649 2775 873 2820 imperatoris
917 2776 1092 2816 sororius,
1127 2776 1165 2809 in
1207 2774 1351 2807 sinistro
1378 2772 1624 2806 Maurozomes
