1838 3210
287 211 364 284 98
747 221 975 264 NICETAE
1021 219 1333 263 cnon‘rAE

285 326 360 381 τὴν
383 320 517 380 ἄκραν
546 320 757 374 ἀναιμωτί
782 314 924 372 ὥσπερ
953 317 1031 373 πρὸ
1063 322 1206 373 τρίτης
1234 316 1309 372 τὴν
1337 317 1578 371 Κέρκυραν,
1629 317 1718 360 ἀλλ’

284 390 484 445 ἀνδράσιν
520 385 705 440 ἐντυχών
747 386 803 441 νῷ
831 386 1130 437 διοικουμένοις
1163 381 1236 423 καί
1265 379 1343 436 τὴν
1372 383 1446 436 τῆς
1478 384 1721 438 ἐλευθερίας

283 453 359 497 οὔκ
377 451 588 509 ἠγνοηκόσι
606 449 802 506 Παφίαν,
834 448 1098 504 ἀπεκρούσθη
1131 448 1188 496 ὥς
1215 449 1255 489 εἰ
1278 445 1351 488 καί
1371 445 1565 504 ’προβόλῳ
1592 461 1722 502 προσ-

282 522 429 573 έβαλεν
461 514 686 573 ἅτινάκτῳ,
725 517 796 557 καί
823 515 1018 569 πρύμναν
1052 511 1330 569 κρουσάμενος
1368 514 1526 554 ἐκεῖθεν
1570 510 1722 566 ἄναγε-

175 593 268 627 Ρ.5ο
283 600 351 626 ται
390 578 609 638 ἄπρακτος.
684 579 868 636 ὑπερβὰς
902 582 948 622 δὲ
989 579 1061 621 τὸν
1087 580 1159 642 ἐπέ
1194 579 1376 620 Μαλέαν
1406 579 1563 630 πλοῦν,
1605 575 1782 619 ἄντι-5.

278 647 422 696 πνοιἀς
468 650 647 701 γέμοντα
690 646 851 701 πάσης,
897 647 996 700 περί
1037 639 1089 685 οὗ
1138 643 1210 685 καί
1234 645 1366 685 ταῦτα
1396 643 1719 698 παροιμιάζεται

276 715 490 767 ,,Μάλέαν
522 714 557 754 δ’
587 709 830 764 ἐπικάμψας
858 711 1060 752 ἐπιλάθου
1089 710 1169 750 τῶν
1194 707 1335 749 οἴκαδε
1353 710 1393 760 ,”
1420 706 1493 749 τὸν
1521 708 1718 761 ἐσέχοντα

275 779 468 833 πορθμὸν
507 773 729 831 ἀνάγεται,
768 778 839 818 καί
865 774 918 816 τὰ
950 772 1098 816 τούτου
1132 771 1393 828 ἑκατέρωθεν
1421 771 1550 814 ἐπιών
1581 774 1634 814 ου’
1661 771 1715 814 τοὶ

274 839 509 898 εὖχείρωτα
548 841 679 895 μόνον
721 842 955 893 κατέδραμε
998 841 1114 880 λειάν
1155 841 1398 891 τιθέμενος,
1431 836 1536 879 ἀλλὰ
1563 839 1636 879 καί
1661 836 1722 880 τὰ

271 904 409 957 ἄλλως
449 905 751 961 ἐπικαιρότατα
796 907 868 947 καί
908 902 1130 946 δυσάλωτα
1153 936 1164 954 ,
1205 905 1257 944 τὰ
1294 906 1372 955 μὲν
1406 900 1601 959 ὁμολογίᾳ
1627 913 1779 956 χει-ιο

270 973 474 1030 ρούμενος
512 970 566 1014 τοὶ
617 972 663 1012 δὲ
705 972 870 1028 πολέμῳ
915 971 1221 1021 δουλούμενος,
1268 968 1526 1023 Ἀκαρνᾶνας
1561 984 1607 1009 τε
1645 969 1718 1011 καί

270 1036 489 1086 Αἰτωλούς
531 1036 631 1085 τούς
670 1038 744 1078 νῦν
772 1035 1019 1090 λεγομένους
1057 1031 1300 1088 Ἀρτινούς,
1343 1032 1417 1074 καί
1442 1031 1519 1075 ὅσα
1547 1033 1715 1089 πάραλα

269 1104 475 1158 οἶμαυρῶν
502 1101 575 1144 τὸν
604 1099 891 1156 Κορινθιακόν
930 1100 1081 1141 κόλπον
1109 1100 1362 1141 εἰσέπλευσε.
1394 1101 1469 1140 καί
1494 1099 1550 1155 τῷ
1579 1093 1719 1154 Κρισ-

268 1170 374 1226 σαίῳ
401 1172 537 1222 λιμένι
566 1165 896 1223 προσορμισθείς
936 1171 1022 1215 τοῖς
1051 1167 1094 1207 ἐν
1122 1163 1323 1222 μεσογείῳ
1352 1167 1511 1219 θαρρεῖ
1534 1167 1718 1220 προσβα·

268 1238 377 1287 λεῖν,
422 1233 576 1276 οὐδένα
616 1231 726 1287 ἔχων
752 1231 979 1273 ἀντίπαλον
1009 1231 1259 1273 ἰσοστάσιον.
1315 1231 1462 1283 α’μέλει
1494 1230 1568 1271 καί
1591 1228 1615 1270 ὅ
1644 1228 1781 1272 τοῦ15

227 1297 419 1354 Βστόλου
460 1296 642 1355 ἀρχηγὸς
668 1296 712 1340 τὸ
744 1297 960 1339 ὁπλιτεῦον
987 1295 1060 1338 καί
1088 1294 1215 1348 ψιλὸν
1245 1298 1320 1337 τοῦ
1345 1298 1527 1351 στρατοῦ
1553 1297 1615 1344 εἰς
1642 1292 1719 1337 ‘ca'-

267 1367 349 1415 ξεις
378 1363 631 1424 διειληφώς,
660 1364 734 1405 καί
760 1367 958 1417 χερσαῖος
990 1362 1136 1417 φανείς
1174 1361 1195 1402 ὃ
1224 1363 1325 1410 τέως
1353 1361 1577 1410 θαλάττιος
1608 1358 1716 1402 κατὰ

267 1433 349 1472 τῶν
379 1432 513 1485 κητῶν
557 1428 610 1471 τὰ
642 1428 1018 1484 ἅμφιβοσκόμενα,
1052 1429 1106 1483 τῇ
1135 1428 1330 1484 Καδμείᾳ
1356 1429 1409 1483 γῇ
1434 1427 1716 1481 παρενέβαλε,

265 1495 339 1537 καί
367 1493 444 1544 τοὶς
475 1496 519 1536 ἒν
545 1496 660 1551 μέσῳ
688 1493 945 1546 κωμοπόλεις
974 1491 1076 1533 ὁδοῦ
1108 1490 1319 1546 πάρεργον
1346 1489 1594 1546 ληϊσάμενος
1625 1497 1718 1541 ταῖς

265 1557 520 1607 ἑπταπύλοις
551 1557 714 1613 Θήβαις
759 1553 1045 1613 προσέβαλεν,
1088 1550 1145 1598 ὧν
1173 1556 1247 1598 καί
1271 1555 1486 1611 γενόμενος
1513 1555 1717 1613 ἐγκρατὴς
1728 1571 1785 1597 20

264 1622 562 1679 α’πανθροόπως
589 1629 674 1672 τοῖς
701 1625 793 1665 ἐκεῖ
815 1624 1097 1678 προσηνέχθη.
1167 1620 1272 1663 κατὰ
1304 1621 1384 1677 γὰρ
1418 1621 1605 1664 παλαιάν
1632 1623 1717 1678 φή-

264 1705 349 1744 μην
374 1691 446 1743 τῆς
477 1687 636 1737 πόλεως
664 1687 719 1738 ὥς
746 1691 971 1737 πλουσίους
1002 1686 1243 1742 τρεφούσης
1274 1687 1489 1742 οἰκήτορας
1516 1689 1577 1737 εἰς
1602 1703 1719 1743 χρη--

365 1804 391 1825 ι.
415 1789 556 1838 ὥσπερ]
587 1791 635 1829 ὥς
659 1794 698 1826 Α.
813 1804 864 1827 12.
886 1791 1095 1838 >Λρτινούς]
1126 1785 1292 1836 α’ρπιοὺς
1315 1804 1357 1836 pr
1386 1794 1421 1826 B.
1446 1791 1535 1830 τούς
1558 1813 1602 1819 -
1627 1793 1715 1838 ’,Αρ-

353 1839 481 1876 τινούς
503 1851 558 1871 om
588 1840 628 1871 A.
748 1840 798 1883 14.
824 1843 1105 1884 καθορμισθεὶς
1129 1840 1168 1871 Α.
1297 1842 1347 1874 ι6.
1376 1838 1417 1874 τὰ
1447 1839 1546 1887 0‘n2..]
1573 1832 1614 1874 τό
1645 1843 1716 1874 1015

357 1887 520 1930 στρατοῦ
558 1885 746 1930 ἐλαφρόν,
781 1885 871 1923 τούς
905 1888 994 1931 παρ’
1028 1886 1119 1931 ἡμῖν
1154 1886 1379 1931 λεγομένους
1414 1887 1653 1934 βασμούλους
1675 1886 1714 1919 Β.

362 1942 412 1974 ¹7·
439 1931 654 1977 διειληφώς]
686 1925 819 1965 διελών
850 1932 890 1964 Α.
1037 1945 1085 1975 ¹9·
1112 1931 1355 1972 καινοπόλεις
1389 1934 1426 1966 Α.
1543 1943 1599 1968 20.
1623 1931 1709 1979 καὶ]

358 1972 402 2019 δὴ
429 1978 468 2010 A.
565 1988 620 2011 αι.
646 1977 903 2023 προσηνέχθη]
928 1977 1226 2021 προσενήνεκται
1243 1978 1283 2011 A.

263 2056 551 2102 promontorium
574 2056 664 2088 citra
690 2057 913 2099 sanguinem,
937 2056 1241 2100 quemadmodum
1267 2058 1378 2101 paulo
1402 2061 1484 2090 ante
1511 2058 1712 2101 Corcyram,

265 2108 514 2146 occupaturus.
545 2101 607 2134 sed
635 2113 715 2134 cum
744 2103 782 2134 in
806 2103 902 2134 viros
937 2102 1102 2136 cordatos
1127 2109 1165 2135 et
1192 2104 1371 2136 libertatis
1398 2103 1629 2137 dulcedinem
1652 2115 1714 2138 ex·-

262 2154 386 2194 pertos
415 2147 625 2188 incidisset,
660 2149 711 2181 ita
735 2149 900 2192 repulsus
923 2154 978 2181 est
1003 2160 1044 2181 ac
1067 2150 1097 2181 si
1124 2150 1162 2181 in
1186 2156 1325 2194 petram
1350 2150 1573 2182 immobilem
1598 2151 1713 2195 impe-

265 2196 392 2239 gissa,
426 2194 634 2238 infectaque
669 2205 726 2234 re,
764 2196 871 2227 remis
907 2195 1190 2228 dissimulandae
1227 2197 1332 2241 fugae
1357 2208 1464 2229 causa
1489 2196 1534 2229 ad
1562 2197 1712 2242 puppim

266 2241 463 2281 conversis,
490 2240 664 2273 discessit.
693 2241 881 2285 vitatoque
907 2241 1083 2274 Maleensi
1108 2243 1283 2284 traiectu,
1309 2249 1498 2276 ventorum
1523 2244 1712 2277 contrariis

263 2287 435 2332 procellis
459 2286 615 2327 infesto,
642 2285 687 2318 de
706 2298 778 2331 quo
802 2287 1031 2331 proverbium
1057 2294 1268 2332 usurpatur:
1295 2289 1341 2321 ad
1365 2290 1520 2322 Maleam
1546 2301 1627 2322 cum
1653 2301 1713 2324 ac-

267 2334 438 2374 cesseris,
464 2343 586 2365 eorum
612 2343 705 2377 quae
731 2333 828 2366 domi
854 2333 966 2367 habes
998 2334 1231 2375 obliviscere,
1259 2336 1390 2368 fretum
1414 2337 1568 2369 interius
1593 2336 1713 2381 ingre·-

267 2380 376 2414 ditur.
411 2384 448 2412 et
478 2379 573 2412 latus
604 2380 680 2411 eius
705 2385 887 2425 utrunque
911 2387 1143 2425 pervagatus,
1184 2392 1258 2414 non
1282 2388 1405 2427 aperta
1430 2383 1510 2415 loca
1534 2382 1712 2418 duntaxat

265 2426 462 2472 populatus
492 2431 568 2466 est,
598 2425 662 2458 sed
682 2433 886 2470 opportuna
911 2427 1020 2459 etiam
1047 2433 1084 2459 et
1096 2428 1235 2460 munita
1263 2430 1394 2473 partini
1422 2431 1461 2462 in
1486 2429 1711 2463 deditionem

266 2473 405 2517 accepit
428 2472 560 2516 partim
582 2473 618 2504 vi
643 2473 807 2517 subegit3
839 2479 948 2517 atque
972 2474 1172 2506 Acarnania
1187 2500 1195 2515 ‚
1220 2475 1361 2507 Aetolia
1376 2501 1386 2516 ‚
1417 2487 1510 2520 quae
1536 2487 1633 2508 nunc
1645 2477 1712 2509 Ar-

265 2519 358 2552 tinia
382 2518 534 2558 dicitur,
567 2523 718 2562 totaque
747 2530 810 2551 ora
836 2520 1014 2553 maritima
1038 2525 1188 2560 vastata,
1214 2520 1484 2555 Corinthiacum
1510 2522 1628 2555 sinum
1655 2522 1713 2555 in-

266 2571 350 2598 trat.
375 2569 412 2597 et
435 2565 473 2597 in
490 2564 691 2597 Crissaeum
714 2571 856 2610 portum
878 2567 1059 2607 invectus,
1087 2567 1125 2599 in
1149 2566 1413 2600 mediterranea
1438 2568 1711 2613 impressionem

268 2612 386 2644 facere
411 2621 516 2643 ausus
546 2617 620 2651 est,
649 2622 727 2644 cum
752 2613 932 2645 neminem
958 2613 1199 2646 adversarium
1220 2625 1343 2658 parem
1366 2614 1529 2647 haberet.
1549 2619 1711 2659 praeter-

271 2668 311 2690 ea
344 2657 467 2690 classis
498 2657 701 2701 praefectus
726 2659 822 2702 gravi
847 2664 885 2692 et
902 2659 970 2692 levi
997 2665 1175 2692 armatura
1201 2660 1239 2692 in
1259 2661 1372 2693 aciem
1397 2673 1416 2694 e
1443 2660 1595 2694 navibus
1620 2660 1710 2694 edu-

271 2709 348 2744 cta,
387 2708 548 2736 cetorum
571 2703 685 2736 instar
708 2705 772 2749 qui
795 2705 971 2750 pabulum
1007 2706 1177 2751 utrinque
1209 2712 1360 2751 petunt,
1384 2708 1421 2740 in
1450 2708 1632 2741 Boeotiam
1659 2707 1710 2739 ir-

273 2750 392 2793 rupit3
425 2754 462 2782 et
491 2749 691 2783 interiectis
726 2752 871 2796 oppidis
905 2753 1024 2785 obiter
1051 2752 1203 2797 direptis
1231 2753 1376 2787 Thebas
1413 2754 1527 2798 cepit,
1549 2758 1586 2786 et
1613 2753 1707 2786 cives

274 2795 519 2829 inhumaniter
558 2798 734 2832 tractavit.
761 2798 824 2843 qui
849 2809 928 2831 cum
964 2810 1007 2832 ex
1032 2799 1183 2844 antiquo
1207 2810 1349 2838 rumore
1378 2799 1507 2834 divites
1529 2799 1708 2833 haberen-
