1878 3230
292 208 402 263 806
714 221 940 263 Nice-'ma
986 220 1296 264 cHonTAE

289 324 364 366 τοῦ
391 322 666 376 παλιρροθίου
694 322 889 375 πορθμοῦ
910 319 1137 375 ταχύτερον
1162 319 1485 374 μεθαρμόζεται,
1513 322 1583 363 καί
1612 321 1714 363 ὕπο-

289 387 519 442 στριόννυσι
547 385 623 440 τήν
652 384 889 439 διαβάθραν
930 386 1171 443 εὕροωτέρῳ
1200 387 1275 427 τοῦ
1301 387 1489 439 Ειῖρίπου
1517 385 1715 440 στρατεύ-

288 469 415 505 ματι,
444 450 517 492 καὶ
556 449 758 506 φρούριον
794 449 874 505 6ρᾷ
900 451 1081 504 δομηθὲν
1108 451 1174 491 ἐπ’
1208 450 1321 508 αὐτῷ
1343 466 1385 503 γε
1414 448 1465 504 δὴ
1508 451 1566 506 τῷ
1612 465 1716 505 πορ-

287 519 384 573 θμῷ
408 518 480 558 καί
503 514 700 571 στρατιάν
729 514 953 566 ἱζάνουσαν
981 513 1150 557 ἔνδοθεν
1180 514 1283 569 πρὸς
1307 513 1352 557 τὸ
1384 513 1591 570 ἀνάρρουν
1618 514 1718 558 ἅνα-

288 584 594 634 στοιβασουσαν
633 580 843 634 δήπουθεν
884 579 936 622 τοὶ
968 581 1047 622 τῶν
1084 581 1280 634 Εὐβοέων
1326 581 1586 635 ἀγχίστροφα
1625 582 1753 622 δια-5

287 646 437 699 βούλια
467 648 541 688 καί
578 643 623 688 τὸ
653 648 725 700 τῆς
751 643 914 700 γνώμης
958 647 1212 699 παλίμβολον
1239 645 1556 699 ἑπισχήσουσαν.
1613 641 1717 686 ἆλλιὶ

289 714 335 754 τί
346 730 359 764 ,-
393 710 629 768 προφθάνει
643 727 726 764 μου
756 713 838 753 τῶν
870 710 1003 765 λόγων
1031 709 1076 752 τὸ
1107 710 1336 766 βάρβαρον,
1367 710 1438 752 καί
1463 713 1536 752 τοῦ
1565 713 1721 766 πτεροῦ

289 779 361 832 τῆς
387 775 571 832 ἱστορίας
614 777 969 831 ταχυπετέστερον
999 777 1197 831 φέρεται,
1226 774 1299 817 καὶ
1327 776 1429 817 ου’δέ
1461 790 1529 816 ποι
1559 772 1615 824 ὥς
1643 775 1718 817 α’ν-

289 844 430 892 τίξουν
456 842 659 895 ἐπέχει-αι.
695 839 721 895 ἧ
750 843 828 894 μὲν
854 840 932 896 γὰρ
967 839 1027 883 ἔτι
1052 843 1306 894 προνομεῧον
1335 838 1438 883 αὐτὸ
1471 839 1546 889 τὰς
1578 837 1721 894 Θήβας

253 910 364 950 Cum*
389 904 661 961 χειρούμενον
686 905 890 962 Ἀθήνας,
918 907 992 960 τῆς
1019 907 1059 946 δ’
1086 905 1268 958 Εὐβοίας
1296 907 1507 959 ἐπιβαῖνον
1537 906 1717 954 διέξεισι·
1739 922 1785 948 xo

290 970 337 1013 τὸ
368 973 438 1022 δέ,
469 971 524 1020 ὥς
551 969 610 1024 μὴ
641 972 880 1025 πεζαίτερον
908 965 955 1012 ὂν
982 968 1086 1012 ἀλλὰ
1120 968 1269 1025 πτηνὸν
1296 971 1367 1011 καί
1392 971 1554 1025 α’έριον,
1594 967 1722 1025 ὑπερ-

289 1036 396 1080 πτὰν
437 1035 508 1091 την
544 1034 730 1090 ἱστορίαν
762 1041 900 1090 χωρεῖ
932 1033 1033 1089 πρὸς
1064 1034 1254 1088 Ἰσθμόν,
1296 1036 1520 1090 τροποῦται
1561 1034 1605 1077 τὸ
1636 1034 1716 1090 πρὸ

287 1102 461 1154 Ἰσθμοῦ
506 1101 785 1156 προσεδρεῦον
821 1097 1076 1153 Ῥωμαϊκόν,
1130 1099 1320 1154 πρόεισιν
1360 1101 1419 1148 εἰς
1462 1098 1582 1142 πόλιν
1618 1099 1722 1155 πρὸς

282 1164 438 1223 Ἰσθμῷ
465 1167 653 1220 κειμένην
690 1164 763 1207 καί
787 1164 918 1207 πάλαι
948 1164 1123 1220 ἀφνειὸν
1150 1163 1222 1218 τὴν
1255 1163 1488 1220 Κόρινθον,
1520 1163 1723 1218 μεθίστα-

289 1247 366 1272 ται
393 1229 497 1286 πρὸς
524 1225 703 1283 ΜΑργος,
742 1228 1064 1284 περιπαπταίνει
1095 1229 1192 1278 τοὺς
1218 1227 1444 1282 Λάκωνας,
1477 1231 1519 1279 ἐς
1547 1230 1724 1283 Ἀχαΐαν
1741 1233 1787 1275 15

292 1294 412 1337 ἔνθεν
460 1293 733 1349 προσβάλλει,
774 1296 819 1335 ἐκ
861 1296 985 1336 τοῦδε
1013 1292 1086 1348 τήν
1114 1292 1327 1349 ῙΠεθιόνην
1366 1295 1613 1348 μετέρχεται
1653 1296 1727 1336 καί

292 1359 404 1417 ὁρμᾷ
430 1359 534 1414 πρὸς
551 1361 698 1402 Πύλον
719 1357 790 1414 τὴν
810 1361 993 1413 πατρίδα
1010 1361 1232 1413 Νέστορος,
1259 1357 1373 1411 οἶμαι
1398 1361 1432 1400 δ’
1461 1359 1518 1407 ὥς
1545 1359 1725 1417 Ἀλφειῷ

158 1433 280 1468 v.323
293 1423 464 1467 ἐπιστὰν
480 1423 682 1479 α’ρύσεται
697 1426 770 1466 τοῦ
791 1424 965 1480 ῥείθρου
986 1425 1056 1465 καί
1078 1422 1280 1475 λούσεται,
1309 1423 1380 1465 καὶ
1404 1423 1568 1479 μνήμην
1594 1424 1725 1478 λη’ψε·

295 1507 366 1531 ται
403 1491 584 1530 παλαιοῦ
620 1491 838 1544 χαρίεντος
867 1489 1144 1543 διηγήματος,
1174 1487 1246 1530 καί
1273 1486 1415 1541 μαθ·ὸν
1447 1487 1515 1530 τὸν
1543 1486 1726 1542 ποταμὸν

296 1556 354 1611 τῷ
380 1557 453 1608 τῆς
475 1553 731 1608 Ἀρεθούσης
755 1552 1050 1608 ὑγραινόμενον
1082 1551 1228 1607 ἔρωτι,
1258 1555 1468 1608 Σικελικῆς
1501 1556 1631 1608 πηγῆς
1656 1551 1729 1595 καί
1739 1573 1789 1599 20

255 1621 453 1668 Βπαῖδας
487 1619 655 1661 Ἰταλῶν
691 1616 961 1673 ποτιζούσης,
1001 1619 1118 1660 δέδια
1150 1617 1208 1672 μὴ
1239 1617 1311 1660 καί
1339 1618 1441 1660 αὐτὸ
1467 1621 1726 1674 τυραννῆσαν

301 1683 348 1726 τὸ
375 1682 488 1739 ὕδωρ
516 1683 671 1740 γράψει
698 1686 792 1725 καθ’
820 1683 957 1740 ὑγρῶν
973 1685 1046 1724 καί
1074 1685 1127 1724 δι’
1153 1685 1350 1740 Ἀλφειοῦ
1375 1689 1457 1733 τοῖς
1487 1687 1532 1726 ἐκ
1561 1686 1635 1725 τοῦ
1659 1685 1726 1737 γέ-

301 1765 395 1801 νους
424 1751 555 1792 ἐκεῖσε
601 1749 874 1805 διασαφήσειε
908 1747 959 1792 τὰ
990 1750 1088 1791 καθ’
1118 1748 1319 1804 Ἑλλήνων
1355 1747 1724 1805 ἅνδραγαθηματα.

394 1871 427 1916 4.
453 1869 775 1915 οἷναστιβοὲζουσαν
801 1872 858 1906 vel
881 1870 1224 1916 α’ναστοιβιίζουσαν
1238 1871 1351 1906 APW.
1423 1882 1480 1907 2¹.
1503 1870 1601 1905 δέδιε
1613 1871 1726 1906 APW.

304 1982 450 2018 Euboea
475 1992 638 2030 quoque,
666 1982 794 2017 omissa
819 1981 1046 2024 defensione,
1071 1982 1249 2028 supplices
1274 1982 1320 2015 ad
1346 1982 1584 2015 marchionem
1601 1994 1725 2017 manus

304 2029 438 2069 tendit,
462 2035 497 2062 et
517 2030 688 2063 exercitui
711 2029 843 2074 Euripo
869 2030 1094 2065 concitatiori
1116 2035 1263 2074 pontem
1290 2028 1504 2070 substernit3
1528 2030 1622 2063 etin
1648 2030 1727 2075 ipso

305 2076 397 2111 freto
423 2075 608 2110 castellum
635 2075 882 2116 aedificatum,
915 2077 954 2109 in
983 2087 1098 2120 eoque
1123 2076 1307 2108 sedentem
1331 2076 1522 2108 exercitum
1549 2075 1679 2116 cernit,
1705 2087 1726 2109 a

305 2133 377 2166 quo
403 2121 597 2155 mutabiles
624 2121 835 2155 insul-‘arium
852 2123 962 2156 animi
987 2128 1024 2155 et
1041 2122 1171 2155 callida
1196 2122 1344 2155 consilia
1364 2133 1383 2154 a
1406 2120 1606 2154 defectione
1629 2133 1729 2155 coer-

306 2173 482 2200 cerentur.
508 2166 571 2200 sed
597 2168 686 2211 quid
710 2179 823 2201 meam
859 2169 1056 2202 orationem
1078 2168 1223 2203 barbari
1248 2172 1476 2201 ant-‚evertunt
1500 2173 1536 2200 et
1557 2167 1728 2201 historiae

305 2224 445 2245 cursum
469 2219 668 2256 occupant,
694 2225 761 2246 nec
783 2214 827 2246 ab
850 2215 926 2248 ullo
962 2214 1163 2249 adversario
1203 2212 1434 2248 detinentur?
1459 2225 1540 2246 nam
1564 2212 1663 2253 haec,
1687 2220 1729 2248 ut

303 2258 440 2292 Thebis
467 2259 630 2302 spoliatis
658 2265 694 2292 et
713 2259 863 2295 Athenis
888 2262 1068 2306 occupatis
1091 2262 1129 2295 in
1154 2260 1334 2295 Euboeam
1356 2259 1583 2299 transierint,
1612 2259 1729 2293 adhuc

304 2305 434 2338 refert:
469 2305 527 2339 illi
549 2315 653 2345 vero,
681 2317 755 2338 non
795 2312 836 2340 ut
866 2307 1007 2351 pedites
1037 2307 1101 2341 sed
1126 2312 1166 2341 ut
1189 2307 1308 2341 aeriae
1330 2306 1506 2346 volucres,
1532 2306 1597 2338 alis
1622 2317 1728 2351 supra

304 2350 489 2386 historiam
518 2351 651 2391 evecti,
677 2351 722 2384 ad
749 2352 919 2387 Isthmum
944 2353 1114 2394 tendunt,
1149 2354 1349 2398 oppositum
1372 2351 1425 2384 ibi
1448 2352 1643 2384 Romanum
1667 2363 1729 2385 ex-

305 2397 453 2432 ercitum
475 2397 686 2442 profligant,
724 2398 849 2431 urbem
889 2400 927 2432 in
950 2399 1082 2434 Isthmo
1111 2399 1215 2432 sitam
1244 2397 1459 2442 locupletem
1489 2398 1573 2430 olim
1603 2398 1730 2433 Corin-

302 2443 403 2477 thum
428 2443 572 2480 intrant.
598 2442 693 2476 unde
710 2444 817 2487 Argos
843 2450 1048 2486 transeunt3
1076 2445 1266 2478 Laconiam
1290 2444 1468 2488 pervagati
1494 2444 1664 2488 impetum
1688 2445 1728 2478 in

302 2489 471 2525 Achaiam
493 2490 639 2523 faciunt.
665 2489 750 2522 inde
774 2490 982 2525 Methone-m
1006 2497 1153 2535 petunt3
1172 2490 1217 2523 ad
1241 2491 1366 2532 Pylum
1390 2491 1550 2523 Nestoris
1575 2491 1727 2535 patriam

303 2535 535 2570 contendunt.
572 2535 617 2570 ad,
644 2535 820 2579 Alpheum
859 2538 966 2570 etiam
991 2547 1192 2571 accessuros
1217 2536 1387 2576 arbitror,
1415 2547 1458 2569 ex
1481 2547 1596 2581 eoque
1621 2542 1726 2581 potos

303 2587 339 2615 et
363 2583 456 2615 lotos
484 2588 639 2617 veterem
664 2581 853 2616 iucundam
887 2583 1044 2617 fabulam
1069 2582 1274 2620 audituros,
1299 2583 1444 2615 fluvium
1469 2594 1548 2615 eum
1573 2582 1727 2616 Arethu-

302 2639 361 2663 sae
397 2629 507 2661 fontis
536 2628 670 2668 Siculi,
704 2639 808 2673 quem
840 2630 1010 2662 Italorum
1044 2629 1109 2661 filii
1142 2629 1293 2669 bibunt,
1330 2640 1447 2662 amore
1470 2629 1726 2673 liquescentem

301 2675 414 2709 vereri
440 2686 485 2707 ne
511 2685 594 2707 suae
620 2685 733 2719 aquae
761 2686 941 2708 successus
968 2676 1173 2708 Latinorum
1204 2681 1240 2708 et
1277 2687 1330 2708 res
1359 2687 1444 2721 quas
1471 2681 1592 2708 contra
1615 2675 1727 2708 Grae-

301 2732 362 2754 cos
386 2722 558 2763 gesserint
581 2722 767 2765 inscriptas
792 2721 836 2754 ad
854 2723 1042 2767 populares
1082 2733 1200 2754 eorum
1226 2723 1383 2766 perferre
1409 2727 1562 2765 cogatur.
1586 2732 1725 2762 verum,

300 2777 322 2802 o
348 2765 482 2803 Graece
510 2767 615 2804 ssuvie
642 2767 796 2816 Alphee,
831 2767 926 2805 latex
952 2780 1015 2816 per
1048 2769 1260 2814 salsuginem
1285 2779 1430 2803 manans
1454 2768 1643 2814 potabilis,
1670 2778 1726 2802 res
