1838 3210
202 195 203 198 ¹
223 177 252 211 2
265 178 289 210 2
299 178 330 211 Ο
639 167 866 212 ΝΙΕΕΤᾸΕ
905 167 1214 210 CHONIATAE

221 273 327 328 πρὸς
363 273 436 326 τὴν
467 272 611 324 κύησιν
646 270 719 310 τοῦ
751 267 901 316 παιδὸς
933 270 1003 309 καί
1021 267 1096 322 τήν
1124 264 1337 320 ὑποδοχὴν
1367 269 1443 320 τῆς
1470 267 1651 322 μητρός·

225 338 280 386 (ὃς
299 340 344 379 δὲ
370 336 611 390 κατήπειγον
631 333 673 374 αἱ
688 332 941 386 Εἰλείθυιαι,
968 333 989 374 ὃ
1011 329 1247 387 πορφύρεος
1268 332 1394 385 δόμος
1415 327 1523 385 εἶχεν
1542 331 1655 381 ἐντὸς

224 402 300 456 τὴν
327 403 530 442 ἐπίτοκον.
566 397 720 453 ἠγωνία
738 400 815 451 μὲν
844 394 918 439 οὖν
939 399 1009 439 §ni
1024 400 1075 454 τῇ
1095 398 1255 452 γαμετῇ
1272 394 1416 451 παρών
1434 397 1654 449 βασιλεύς,

225 469 296 507 καί
313 465 386 514 τὰς
406 462 558 513 ὄδόνας
579 463 796 519 ἐκούφιζεν
813 460 1099 515 ὀπτανόμενος,
1119 460 1163 503 τὸ
1184 464 1306 503 πλέον
1323 463 1368 504 δὲ
1387 463 1463 504 τοῦ
1480 462 1658 514 βλέμμα-

224 547 293 579 τος
325 531 542 583 ἐχαρίζετο
575 530 630 584 τῷ
656 530 916 584 σκεπτομένῳ
947 526 1045 576 τούς
1075 527 1252 581 ἀστέρας
1275 525 1348 567 καὶ
1378 532 1461 575 τοῖς
1478 528 1563 567 κατ’
1589 525 1696 570 oni-5

226 593 355 649 ρανὸν
375 593 643 646 διαχαίνοντι.
674 593 765 634 ἐπεὶ
785 594 830 634 δὲ
850 590 895 634 τὸ
926 593 1076 645 τεχθὲν
1103 592 1301 642 ἐξώλισθε
1329 594 1397 644 τῆς
1424 589 1575 646 νηδύος
1591 589 1665 632 καί

226 657 278 714 ἦν
323 654 449 713 ἄρσεν
489 658 559 699 καί
587 659 612 713 ἦ
639 660 762 712 τέχνη
801 658 1019 699 ἐδίδασκεν
1061 652 1199 710 ὄλβιον
1229 656 1301 698 καί
1325 658 1564 711 μοιρηγενὲς
1594 657 1667 697 καί

116 729 156 763 V.
171 727 302 779 89τῆς
327 721 519 780 πατρῴας
551 723 686 777 ἀρχῆς
716 721 933 775 διάδοχον,
964 725 1050 778 θεῷ
1080 737 1124 763 τε
1151 724 1292 777 φωναί
1319 723 1559 763 α’πεδίδοντο
1583 737 1664 774 χα-

187 788 439 845 Βριστὴριοι
468 789 540 829 καί
574 786 683 836 ἅπας
705 782 755 841 ἦν
783 788 827 829 έν
846 786 1002 841 κρότοις
1029 785 1101 827 καί
1125 793 1375 840 χαρμοναῖς.
1432 784 1665 842 ὖπεξαίρων

229 857 275 896 δὲ
306 853 384 908 την
422 855 631 907 γενέθλιον
664 854 736 893 καί
769 850 1074 907 ὅνομαστήριον
1115 853 1189 892 τοῦ
1217 849 1368 900 παιδὸς
1398 851 1579 906 ἡμέραν,
1608 850 1729 898 ὥςιο

227 919 408 962 εἴθισται
436 917 550 973 παρὰ
568 922 653 966 τοῖς
674 916 1121 970 βασιλεῦσιῬωμαίων
1147 914 1243 964 τούς
1270 917 1557 970 ἐντιμοτέρους
1586 917 1667 957 τῶν

227 986 412 1026 πολιτῶν
457 981 562 1036 μετὰ
605 980 767 1023 κλάδων
799 983 961 1022 θαλιῶν
989 982 1047 1029 εἰς
1075 978 1237 1037 τροφὴν
1266 980 1428 1034 ἐκάλει,
1458 980 1530 1021 καί
1551 979 1667 1022 Ἀλέ-

228 1053 316 1102 ξιον
336 1047 407 1091 τὸν
435 1049 566 1089 παῖδα
592 1044 826 1100 ὠνόμασεν,
865 1048 917 1087 ου’
916 1063 945 1099 χ
972 1045 1112 1095 ἅπλῶς
1142 1044 1216 1100 τὴν
1243 1046 1387 1101 κλῆσιν
1414 1043 1668 1098 α’πολεξάμε-

228 1131 321 1167 νος,
352 1114 449 1155 οὐδὲ
474 1111 548 1155 τὸν
578 1115 708 1154 παῖδα
740 1114 872 1165 τιμῶν
896 1112 953 1167 τῷ
980 1114 1056 1152 τοῦ
1092 1110 1280 1159 τεκόντος
1306 1109 1377 1153 τόν
1402 1109 1667 1165 γεγεννηκότα

230 1182 385 1222 ἐκεῖνον
427 1179 627 1231 ὀνόματι,
657 1177 763 1219 α’λλὰ
807 1177 1026 1232 προσέχων
1055 1175 1123 1218 τὸν
1148 1177 1246 1218 νοῦν
1272 1174 1536 1232 προρρὴματι
1567 1173 1670 1230 πρὸς
1686 1180 1734 1222 15

229 1243 306 1299 τὴν
342 1243 655 1297 ὖποβληθεΐσαν
693 1240 895 1297 ἐρώτησιν
935 1243 1213 1295 έξενεχθέντι,
1251 1238 1345 1296 ἥτις
1371 1236 1422 1296 ἧν
1444 1241 1487 1290 ές
1514 1236 1612 1282 ὅσον
1642 1240 1669 1293 ἦ

231 1311 308 1352 τοῦ
335 1309 539 1362 βασιλέως
563 1308 754 1358 Ἀλεξίου
783 1309 859 1348 τοῦ
891 1309 1115 1361 Κομνηνοῦ
1161 1306 1428 1362 παραταθειή
1456 1305 1596 1360 σειρά,
1624 1301 1668 1347 τὸ

198 1376 284 1416 cd&
314 1371 613 1430 προαγόρευμα
643 1369 761 1426 αἷμα,
788 1369 811 1413 ὃ
840 1374 914 1426 τῆς
942 1373 1151 1428 συλλαβῆς
1178 1370 1439 1425 διιστάμενον
1468 1368 1670 1413 καὶκατὰ

234 1443 442 1492 στοιχεῖον
472 1436 770 1492 ἀναλεγόμενον
800 1435 871 1479 διοὶ
900 1439 978 1490 μὲν
1007 1438 1080 1479 τοῦ
1107 1440 1154 1479 Α
1180 1439 1326 1493 σαφῶς
1355 1436 1570 1492 ὑπέγραφε
1601 1434 1673 1477 τὸν

232 1506 437 1555 Ἀλέξιον,
467 1502 539 1544 διά
570 1505 616 1545 δὲ
645 1504 722 1544 τοῦ
753 1506 779 1545 I
804 1500 876 1544 τὸν
894 1498 1098 1557 Ἰωάννην,
1134 1501 1205 1543 διὰ
1240 1503 1287 1543 δὲ
1312 1503 1395 1543 τῶν
1421 1502 1569 1557 ἐφεξῆς
1595 1497 1670 1541 δύο
1685 1517 1739 1543 20

231 1567 493 1624 γραμμάτων
505 1568 577 1610 τόν
591 1567 800 1622 Μανουηλ
821 1570 893 1608 καί
908 1565 980 1625 τὸν
998 1569 1041 1617 ἐξ
1058 1569 1214 1608 ἐκείνου
1231 1566 1352 1608 πάλιν
1369 1565 1673 1621 παραληψόμε-

232 1649 302 1676 νον
320 1631 393 1687 την
411 1629 560 1687 ἆρχήν.
591 1633 648 1681 ὥς
670 1629 745 1675 οὖν
769 1630 790 1673 ὅ
815 1637 911 1681 παῖς
940 1630 1015 1686 την
1033 1631 1197 1686 ἡλικίαν
1224 1634 1444 1687 προέκοπτε
1475 1628 1669 1673 καὶκατὰ

234 1699 411 1747 εὐθαλὲς
431 1697 503 1739 καί
529 1703 620 1740 πῖον
645 1695 847 1753 νεόφυτον
867 1699 925 1746 εἰς
945 1693 1074 1751 αἰῖξην
1100 1698 1331 1751 α’νέτρεχεν,
1359 1698 1497 1751 ἕτερος
1523 1696 1674 1744 σκόπός

236 1764 361 1818 α’νῆκε
388 1762 461 1805 τὸν
486 1766 686 1815 βασιλέα·
715 1762 787 1804 καί
813 1761 864 1817 δὴ
893 1761 1140 1817 μετατίθησι
1171 1761 1268 1811 τοὺς
1297 1759 1442 1816 ὅρκους
1470 1759 1574 1815 πρὸς
1602 1760 1674 1802 τὸν

235 1827 339 1883 υἱόν,
356 1827 428 1878 οὓς
446 1828 514 1871 ἐπὶ
528 1829 579 1897 τῇ
592 1831 773 1884 θυγατρί
790 1827 939 1884 Μαρία
956 1829 1028 1869 καί
1045 1829 1099 1885 τῷ
1113 1825 1313 1883 μνήστορι
1333 1826 1485 1882 ταύτης
1505 1827 1670 1884 Ἀλεξίῳ
1685 1827 1739 1868 25

336 1944 385 1967 ιι.
407 1931 496 1970 τοὺς
519 1931 794 1979 ἐντιμοτέρους]
822 1932 972 1968 θαλίαις
994 1928 1083 1968 τούς
1106 1931 1355 1967 α’στυπολίτας
1377 1929 1511 1975 ειῖαἷχει
1525 1931 1564 1964 A.
1619 1932 1670 1965 15.

329 1979 541 2025 προρρήσει
563 1979 602 2011 A.
700 1981 751 2013 16.
776 1980 1008 2023 εξενεχθείση
1030 1979 1068 2011 Α.
1179 1978 1232 2022 24.
1258 1970 1368 2024 πρὸς]
1393 1978 1446 2015 εἰς
1467 1979 1506 2010 Α.
1616 1979 1670 2012 25.

329 2026 514 2071 μνηστῆρι
532 2025 571 2058 Α.

242 2114 420 2160 gentibus,
446 2125 487 2147 ea
514 2115 552 2147 in
576 2125 734 2159 purpura
752 2114 950 2155 collocata,
976 2114 1079 2147 adest
1102 2119 1139 2147 et
1164 2114 1379 2157 imperator,
1406 2122 1543 2157 suaque
1567 2123 1671 2156 prae-

243 2162 359 2194 sentia
384 2162 572 2205 coniugem
595 2161 731 2194 solatur
754 2166 791 2193 et
814 2160 997 2201 sublevat,
1033 2161 1143 2204 magis
1166 2165 1286 2192 tamen
1310 2159 1350 2191 in
1373 2158 1494 2191 stellas
1517 2164 1554 2191 et
1578 2170 1672 2203 pun-

241 2213 339 2240 ctum
366 2206 498 2240 edendi
535 2207 629 2240 fetus
655 2208 773 2239 animo
797 2207 969 2240 intentus.
998 2212 1083 2239 nato
1109 2206 1208 2247 filio,
1235 2215 1342 2250 quem
1360 2205 1578 2238 astronomia
1605 2205 1673 2238 do-

242 2253 349 2286 cebat
373 2253 519 2286 divitem
544 2253 620 2285 fore
645 2259 754 2298 atque
777 2253 1002 2297 unigenitum
1026 2257 1062 2286 et
1087 2252 1227 2296 paterni
1252 2252 1395 2296 imperii
1419 2262 1670 2292 successorem,

243 2299 312 2333 deo
337 2301 470 2344 gratiae
502 2299 720 2343 agebantur,
746 2310 940 2344 omnesque
961 2298 1098 2332 subditi
1121 2297 1345 2342 plaudebant
1373 2303 1409 2330 et
1432 2297 1670 2331 laetabantur.

242 2347 321 2391 ipse
347 2356 431 2378 vero
456 2346 672 2390 imperator,
709 2351 749 2378 ut
768 2345 864 2378 diem
895 2345 1051 2378 natalem
1076 2344 1310 2377 celebriorem
1349 2343 1534 2384 redderet,
1576 2345 1671 2377 cives

242 2392 516 2432 honoratiores,
556 2392 610 2424 uti
630 2392 738 2424 moris
765 2397 862 2433 erat,
902 2402 1016 2424 ramos
1042 2395 1220 2435 gestantes
1251 2390 1421 2424 conviviis
1445 2390 1605 2434 excepit,
1635 2395 1673 2424 et

243 2449 395 2484 puerum
418 2438 582 2471 Alexium
625 2438 833 2471 nominavit.
873 2437 984 2482 idque
1019 2448 1092 2470 non
1127 2442 1281 2477 temere,
1315 2447 1382 2469 nec
1419 2441 1493 2469 tam
1519 2441 1560 2468 ut
1589 2447 1671 2470 eum

242 2485 370 2530 proavi
394 2485 448 2518 sui
482 2484 626 2516 nomine
662 2484 875 2524 honoraret,
911 2495 1018 2528 quam
1042 2488 1188 2527 propte:
1226 2483 1429 2523 oraculum,
1454 2493 1525 2527 quo
1552 2482 1584 2515 ei
1606 2493 1671 2527 per

246 2531 411 2576 ambages
447 2541 655 2574 responsum
698 2530 814 2563 fuerat
853 2531 982 2563 seriem
1017 2529 1233 2562 Comneniae
1266 2529 1424 2561 familiae
1464 2528 1671 2562 duraturam

244 2583 405 2619 tantum,
431 2582 519 2622 quot
544 2577 681 2609 litteras
708 2587 838 2608 nomen
863 2576 981 2617 Aima,
1005 2575 1074 2608 hoc
1098 2581 1152 2608 est
1172 2575 1337 2618 sanguis,
1362 2575 1671 2619 complecteretur.

246 2635 287 2657 ac
309 2635 373 2669 per
401 2623 429 2656 A
451 2623 614 2663 Alexius,
641 2633 704 2668 per
726 2623 742 2654 Ι
766 2622 954 2663 Iohannes,
980 2618 1043 2666 per
1063 2622 1102 2655 M
1126 2627 1163 2654 et
1185 2622 1214 2655 A
1241 2622 1387 2654 Manuel
1411 2627 1448 2654 et
1473 2621 1574 2654 filius.
1591 2620 1669 2655 eius

246 2670 337 2703 alter
361 2669 505 2706 Alexius
530 2668 627 2702 haud
666 2669 815 2702 obscure
846 2668 1146 2713 significabantur.
1189 2679 1268 2700 cum
1290 2679 1380 2712 puer
1404 2672 1521 2701 aetate
1544 2678 1671 2712 proce-

247 2715 348 2750 deret
376 2722 411 2750 et
438 2716 549 2751 instar
573 2714 746 2750 fecundae
773 2716 916 2762 plantae
945 2720 1126 2757 cresceret,
1150 2705 1248 2748 aliud
1273 2714 1460 2749 consilium
1485 2714 1580 2759 capit
1602 2713 1667 2747 im.-
