1878 3230
479 198 549 238 DE
590 194 804 238 ISAAclo
844 193 1061 236 ANGELO
1102 195 1201 235 mn.
1242 195 1316 235 111.
1476 174 1578 247 571

157 297 434 352 στρατηγούς,
462 297 540 337 κοῖκ
571 295 652 338 τῶν
680 297 891 348 ἐγχωρίων
920 295 1181 348 στρατιωτῶν
1208 290 1383 342 ὁπόσους
1404 290 1448 334 τὸ
1475 293 1589 345 γένος

158 363 400 415 αἰδεσίμους
421 363 614 416 ἐγίνωσκε
641 363 713 402 καί
742 361 998 414 περιδεξιόυς
1027 360 1086 407 εἰς
1118 357 1218 413 ἔργα
1247 361 1436 410 πολέμια.
1493 357 1588 396 οὐκ-

158 429 232 468 οῦν
260 426 334 468 καί
374 430 580 482 βραχεῖαν
620 427 663 466 ἐκ
701 424 861 466 τούτων
899 421 1033 478 ῥοπήν
1061 423 1247 478 ἐσχηκώς
1273 421 1378 478 πρὸς
1404 421 1478 478 τὴν
1506 424 1588 464 τῶν

155 494 245 533 κατ’
273 490 419 546 ἔφεσιν
446 490 725 544 ἑκπεράτωσιν
742 522 755 542 ,
799 491 872 542 τῆς
900 488 1171 543 στρατηγίδος
1200 491 1470 543 α’νθαιρεῖται
1494 501 1588 529 στο-

119 558 229 611 5λῆς
257 555 334 611 τήν
375 555 608 609 βασίλειον,
649 555 721 597 καί
761 552 860 602 τούς
886 552 1020 602 πόδας
1051 556 1112 603 εἰς
1140 551 1384 607 ἑτοιμασίαν
1412 555 1487 608 τῆς
1513 558 1722 604 tvm-vam

155 623 344 676 ραννίδος
391 621 690 676 φοινικοβαφὲς
725 618 980 675 οἷμφιὲννυσι
1015 621 1197 665 πέδιλον,
1252 617 1325 661 καὶ
1349 619 1592 674 παραδηλοῖ
1600 622 1634 656 Ρ.
1647 632 1716 668 279

152 685 371 740 γράμμασι
404 684 454 728 τὰ
488 687 550 727 ἐπ’
579 685 697 741 αὐτῷ
736 686 1003 738 τετελεσμένα
1032 685 1091 741 τῷ
1118 686 1191 739 τῆς
1219 684 1407 740 ἀδελφῆς
1434 685 1588 739 γαμέτῃ

152 753 212 807 τῷ
231 751 398 808 μεγάλῳ
425 752 653 806 δομεστίκῳ
679 751 750 804 τῆς
777 747 936 799 δύσεως
962 751 1173 808 Βασιλείῳ
1206 751 1262 807 τῷ
1289 750 1498 805 Βατάιζῃ.
1523 747 1590 790 τὸν

154 818 201 859 δὲ
227 816 277 858 οὗ
304 814 433 869 μόνον
473 811 550 856 οὖκ
592 815 714 868 ἔσχεν
742 815 991 857 ἐπαινοῦντα
1021 814 1074 856 τὰ
1100 815 1382 869 τετολμημένα
1407 811 1438 868 ἢ
1460 829 1590 869 προσ·

92 901 140 926 10
153 879 309 935 σχόντα
345 877 406 930 οἷς
446 880 616 936 ἔπραττε
643 881 862 933 νηπιωδῶς
896 879 968 921 καί
984 875 1044 928 οἷς
1066 877 1254 922 ἔστελλεν
1280 879 1503 931 αὐθαδῶς,
1530 880 1591 928 εἰς

148 945 499 1000 Ἀδριανούπολιν
517 944 611 987 τότε
643 946 839 998 διάγοντα
857 977 868 997 ,
903 943 1010 985 α’λλὰ
1038 947 1109 986 καί
1134 946 1294 997 μᾶλλον
1319 944 1393 1000 τήν
1415 941 1589 997 ἄκαιρον

150 1011 266 1064 ὁμοῦ
289 1010 362 1052 καί
389 1006 536 1064 ἄλογον
562 1009 719 1052 ἐκείνου
760 1008 1002 1065 φιλοτιμίαν
1029 1010 1410 1063 καταμωκώμενον,
1438 1010 1510 1051 καί
1532 1007 1588 1058 ὥς

151 1073 251 1119 ὅσον
291 1076 455 1118 ου’δὲπω
499 1073 781 1129 ἀπολούμενον
810 1074 943 1122 αὐτὸν
980 1074 1264 1130 ὀδυρόμενον·
1320 1074 1345 1116 ὃ
1374 1077 1446 1116 καί
1471 1074 1587 1129 παρὰ

150 1141 283 1191 πόδας
309 1141 653 1196 ἐπηκολούθησεν.
681 1136 790 1196 ἄρας
822 1139 905 1195 γάρ
939 1141 984 1182 ἐκ
1010 1142 1081 1195 τῆς
1112 1142 1324 1183 Φιλίππου
1354 1139 1425 1181 ἐπὶ
1449 1141 1589 1194 σκοπῷ

91 1215 138 1255 15
150 1208 227 1249 τοῦ
252 1209 343 1249 κατ’
366 1207 710 1262 Ἀδριανοὺπολιν
739 1207 936 1260 γενέσθαι
974 1207 1048 1252 καί
1071 1204 1131 1259 μὴ
1157 1202 1306 1247 ἑκόντα
1339 1204 1587 1261 παραλήψε-

149 1275 255 1314 σθαι
273 1271 344 1314 τὸν
364 1273 511 1314 οἰκεῖον
536 1271 726 1326 γαμβρὸν
749 1270 819 1314 τὸν
834 1269 1051 1326 Βατάτζην
1075 1271 1340 1327 συλλήπτορα
1365 1273 1441 1312 τοῦ
1462 1268 1586 1324 ἔργου

148 1338 222 1378 καί
231 1331 615 1379 συνεπευδοκοῦντα
637 1342 720 1386 τοῖς
743 1338 1018 1390 τελουμένοις,
1040 1337 1212 1391 φθάσας
1240 1338 1338 1391 περὶ
1349 1334 1393 1378 τὸ
1415 1335 1584 1390 λεγόμε-
1598 1343 1623 1374 Β

145 1417 216 1444 νον
228 1402 482 1454 Νεούτζικον
498 1403 641 1458 (τόπος
659 1404 708 1445 δέ
725 1403 838 1444 ἑστιν
866 1395 988 1450 οὗτος
1006 1401 1254 1456 διοριστικὸς
1269 1402 1353 1443 τνῶν
1370 1402 1586 1454 ἐπαρχιῶν

148 1468 407 1523 ἀμφοτέρων,
423 1469 496 1523 τῆς
516 1464 743 1522 Ἀδριανοῦ
768 1466 882 1522 φημὶ
895 1466 968 1509 καί
983 1468 1055 1521 τῆς
1077 1468 1309 1523 Φιλίππου)
1339 1465 1583 1518 συλλαμβά-

84 1552 136 1579 20
148 1548 260 1574 νεται
290 1536 361 1574 καί
387 1534 739 1588 καταπροδίδοται
768 1536 936 1585 βασιλεῖ
954 1538 1052 1588 παρ’
1079 1533 1221 1574 αὐτῶν
1242 1533 1408 1574 ἐκείνων
1427 1536 1507 1574 τῶν
1527 1533 1586 1580 εἰς

146 1594 407 1640 ἀποστασίαν
423 1598 710 1648 ὗπονυξάντων
726 1601 797 1640 καί
814 1598 1180 1653 ἀναγορευσάντων
1196 1597 1322 1639 αὐτὸν
1337 1593 1581 1652 αὐτοκράτο-

146 1679 216 1718 ρα.
231 1662 270 1704 οἱ
286 1665 326 1705 δ’
342 1664 461 1705 αὐτοὶ
480 1666 552 1705 καί
571 1663 643 1705 τὸν
665 1664 770 1719 ὑπὲρ
795 1659 956 1704 ἑαυτῶν
984 1663 1187 1717 α’πόλογον
1214 1664 1283 1718 ἐφ’
1306 1659 1368 1711 οἷς
1398 1661 1583 1715 ἔδρασαν

149 1727 253 1784 πρὸς
290 1727 335 1770 τό
373 1723 582 1783 εἷῖσχημον
615 1728 967 1784 μεθαρμόζοντες,
1007 1726 1306 1783 διεμηνύσαντο
1347 1731 1517 1781 βασιλεῖ
1539 1727 1583 1768 τὸ

239 1858 270 1890 5.
294 1857 356 1899 τῆς
381 1868 437 1889 om
461 1857 500 1889 A.
617 1869 648 1901 9.
672 1854 707 1903 ἢ]
738 1858 854 1889 ταῦτα
879 1855 898 1898 ἢ
922 1858 960 1890 Α.
1062 1868 1111 1890 ¹1.
1136 1855 1195 1889 ἄκ.
1220 1855 1337 1889 αὐτοῦ
1368 1856 1432 1888 καὶ
1457 1854 1512 1887 ἄλ.
1539 1868 1580 1900 φ.

241 1903 278 1935 A.
399 1914 449 1947 17.
479 1901 783 1937 συνευδοκοῦντα
810 1904 848 1936 Α.
970 1904 1032 1937 καὶ
1059 1905 1130 1950 φθ.
1154 1903 1192 1935 Α.
1270 1903 1325 1935 23.
1353 1902 1518 1948 εὔσημον
1541 1903 1580 1934 Λ.

147 2014 184 2042 et
201 2010 318 2054 parvis
339 2009 412 2042 illis
438 2009 730 2042 dimicationibus
755 2009 801 2042 ob
826 2010 955 2042 aetatis
974 2010 1158 2042 levitatem
1184 2014 1220 2042 et
1243 2009 1482 2042 temeritatem
1507 2009 1581 2041 ela-

146 2061 223 2096 tus,
251 2056 360 2088 duces
387 2061 424 2089 et
448 2057 582 2089 milites
607 2056 805 2089 nobiliores
831 2061 868 2089 et
893 2056 943 2088 rei
969 2055 1123 2089 bellicae
1146 2056 1337 2101 peritiores
1361 2055 1431 2088 sibi
1461 2056 1582 2087 conci-

146 2102 236 2134 liare
260 2102 421 2135 instituit
453 2113 543 2147 quos
567 2114 645 2135 cum
673 2102 770 2134 dicto
805 2102 994 2135 audientes
1021 2108 1058 2135 et
1082 2102 1127 2135 ad
1153 2102 1347 2135 iuvandum
1374 2102 1582 2134 institutum

146 2159 248 2180 suum
275 2154 418 2192 paratos
441 2149 654 2188 invenisset,
684 2159 748 2192 pro
774 2148 874 2181 ducis
898 2148 1027 2181 habitu
1051 2149 1316 2193 imperatoriam
1332 2148 1451 2188 sumit,
1476 2153 1514 2180 et
1536 2148 1582 2180 ad

145 2194 343 2237 tyrannidis
365 2195 636 2240 occupationem
656 2194 906 2227 declarandam
919 2206 1136 2239 purpureum
1155 2195 1311 2228 calceum
1330 2194 1468 2235 induit3
1482 2205 1583 2227 soro-

146 2241 267 2284 risque
279 2241 446 2274 maritum
460 2253 625 2285 magnum
645 2240 880 2274 domesticum
892 2240 1120 2280 Occidentis,
1146 2242 1315 2274 Basilium
1333 2243 1523 2281 Batatzem,
1541 2247 1582 2274 ut

145 2298 266 2319 secum
297 2293 415 2320 actum
453 2288 520 2328 sit,
554 2298 619 2332 per
659 2287 798 2321 litteras
830 2288 1018 2320 certiorem
1052 2288 1148 2320 facit.
1173 2289 1202 2320 is
1235 2299 1318 2321 vero
1346 2287 1583 2331 Adrianopoli

145 2337 223 2364 tum
247 2332 377 2377 degens
402 2345 475 2366 non
512 2333 617 2366 modo
653 2334 791 2366 facinus
821 2334 896 2367 eius
930 2345 1003 2366 non
1040 2333 1244 2379 probabat,
1280 2345 1346 2368 nec
1379 2334 1583 2378 puerilibus

147 2378 224 2411 eius
242 2381 330 2412 actis
357 2385 394 2412 et
409 2381 648 2413 insolentibus
673 2380 804 2413 litteris
830 2381 1022 2425 quicquam
1051 2380 1273 2421 movebatur,
1306 2380 1369 2413 sed
1389 2380 1496 2412 etiam
1516 2380 1584 2412 im-

145 2429 338 2468 portunam
351 2427 426 2472 eius
441 2426 673 2460 ambitionem
691 2426 880 2459 deridebat
892 2432 928 2459 et
942 2432 982 2459 ut
995 2428 1137 2459 iamiam
1151 2428 1345 2471 perituram
1357 2426 1582 2470 deplorabat.

149 2470 260 2514 idque
295 2482 315 2503 e
339 2473 488 2517 vestigio
525 2479 580 2505 est
605 2478 844 2506 consecutum.
875 2484 957 2505 nam
984 2484 1063 2506 cum
1093 2484 1135 2506 eo
1160 2474 1311 2506 consilio
1338 2472 1582 2517 Philippopoli

150 2516 382 2558 discessisset,
406 2525 447 2551 ut
463 2519 731 2564 Adrianopolim
749 2515 929 2563 profectus
957 2519 1131 2552 sororium
1145 2520 1323 2552 Batatzem
1347 2519 1404 2552 vel
1429 2519 1582 2551 invitum

148 2563 188 2594 in
211 2567 330 2606 partes
356 2575 436 2597 suas
459 2565 693 2609 pertraheret,
703 2565 765 2598 ubi
792 2566 837 2597 ad
848 2566 1021 2598 Neuzium
1046 2566 1211 2610 pervenit
1233 2567 1349 2610 (locus
1379 2566 1407 2598 is
1430 2570 1494 2604 est,
1518 2563 1582 2606 qui

148 2608 513 2653 Pliilippopolitanam
535 2617 570 2645 et
582 2612 937 2656 Adrianopolitanam
963 2613 1184 2657 provinciam
1220 2612 1460 2652 disterminat)
1486 2620 1582 2640 com-

149 2654 408 2699 prehenditur,
434 2661 470 2688 et
495 2658 702 2702 imperatori
728 2658 773 2690 ab
802 2659 845 2691 iis
872 2659 958 2702 ipsis
982 2658 1172 2703 proditur,
1208 2670 1227 2691 a
1253 2659 1385 2703 quibus
1411 2656 1455 2688 ad
1481 2655 1583 2687 ‹lere-

151 2701 306 2733 ctionem
334 2701 507 2746 impulsus
532 2709 568 2736 et
591 2705 784 2749 imperator
810 2705 984 2737 salutatus
1009 2705 1136 2738 fuerat·
1162 2706 1225 2749 qui
1249 2709 1291 2736 nt
1313 2714 1416 2737 suum
1442 2702 1581 2735 facinus

149 2746 302 2783 honesta
345 2749 463 2794 specie
496 2749 680 2790 velarent,
722 2750 766 2783 ad
800 2752 1053 2795 imperatorem
1094 2751 1312 2796 scripserunt
1343 2760 1382 2782 se
1411 2758 1484 2782 non
1509 2748 1581 2781 alio
