1878 3230
326 161 436 234 898

703 173 1101 239 CHRONOLQGIA
1140 171 1379 214 NICETAE.

353 345 434 377 1177

354 607 437 650 1178

351 979 437 1012 1179

350 1110 434 1142 1180

352 1333 431 1364 1181

351 1794 434 1825 1182

353 2201 435 2232 1183

531 327 638 359 Bellis
662 327 758 359 vario
778 330 914 364 ‚eventu
929 323 1112 362 confectis,
1137 321 1326 365 disciplina

484 374 629 418 politica
649 378 684 404 et
699 372 893 404 domestica
910 369 1072 414 pluribus
1096 368 1211 400 modis
1226 378 1328 398 ener-

483 426 583 460 vata,
609 419 755 452 Manuel
783 418 892 450 illotis
921 415 1084 448 manibus
1112 414 1325 456 theologiam

482 472 619 505 tractat,
639 464 682 497 de
701 463 898 509 praecipuis
911 462 995 495 fidei
1009 461 1229 493 Christianae
1244 459 1328 491 arti-

483 513 570 545 culis
586 511 770 545 temerarie
792 509 977 542 definiens.
996 508 1068 540 135.
1085 508 1156 539 136.
1175 507 1248 551 137.
1260 510 1325 538 etc.

528 602 620 633 Dum
644 600 780 633 curiose
805 609 907 643 agere
931 597 1047 641 pergit
1071 602 1107 630 et
1132 597 1223 629 circa
1250 596 1327 628 Ma-

483 647 635 680 humetis
661 645 898 690 blasphemias
923 644 1075 684 insanit,
1110 655 1198 687 quas
1219 643 1324 674 etiam
1369 650 1519 683 Μω-ῃη

483 693 598 726 edicto
624 693 825 732 confirmat,
863 692 902 723 in
924 689 1083 722 morbum
1110 689 1259 728 incidit,
1292 695 1327 721 et

482 740 525 771 ab
539 740 737 783 Astrologia
762 737 986 770 dementatus
1011 741 1182 780 quantum
1209 740 1327 779 potest

482 786 697 825 reluctatur,
730 784 875 817 tandem
897 782 1037 815 cuculla
1073 781 1219 814 indutus
1252 782 1326 814 vita

483 831 643 872 excedit,
682 842 776 863 anno
802 831 845 863 38
871 827 1012 873 imperii
1038 828 1196 861 nondum
1219 828 1326 872 plane

483 878 659 911 absoluto.
690 877 762 920 142.
796 876 868 919 143.
900 874 974 917 144.

528 966 600 999 Sub
626 947 752 998 Aleizio
785 975 896 1009 puero
931 963 1058 997 turbae
1097 962 1264 1007 publicae
1291 966 1327 993 et

483 1018 627 1045 cruenta
651 1011 781 1044 seditio
807 1011 920 1055 Cpoli.
953 1010 1026 1052 146.
1055 1009 1127 1052 147.
1151 1014 1215 1041 etc.

527 1101 749 1134 Andronicus
786 1101 984 1133 Comnenus
1022 1099 1208 1143 imperium
1241 1099 1326 1129 affe-

483 1153 565 1188 ctat,
592 1154 629 1180 et
651 1147 837 1182 horrendis
867 1146 960 1178 dolis
986 1145 1024 1177 in
1050 1145 1191 1176 nobiles
1219 1155 1326 1188 quos-

483 1205 551 1238 que
578 1200 770 1237 grassatur3
795 1194 1004 1237 praecipuos
1024 1191 1155 1224 aulicos
1181 1191 1273 1223 ferro
1292 1196 1328 1222 et

483 1251 617 1273 veneno
645 1240 824 1272 interficit.
854 1239 927 1271 158.
956 1238 1028 1279 159.
1056 1243 1121 1270 etc.

526 1330 708 1362 Persarum
730 1330 767 1361 in
791 1328 940 1361 Oriente
975 1328 1222 1371 grassationes.
1269 1326 1326 1357 Io-

482 1375 614 1408 hannes
640 1375 840 1407 comnenus
866 1386 961 1406 arma
984 1379 1102 1407 movet
1127 1374 1164 1404 in
1188 1371 1325 1404 Andro-

482 1423 621 1462 nicum,
646 1422 708 1465 qui
732 1421 876 1453 nefariis
904 1419 1044 1452 artibus
1065 1419 1325 1463 imperatricem

482 1468 596 1499 Alexii
632 1467 804 1499 Conmeni
831 1472 978 1498 matrem
1026 1465 1179 1497 interfici
1215 1470 1325 1496 curat.

482 1514 677 1546 aulicorum
702 1513 842 1556 ignavia
878 1518 914 1544 et
937 1523 1071 1544 summa
1096 1510 1326 1554 improbitate

483 1560 621 1604 imperii
641 1559 816 1603 particeps
845 1558 1029 1598 salutatur,
1054 1557 1185 1590 deinde
1209 1556 1328 1599 legiti-

483 1617 538 1638 mo
584 1605 739 1650 principi
783 1604 908 1636 Alexio
955 1605 1171 1648 praefertur,
1221 1613 1326 1647 quein

482 1651 588 1695 paulo
602 1651 844 1696 postimperio
873 1656 910 1683 et
931 1651 1004 1683 vita
1028 1649 1222 1683 crudeliter
1246 1660 1328 1694 spo—

483 1699 557 1731 liat.
588 1699 660 1740 169.
696 1708 771 1740 17ο.
799 1709 873 1740 171.
899 1701 963 1729 etc.

526 1789 747 1823 Andronicus
774 1787 930 1820 libidine
963 1792 999 1819 et
1028 1787 1147 1819 furore
1173 1786 1328 1830 percitus

483 1836 519 1868 in
543 1836 754 1868 Nicaeenses
786 1840 823 1866 et
850 1834 1060 1865 Prusaenses
1085 1834 1206 1865 saevit.
1232 1833 1326 1864 lsaa-

483 1882 556 1914 cius
583 1882 782 1913 comnenus
812 1880 963 1924 Cyprum
985 1883 1152 1923 'occupat
1189 1885 1328 1922 tragoe-

483 1928 563 1960 diae
589 1927 806 1959 domesticae
829 1926 1033 1958 Andronici.
1083 1925 1193 1957 Siculi
1221 1935 1324 1968 expe—

483 1974 656 2006 ditionem
684 1977 810 2017 parant
831 1973 869 2004 in
900 1972 1063 2004 Graecos.
1112 1970 1328 2016 Tripsychus

484 2020 680 2063 tyrannidis
726 2018 920 2051 Andronici
966 2017 1128 2050 minister
1175 2016 1327 2050 volubili

484 2066 638 2110 quadam
677 2077 792 2098 rerum
822 2064 1070 2098 vicissitudine
1102 2074 1242 2096 eversus
1268 2073 1328 2095 ex-

484 2118 658 2145 caecatur.
692 2113 765 2155 178.
796 2121 868 2155 179.
901 2112 975 2143 180.
1000 2115 1067 2142 etc.

529 2200 641 2232 Siculi
676 2200 931 2233 Thessalonica
971 2206 1073 2245 capta
1109 2206 1146 2233 et
1189 2200 1326 2244 direpta

485 2246 624 2289 Cpolim
650 2251 788 2288 petunt.
835 2246 1055 2279 Andronicus
1092 2258 1217 2290 parum
1247 2246 1329 2278 feli-

485 2292 573 2324 citer
606 2292 748 2323 resistit.
783 2291 942 2324 eiusdem
975 2293 1012 2324 in
1044 2298 1214 2336 apparatu
1242 2292 1329 2324 belli

483 2337 697 2380 multiplicia
710 2343 822 2370 errata
838 2343 874 2370 et
887 2349 998 2370 novae
1014 2338 1230 2381 tragoediae,
1241 2348 1330 2382 qua-

485 2394 561 2416 rum
585 2383 754 2426 primaria
776 2384 911 2426 magiae
937 2383 1104 2417 studium.
1133 2383 1328 2427 tyrannidis

484 2429 640 2462 satellite
668 2428 824 2473 quodam
852 2429 1053 2468 interfecto,
1070 2431 1222 2473 populus
1236 2429 1328 2472 Cpo-

486 2476 616 2508 titanus
631 2475 668 2506 in
679 2473 917 2506 Andronicum
931 2475 1079 2518 insurgit
1097 2481 1133 2507 et
1159 2474 1325 2507 Isaacium

484 2521 658 2565 Angelum
683 2521 933 2565 imperatorem
958 2520 1128 2563 designat.
1169 2532 1211 2552 ex
1246 2521 1326 2563 fuga

484 2567 705 2600 Andronicus
734 2571 903 2599 retractus
919 2592 928 2606 ‚
968 2577 988 2597 a
1012 2567 1118 2610 plebe
1142 2566 1327 2599 miserabi-

487 2614 567 2646 liter
592 2613 787 2656 exagitatus
810 2612 1037 2645 atrocissimis
1061 2613 1246 2656 suppliciis
1273 2613 1327 2644 in-

488 2660 676 2700 terficitur,
702 2664 889 2703 postquam
920 2669 983 2702 per
1007 2657 1189 2691 biennium
1215 2659 1327 2703 impe-

489 2711 607 2738 rasset.
633 2706 710 2737 203.
737 2704 813 2746 204.
841 2705 917 2739 205.
944 2709 1010 2736 etc.

1426 320 1466 363 37

1427 604 1471 636 38

1364 696 1522 728 moritur.

1359 967 1419 1000 AL.
1435 967 1528 999 MAN.

1358 1013 1430 1047 Fu..
1485 1024 1495 1046 1

1449 1119 1468 1141 2

1438 1329 1458 1360 3

1361 1396 1508 1428 Amzxius

1360 1442 1530 1475 interfici-

1362 1493 1431 1520 tur.

1358 1795 1532 1826 Armaoui-

1362 1851 1420 1872 cus
1459 1839 1527 1872 Co-

1358 1897 1503 1930 nunnus.

1445 1959 1456 1981 1

1439 2220 1460 2241 2

1359 2273 1532 2305 Anmmm-

1360 2329 1418 2350 cus
1430 2319 1534 2350 inter-

1358 2364 1485 2396 ficitur.
