1878 3230
293 126 402 201 784
718 143 946 184 NicETAE
987 141 1297 184 cuomATAE

289 242 506 293 θειότατε,
546 239 698 294 ου’ρανὲ
738 240 914 292 ἐπίγειε,
953 237 1079 293 θρόνε
1125 237 1244 294 δόξης
1285 238 1419 294 θεοῦ,
1458 241 1717 296 Χερουβικόν

292 301 432 361 ὄχημα
449 336 462 357 ,
496 305 711 358 στερέωμα
741 303 957 359 δεύτερον,
990 306 1194 357 ἀ’γγέλλον
1220 302 1295 358 τὴν
1323 306 1406 347 τῶν
1429 309 1582 360 χειρῶν
1612 309 1718 348 θεοῦ

289 372 474 424 ποίησιν,
514 370 658 421 θέαμα
693 371 764 410 καί
806 369 925 422 ἔργον
963 365 1153 410 ἒναδικὸν
1192 368 1263 410 καί
1298 364 1464 423 εῦριζον
1492 369 1620 425 πάσης
1646 372 1718 426 τῆς

287 436 363 489 γῆς
392 435 654 488 οἷγαλλίαμας
695 435 767 475 καί
798 434 860 482 τίς
885 433 908 474 ὅ
951 431 1295 487 ἐπαγγελλόμενος
1321 435 1360 475 εἰ
1384 435 1442 488 μὴ
1472 434 1597 487 μόνος
1626 436 1647 476 ὅ
1674 439 1718 478 ἐν

288 495 348 548 οἷς
373 494 553 541 πέπονθε
583 498 825 554 πειρασθείς
854 504 941 549 τοῖς
968 500 1281 554 πειραζομένοις
1310 503 1478 554 βοηθεῖν
1499 498 1755 553 §niardus-5

287 580 380 616 νος,
410 564 481 605 καί
513 561 716 619 ῥυόμενος
752 563 920 618 πτωχόν
947 565 993 605 ἐκ
1015 562 1159 618 χειρός
1186 566 1463 619 στερροτέρων
1493 565 1624 606 αὐτοῦ
1651 564 1724 606 καί

288 629 453 682 πτωχὸν
480 631 553 670 καί
578 631 730 684 πένητα
759 628 837 670 ἀπὸ
867 631 947 670 τῶν
986 627 1298 682 διαρπαζόντων
1325 626 1473 682 αὗτόν,
1500 630 1572 671 καί
1594 633 1722 672 ποιῶν

290 693 424 736 πάντα
451 694 524 736 καί
540 694 862 747 μετασκευάζων
890 693 959 735 del
985 693 1090 749 πρὸς
1115 693 1161 736 τὸ
1192 696 1396 747 βέλτιον,·”

249 774 281 808 D
403 761 443 803 5.
507 762 635 802 Ταῦτ’
665 761 708 810 ἐξ
732 758 992 814 ὑπεράντλου
1013 766 1102 808 ταῖς
1122 759 1331 814 α’χθηδόσι
1351 762 1493 815 ’ψυχῆς
1522 758 1724 802 κενώσαν-

291 842 358 876 τες
386 822 658 881 πορευόμενοι
687 822 1004 880 ἐπορευόμεθα,
1041 827 1248 874 κλαίοντες
1275 825 1346 865 καί
1373 825 1595 878 βάλλοντες
1626 824 1724 874 τοὺς
1742 841 1788 868 ιο

287 889 468 948 θρήνους
495 890 552 939 ὥς
579 893 811 945 σπέρματα.
868 891 908 931 εἰ
933 891 980 931 δὲ
1007 891 1078 931 καί
1104 888 1322 943 ἐρχόμενοι
1348 887 1509 944 ἥξομεν,
1539 889 1724 944 αἴροντες

288 960 332 1000 ἐν
360 952 607 1011 ἆγαλλιάσει
634 954 685 997 τὰ
713 956 787 1009 τῆς
818 955 1063 1010 δεξιωτέρας
1094 952 1353 1003 ἀλλοιώσεως
1379 952 1612 1009 δράγματα,
1643 957 1726 997 δαῖ-

291 1037 364 1077 ρον
408 1023 532 1062 τοῦτο
568 1022 672 1062 θεοῦ
709 1022 785 1062 τοῦ
831 1021 1170 1074 παρακαλοῦντος
1205 1018 1302 1069 τούς
1348 1016 1627 1074 ὀλιγοψύχους
1656 1019 1728 1062 καὶ

290 1089 497 1143 σωτηρίου
525 1086 809 1141 περιτιθέντος
836 1082 1003 1138 ἱμάτιον
1033 1084 1107 1126 καί
1129 1086 1290 1139 χιτῶνα
1318 1086 1581 1141 εῦφροσύνης
1607 1084 1726 1128 ἐνδύ-

291 1168 415 1202 οντος.
473 1153 628 1208 προῆγε
672 1153 716 1193 δὲ
746 1150 867 1206 ἡμῶν
896 1149 916 1190 ὃ
952 1149 1230 1202 οἰκουμενικὸς
1257 1150 1533 1206 ἀρχιποίμην,
1557 1149 1616 1206 μή
1645 1149 1791 1206 avj-1¹5

293 1235 372 1274 ραν
404 1220 566 1274 φέρων,
593 1214 652 1271 μὴ
673 1215 834 1271 χρυσὸν
863 1214 933 1257 ἐπὶ
957 1213 1032 1270 τὴν
1060 1213 1206 1271 ὀσφύν,
1235 1211 1419 1270 ἇραβὸος
1445 1218 1518 1258 καί
1542 1215 1728 1259 οἷσάνδα-

292 1288 362 1333 λος
390 1285 462 1325 καί
500 1282 696 1336 χιτώνιον
722 1283 766 1323 ἓν
804 1279 1110 1336 περικειζιιενος,
1140 1279 1305 1335 ἐντελὴς
1333 1280 1595 1334 εῦαγγελικὸς
1624 1280 1731 1323 α’πό-

293 1353 435 1398 στολος
451 1382 464 1402 ,
486 1345 515 1403 ἢ
544 1349 703 1401 μᾶλλον
730 1348 804 1388 τοῦ
829 1347 1020 1400 Χριστοῦ
1053 1344 1290 1398 α’ντίμιμος,
1322 1348 1417 1387 καθ’
1449 1342 1544 1388 ὅσον
1575 1348 1730 1404 ὀναρίῳ

295 1414 488 1471 πτωχικῷ
537 1411 818 1464 ἐποχούμενος
858 1412 1084 1463 μεθίστατο
1113 1412 1186 1464 τῆς
1208 1412 1304 1459 νέας
1330 1409 1461 1463 Σιών,
1491 1413 1543 1452 ου’
1568 1410 1641 1452 τὸν
1669 1413 1733 1453 ἐπ’

296 1479 426 1533 αὐτῆς
454 1478 669 1530 ἐσχεδίαζε
700 1478 922 1531 θρίαμβον.
977 1473 1072 1516 τότε
1101 1477 1141 1515 δ’
1169 1471 1244 1517 οὖν
1271 1473 1402 1530 πέρας
1425 1479 1499 1531 τῆς
1526 1475 1631 1518 ὃὸοῦ
1657 1477 1733 1531 τήν
1745 1493 1797 1520 20

165 1560 284 1598 2332
298 1545 538 1599 Σηλυβρίαν
565 1542 685 1596 ἡμεῖς
712 1541 884 1601 θέμενοι
912 1542 991 1581 τοῦ
1018 1541 1166 1580 λοιποῦ
1183 1542 1258 1581 τοῦ
1284 1540 1438 1582 πλάνου
1468 1540 1734 1595 πεπαύμεθα,

298 1603 539 1664 ἀνύβριστοι
570 1607 746 1659 πανοικί,
772 1604 819 1647 τό
847 1606 955 1659 μέγα
984 1606 1061 1646 τοῦ
1089 1607 1194 1646 θεοῦ
1220 1604 1316 1661 περὶ
1334 1605 1444 1661 ἡμᾶς
1477 1609 1735 1663 φιλοτίμημα

395 1745 426 1778 3.
454 1738 620 1787 εὕριζον]
649 1736 847 1783 εὕρροιζον
869 1738 906 1770 B.
1007 1739 1057 1781 14.
1083 1737 1350 1782 ὕπερτιθέντος
1372 1739 1409 1771 B.
1483 1741 1533 1774 15.
1557 1738 1738 1784 α’ρχιποί-

393 1787 481 1835 μην]
509 1786 746 1831 πατριάρχης
768 1782 820 1831 μὴ
845 1783 999 1820 δισάκιν
1027 1784 1123 1830 ἔχων
1147 1785 1185 1816 Β.
1319 1786 1366 1818 16.
1392 1784 1533 1835 ὀσφύν]
1559 1786 1676 1830 ζώνην
1699 1787 1736 1820 Β.

392 1831 622 1881 ἇσάνδαλος]
656 1831 883 1872 ἐξυπόλυτος
909 1830 946 1863 Β.
1077 1842 1134 1868 21.
1161 1832 1390 1879 σηλυμβρίαν
1413 1832 1450 1864 Β.

304 1965 392 1998 lium
417 1962 551 2007 gloriae
578 1960 658 2002 dei,
684 1959 884 1993 Cherubice
912 1970 1033 1993 currus
1049 1985 1058 2000 ‚
1083 1959 1342 1992 firmamentum
1370 1960 1543 2002 alterum,
1569 1962 1739 1996 fabricam

304 2021 475 2044 manuum
499 2008 558 2041 dei
584 2007 818 2046 annuntians,
843 2007 1086 2051 spectaculum
1106 2011 1143 2039 et
1167 2017 1255 2050 opus
1281 2007 1471 2050 singulare,
1497 2008 1635 2041 firmum
1657 2010 1740 2042 uni-

306 2067 429 2090 versae
454 2061 569 2088 terrae
597 2053 727 2086 decus?
753 2059 790 2086 et
814 2054 894 2097 quis
936 2059 990 2086 est
1017 2053 1079 2097 qui
1104 2052 1317 2097 pollicetur,
1345 2053 1415 2086 nisi
1441 2054 1471 2086 is
1497 2054 1592 2087 solus
1617 2055 1678 2099 qui
1702 2056 1741 2088 in

307 2108 434 2147 suopte
472 2101 649 2146 supplicio
677 2104 856 2140 tentatus,
895 2099 939 2132 iis
963 2100 1026 2144 qui
1049 2104 1245 2139 tentantur,
1271 2110 1474 2132 succurrere
1503 2099 1655 2134 didicit?
1678 2101 1741 2146 qui

308 2150 453 2192 inopem
471 2159 514 2180 ex
529 2158 635 2179 manu
658 2146 848 2179 fortiorum
875 2151 912 2178 et
935 2156 1128 2190 pauperem
1147 2151 1184 2178 et
1206 2145 1408 2184 mendicum
1427 2158 1446 2178 a
1468 2146 1741 2191 praedatoribus

310 2195 418 2239 eripit
433 2219 441 2234 ,
468 2194 531 2237 qui
557 2193 676 2225 onmia
701 2193 788 2225 facit
813 2202 855 2224 ae
882 2191 1036 2224 subinde
1059 2197 1252 2225 commutat
1273 2192 1472 2237 in'melius.

403 2243 434 2274 5.
458 2240 562 2284 Quae
587 2250 666 2271 cum
692 2250 735 2271 ex
759 2239 877 2270 animo
903 2238 1088 2271 doloribus
1113 2237 1337 2271 redundante
1361 2238 1624 2281 effudissemus,
1656 2251 1742 2274 con-

309 2288 469 2321 tinenter
495 2286 632 2318 ibamus
656 2284 837 2329 plorantes
864 2289 901 2316 et
926 2284 1089 2317 lacrimas
1116 2290 1287 2329 tanquam
1311 2284 1447 2317 semina
1471 2292 1688 2330 spargentes.
1713 2288 1742 2320 si

309 2345 393 2368 vero
418 2331 569 2365 redituri
594 2342 713 2364 sumus
738 2330 973 2375 prosperioris
997 2331 1208 2364 mutationis
1232 2330 1436 2374 manipulos
1460 2333 1657 2374 collecturi,
1683 2333 1747 2366 dei*

310 2391 439 2414 munus
464 2378 503 2410 id
526 2377 613 2418 erit,
639 2377 702 2421 qui
726 2377 973 2420 pusillanimes
1004 2377 1212 2417 confirmat,
1239 2376 1302 2421 qui
1328 2387 1387 2409 eos
1413 2378 1540 2412 salutis
1563 2385 1663 2413 veste
1687 2380 1745 2413 in-

312 2427 393 2460 duit
418 2430 454 2458 et
477 2424 599 2458 tunica
624 2423 786 2456 laetitiae
819 2423 950 2455 amicit.
976 2423 1214 2456 antecedebat
1246 2427 1366 2455 autem
1390 2435 1456 2457 nos
1483 2424 1742 2459 Oecumenicus

313 2483 468 2506 summus
506 2475 645 2515 pastor,
669 2480 743 2502 non
775 2479 897 2513 peram
922 2470 1062 2510 ferens,
1088 2481 1161 2502 non
1185 2480 1308 2501 aurum
1333 2470 1371 2501 in
1395 2482 1506 2512 zona,
1533 2473 1611 2505 sine
1634 2472 1744 2505 bacu-

312 2521 368 2560 lo,
393 2519 470 2551 sine
497 2516 635 2557 calceis,
661 2527 730 2548 una
756 2515 917 2547 tunicula
942 2515 1108 2555 indutus,
1136 2516 1274 2558 integer
1298 2517 1519 2560 evangelicus
1549 2519 1743 2562 apostoluS,

315 2571 377 2598 aut
401 2565 520 2609 potius
564 2562 695 2595 Christi
734 2561 935 2606 exemplar,
973 2567 1148 2605 quatenus
1188 2573 1344 2606 paupere
1371 2565 1483 2596 asello
1508 2571 1630 2598 vectus
1654 2575 1745 2597 nova

315 2613 424 2645 Sione
450 2609 669 2650 discedebat,
693 2619 765 2640 non
786 2613 902 2640 autem
929 2608 1153 2651 triumphans
1179 2608 1276 2639 illam
1301 2609 1579 2652 ingrediebatur.
1605 2623 1644 2643 ac
1670 2617 1745 2644 tum

315 2669 380 2691 nos
404 2656 602 2699 Selybriam
639 2654 791 2700 profecti
829 2655 993 2686 oberrare
1030 2654 1252 2694 destitimus,
1289 2660 1365 2687 tota
1391 2657 1526 2690 familia
1552 2658 1744 2697 inviolata,

318 2715 409 2749 quae
435 2715 558 2748 magna
597 2702 655 2737 dei
679 2701 875 2735 liberalitas
901 2706 954 2735 est
979 2706 1014 2735 et
1039 2701 1251 2746 sempiterna
1279 2703 1509 2750 perfectaque
1533 2703 1743 2738 munificen-

1872 3146 1878 3155 ,
1874 3095 1878 3102 ,Α
1868 2903 1878 3063 -Α“.--κη-.
1874 2876 1878 2883 .
1875 2843 1878 2855 -
