1878 3230
436 192 506 232 DE
543 191 864 234 ANnRomco
913 190 1186 234 coMNENo
1217 193 1316 234 Lm.
1344 194 1376 232 1.
1507 170 1620 227 363

193 291 376 346 ἔδρασάν
403 306 446 332 τε
474 290 547 333 καί
571 291 751 345 ἴσχυσαν
785 289 1039 345 γράμματα,
1071 291 1094 346 ἧ
1125 289 1240 342 ὄξεΐα
1264 291 1342 333 τοῦ
1368 288 1522 346 ἀνδρὸς
1549 306 1624 332 κα,

191 354 388 410 τάσχεσις
410 351 458 397 οὗ
489 357 647 412 παρῆκε
675 358 996 411 διαγνωσθῆναι.
1503 350 1509 360 ’

298 437 340 464 2.
403 419 506 464 Τότε
530 423 577 464 δὲ
601 423 675 463 καί
701 420 775 476 τὴν
805 423 954 463 πτοίαν
984 422 1141 477 ταύτην
1168 421 1282 477 παρὰ
1310 419 1435 473 δόξαν
1454 419 1623 476 Ἀνδρό-

189 478 297 537 νικος
327 485 689 543 α’ποκρουσὰμενος
715 484 842 541 ἰάνθη
871 485 920 529 τό
956 486 1157 540 ψυχίδιον
1186 487 1290 530 ὥσεί
1327 503 1374 530 τε
1400 489 1499 542 περὶ
1521 503 1623 529 στα-

152 557 176 596 5
187 552 362 607 χύεσσιν
391 554 536 608 ἐέρση,
570 553 643 593 καὶ
667 553 742 606 τῆς
768 551 927 601 πόλεως
953 550 1107 605 ἔξεισι,
1135 555 1209 594 καί
1235 552 1415 606 ὅμαλαῖς
1441 551 1622 608 κινήσεσι

187 617 262 659 καί
293 621 497 671 σταθμοῖς
524 620 705 670 βραχέσι
732 616 1043 670 καταλαμβάνει
1070 617 1124 659 τὰ
1157 619 1390 671 Κύψελλα,
1435 616 1507 659 καί
1535 622 1622 666 τοῖς

187 684 319 725 ἐκεῖσε
349 684 604 738 κυνηγεσίοις
631 683 932 738 ἑνευφρανθείς
958 681 1066 724 κατὰ
1097 681 1175 738 τήν
1203 683 1400 740 πατρῴαν
1429 683 1621 739 ἅφικνεῖ·

187 766 258 792 ται
283 747 416 803 μονὴν
439 746 517 803 τήν
545 748 589 789 ἒν
617 750 671 804 τῇ
694 745 816 805 Βὴρᾳ
843 749 1139 803 διακειμένην,
1169 747 1243 790 καί
1269 750 1328 806 τῷ
1354 750 1428 790 τοῦ
1456 747 1620 804 φύσαν-

187 830 258 864 τος
283 814 504 870 ἐφίσταται
531 811 714 868 μνήματι
733 811 842 866 μετὰ
868 814 1128 869 δορυφορίας
1153 814 1227 856 καί
1243 812 1365 869 δόξης
1391 814 1621 867 βασιλικῆς,

131 875 239 934 ιοῆς
266 880 453 928 κάκεῖνος
477 877 608 920 πάλαι
634 880 732 920 ποτὲ
760 879 868 932 ἐρῶν
894 880 970 920 ου’κ
996 880 1184 935 ἐφίκετο,
1212 881 1306 922 ἐπεὶ
1331 880 1403 920 καί
1427 877 1471 920 τὸ
1499 882 1658 930 βασι-Β

188 947 306 988 λειᾶν
331 942 543 999 πατρόθεν
571 942 836 999 Ἀνδρόνικος
875 943 932 993 ὥς
974 947 1125 1000 κλῆρον
1165 942 1351 998 καταβὰν
1396 945 1619 994 διεδέξατο.

187 1012 261 1053 καί
287 1013 375 1051 κατ’
404 1009 562 1058 ἐκείνας
588 1007 664 1058 τὰς
687 1009 844 1064 ἡμέρας
870 1006 1033 1062 σχάσας
1063 1008 1110 1051 τὸ
1139 1012 1274 1059 κακῶς
1302 1008 1418 1058 τινας
1433 1011 1638 1060 τιθέναι,.

188 1077 246 1126 ὥς
268 1075 538 1124 Ἆλκυονίδας
562 1073 665 1130 πρὸς
690 1076 856 1116 πολλῶν
884 1073 1177 1127 ὀνομάζεσθαι,
1208 1073 1313 1127 μετὰ
1339 1073 1492 1128 μικρὸν
1519 1073 1622 1115 ἑπά-

187 1157 316 1183 νεισιν
354 1135 483 1189 αὖθις
527 1141 588 1188 εἰς
628 1138 682 1181 τὰ
727 1139 944 1192 βασίλεια,
981 1141 1065 1181 τῶν
1104 1141 1327 1193 γενεθλίων
1366 1135 1623 1181 ἐπιστάντων

129 1207 392 1259 ι5Χριστοῦ.
423 1206 497 1247 καί
522 1205 718 1258 ἁμίλλαις
745 1204 880 1246 ἵππων
907 1203 980 1246 καί
1005 1205 1206 1259 θεωρίαις
1229 1202 1472 1258 προσσχών,
1499 1204 1621 1260 ἔαρος

187 1270 491 1328 ὑποφαίνοντος
542 1269 587 1313 τὸ
623 1268 919 1325 στρατιωτικὸν
969 1266 1084 1311 ἅπαν
1125 1270 1397 1324 συνήθροισε,
1442 1265 1538 1310 ὅσον
1574 1284 1620 1310 τε

186 1335 380 1391 ἑσπέριον
407 1338 480 1378 καί
505 1337 581 1379 τοῦ
603 1333 707 1393 ἑῴου
737 1334 889 1376 ὁπόσον
918 1334 994 1377 οὐκ
1025 1336 1257 1391 α’φηνιάσε·
1286 1334 1361 1376 καί
1389 1331 1518 1383 αὖτὸς
1544 1336 1622 1387 μὲν

185 1401 262 1456 τὴν
279 1400 386 1443 εὕθὺ
409 1405 484 1456 τῆς
498 1400 655 1450 πόλεως
666 1402 847 1449 Νικαίας
874 1400 995 1454 ἵεται,
1018 1401 1089 1442 τὸν
1111 1402 1156 1442 δὲ
1170 1401 1343 1455 Βρανᾶν
1364 1400 1548 1449 Ἀλέξων
1575 1401 1621 1442 ἐκ

186 1469 268 1509 τῶν
296 1464 399 1508 κατὰ
427 1468 714 1521 Βρανίτζοβαν
740 1463 1078 1521 ἐπανελυληθότα
1104 1469 1245 1519 μερῶν
1276 1467 1477 1518 ἐκπέμπει
1511 1464 1619 1518 μετὰ

86 1577 89 1580 ‚
124 1549 176 1575 20
188 1533 389 1591 στρατιᾶς
417 1529 562 1586 ἱκανῆς
587 1538 673 1581 τοῖς
699 1533 795 1587 περὶ
821 1530 868 1574 τὸ
894 1530 1114 1575 Λοπάδιον
1141 1523 1481 1584 ἀντιταξόμενον·
1539 1526 1619 1585 ἤδη

186 1596 266 1654 γὰρ
297 1596 369 1640 καί
396 1591 509 1639 οὗτοι
535 1602 622 1646 τοῖς
649 1597 818 1652 ὁμόροις
846 1599 1059 1641 Νικαεῦσί
1080 1613 1123 1640 τε
1151 1596 1229 1638 καὶ
1252 1597 1552 1650 Προυσαεῐὶσιν
1574 1597 1619 1643 ἐς

189 1662 236 1704 ἰὀ
262 1661 368 1705 αὐτὸ
398 1659 566 1717 ἥκοντες
593 1662 833 1716 ἀπέστησαν
861 1665 1071 1717 φρόνημα.
1130 1662 1203 1704 καί
1228 1659 1284 1711 ὥς
1318 1661 1516 1716 εὐρόησεν
1541 1661 1658 1702 τιν’-Ο

281 1764 315 1807 4.
338 1761 379 1796 τὸ
405 1760 602 1808 ψυχίδιον]
628 1754 694 1804 τῆν
720 1759 847 1806 ψυχὴν
869 1762 909 1794 Α.
1004 1764 1034 1797 8.
1057 1759 1148 1805 βηρά
1172 1761 1211 1794 Δ.
1304 1760 1499 1806 φύσαντος
1523 1760 1619 1794 ἐκεῖ-

278 1820 349 1845 νον
371 1809 430 1854 ἐφ.
456 1809 496 1842 Α.
596 1810 646 1843 13.
670 1808 910 1844 α’λκυονείους
934 1807 986 1847 A,
1015 1806 1288 1844 α’λκυωνίτιδας
1308 1808 1354 1849 Β,
1380 1806 1513 1839 additis
1537 1806 1618 1839 his:

279 1857 299 1898 ἧ
325 1853 471 1889 α’λκυών
502 1853 577 1901 γὰρ
612 1853 673 1888 ὅτε
706 1856 768 1888 ἐπὶ
792 1855 984 1895 θαλάσσης
1010 1856 1149 1899 γεννᾷ,
1173 1855 1335 1899 γαλήνην
1373 1855 1438 1887 καὶ
1461 1852 1619 1899 ἠρεμίαν

281 1901 451 1948 μεγάλην
474 1901 553 1946 ἔχει
575 1901 598 1945 ἤ
621 1901 805 1934 θάλασσα.
941 1899 990 1943 14.
1018 1903 1092 1934 τῶν
1116 1901 1335 1948 γενεθλίων]
1360 1902 1435 1935 τῶν
1457 1901 1617 1946 χριστοῦ

278 1949 426 1994 γέννων
452 1950 492 1982 Α.
614 1949 662 1982 ¹5-
685 1946 868 1994 ἁμίλλαις]
894 1950 1195 1994 παραβιβασμοῖς
1219 1946 1370 1992 ᾅλόγων
1394 1948 1431 1980 Β.
1523 1949 1618 1980 θεω-

279 1998 398 2074 ρείοὲς
421 1996 461 2029 Δ.
581 2006 631 2040 ¹9-
655 1994 912 2030 ἐπανελθόντα
938 1995 979 2027 Δ.
1104 2004 1159 2027 21.
1188 1993 1312 2041 οὑτοι]
1340 1994 1378 2029 οἱ
1404 1993 1617 2029 λουπαδιῶ-

279 2053 341 2075 ται
391 2066 398 2073 .

188 2142 320 2186 suscipi
344 2141 495 2175 iuberet.
522 2142 612 2186 quid
637 2147 757 2175 autern
783 2142 965 2186 speciosae
993 2143 1082 2175 istae
1106 2143 1250 2176 litterae
1273 2142 1443 2187 ponderis
1469 2141 1616 2175 habitu-

189 2199 248 2222 rae
272 2188 425 2229 suerint,
454 2189 651 2221 accelerata
675 2188 858 2233 Lapardae
883 2190 1071 2233 captivitas
1096 2200 1308 2233 cognoscere
1335 2200 1408 2222 non
1434 2188 1526 2221 sivit.

279 2245 312 2267 2.
359 2235 391 2268 Τ
394 2235 505 2267 imore
533 2235 598 2268 illo
621 2241 764 2279 praeter
788 2237 1072 2280 expectationem
1098 2236 1328 2280 propulsato,
1352 2246 1489 2268 summa
1510 2234 1617 2269 laeti-

187 2283 240 2315 tia
278 2284 424 2315 affectus
462 2282 570 2314 lentis
602 2282 793 2315 itineribus
832 2282 998 2326 Cypsella
1033 2282 1239 2324 contendit3
1263 2282 1390 2326 ibique
1413 2281 1616 2316 venationi-

189 2328 256 2361 bus
285 2334 462 2361 recreatus
496 2329 535 2361 in
557 2333 745 2373 paternum
778 2332 1034 2362 monasterium
1058 2330 1168 2362 Berae
1189 2340 1228 2362 se
1252 2329 1411 2369 confert,
1440 2340 1481 2361 ac
1503 2328 1614 2374 patris

188 2380 421 2407 monumento
447 2386 525 2407 cum
553 2375 649 2419 regio
676 2375 847 2408 comitatu
872 2380 909 2409 et
934 2374 1124 2420 splendore
1148 2381 1258 2416 astat,
1283 2375 1384 2408 cuius
1413 2375 1443 2407 is
1470 2386 1616 2420 quoque

190 2420 425 2464 cupiditatem
452 2421 583 2454 frustra
611 2422 773 2455 aluerat:
798 2432 881 2454 nam
918 2422 1015 2465 regni
1047 2422 1272 2455 affectionem
1303 2421 1528 2455 Andronicus
1553 2421 1619 2454 he-

190 2467 395 2500 reditariam
411 2479 431 2500 a
454 2473 556 2512 patre
580 2473 776 2513 acceperat.
803 2468 867 2500 uhi
892 2480 970 2501 cum
984 2479 1049 2513 per
1073 2468 1150 2501 dies
1167 2469 1307 2513 aliquot
1323 2469 1510 2513 suppliciis
1534 2467 1616 2500 abs-

190 2513 383 2555 tinuisset,
421 2514 518 2546 unde
555 2514 609 2547 illi
655 2527 674 2547 a
701 2515 824 2548 multis
859 2515 1048 2558 Halcyonii
1072 2515 1311 2556 vocabantur,
1336 2515 1446 2559 paulo
1467 2519 1548 2559 post
1571 2514 1617 2545 ad

190 2558 324 2591 Christi
346 2561 503 2593 natalem
522 2561 560 2593 in
587 2561 761 2606 palatium
788 2571 946 2594 reversus
963 2586 972 2601 ,
1001 2573 1079 2594 cum
1105 2561 1200 2595 ludis
1225 2561 1451 2594 Circensibus
1476 2566 1512 2593 et
1536 2570 1618 2603 spe-

191 2605 339 2637 ctaculis
375 2617 412 2638 se
436 2613 646 2648 recreasset,
681 2619 764 2641 vere
795 2607 1011 2641 adventante
1036 2609 1149 2652 copiis
1176 2608 1342 2641 omnibus
1366 2607 1498 2640 coactis
1523 2617 1616 2650 quae

191 2651 248 2683 vel
272 2650 310 2683 in
325 2650 472 2685 Oriente
495 2654 553 2686 vel
566 2654 762 2687 Occidente
786 2654 893 2687 fidem
915 2661 1116 2695 servarant,
1144 2661 1240 2688 recta
1266 2654 1312 2687 ad
1339 2654 1505 2687 Nicaeam
1530 2663 1616 2684 con-

191 2696 320 2730 tendit.
367 2698 530 2731 Alexium
551 2710 636 2733 vero
659 2701 807 2733 Branam
833 2701 1027 2734 Branizoba
1054 2712 1231 2734 reversum
1257 2712 1336 2734 curn
1360 2701 1455 2732 iusto
1480 2698 1615 2731 exerci-

190 2749 231 2776 tu
258 2748 380 2778 contra
406 2744 629 2791 Lopadianos
666 2747 798 2789 mittit,
840 2748 903 2792 qui
938 2747 1152 2783 Nicaeenses
1181 2753 1217 2781 et
1241 2748 1450 2781 Prusaenses
1483 2744 1614 2780 imitati
