1838 3210
237 195 311 250 36
649 200 879 250 ΝισΕΤΑΕ
903 194 1230 247 ’σΗοΝιΑΤΑΕ

339 309 515 362 Ὁμοίως
552 307 600 349 δὲ
627 304 700 347 καί
738 303 787 346 τά
817 305 936 358 πέριξ
979 306 1153 359 ταυτησί
1185 304 1257 358 τῆς
1294 300 1452 353 πόλεως
1481 302 1666 359 φρούρια

234 374 448 428 μετελθών
490 374 534 420 ἐς
576 370 649 424 τὴν
674 371 812 424 κοίλην
851 371 1009 423 Συρίαν
1036 364 1203 422 ἄπεισι,
1238 369 1311 409 καί
1331 365 1406 422 τὴν
1430 369 1667 410 καλλίπολιν

230 438 496 491 Ἀντιόχειαν
537 435 677 477 εἰσιών
694 465 706 487 ,
736 431 789 488 ἢν
829 434 978 475 δίεισιν
998 429 1190 488 Ὀρόντης
1217 435 1290 474 καί
1314 434 1561 485 περιβομβεῖ
1584 433 1668 474 Ζέ-

197 517 370 559 (ῑφυρος
399 498 573 553 ἄνεμος,
604 499 772 547 ὑπτίαις
809 499 936 553 χερσί
977 497 1090 554 παρά
1118 513 1163 539 τε
1203 500 1282 540 τοῦ
1306 500 1520 551 πρίγκιπος
1554 493 1666 555 ‘1²92‘-

233 566 420 620 μούνδου
450 566 524 606 καί
549 565 627 605 τοῦ
664 561 850 618 πλήθους
877 561 1028 610 παντὸς
1057 564 1138 604 τῶν
1169 558 1413 613 ἄστυνόμων
1440 562 1704 616 προσδέχε-5

234 647 320 672 ται.
350 632 416 685 ἐφ’
444 629 606 678 ἱκαναῖς
627 629 666 669 δ’
693 628 870 681 ἡμέραις
901 628 953 683 τῇ
972 624 1089 668 πόλει
1117 628 1412 681 ἐνδιατρίψας,
1441 627 1514 667 καί
1535 627 1666 676 λίζιον

121 703 161 735 V.
181 693 371 751 ιὸἐαυτῷ
398 691 472 735 τὸν
500 693 699 748 πρίγκιπα
727 691 889 743 δείξας,
933 689 1011 732 σὺν
1042 690 1153 747 αὐτῷ
1177 693 1224 732 δὲ
1254 691 1326 732 καί
1354 689 1425 732 τὸν
1467 689 1666 746 Τριπόλε-

230 774 287 808 ως
325 757 508 813 κόμητα,
536 756 641 811 ἔγνω
669 759 917 811 προσβαλεῖν
944 760 1037 803 ταῖς
1067 756 1166 811 περί
1190 754 1261 810 τὴν
1302 753 1517 810 Ἀντιόχου
1544 754 1664 811 ἱδρυ-

229 826 374 877 μέναις
399 824 472 864 καί
502 824 600 877 παρ’
621 818 864 876 Ἀγαρηνῶν
891 820 1190 872 κατεχομέναις
1209 821 1559 874 Συροφοινίσσαις
1589 819 1666 861 πό-

229 893 334 930 λεσι.
392 889 531 930 τοίνυν
563 887 636 928 καί
659 888 717 943 τῷ
746 885 915 940 ποταμῷ
943 886 1216 939 προσεγγίσας
1241 882 1448 942 Εὐφράτῃ
1478 885 1664 940 ιῖφικνεῖ-
1684 905 1730 930 ιο

229 953 300 995 ται
340 951 399 1001 εἴς
421 969 461 995 τι
501 953 712 1004 πολίχνιον
756 951 966 1004 ἐγχωρίως
997 947 1115 1000 Πιζὰ
1157 948 1435 1003 καλούμενον,
1464 949 1566 991 ἔνθα
1595 952 1669 992 καί

230 1017 385 1072 πολλὴν
419 1016 716 1069 ἐνδειξαμένων
748 1016 836 1055 τῶν
875 1015 1082 1066 πολεμίων
1110 1016 1206 1068 περί
1231 1013 1306 1068 τὴν
1333 1014 1548 1070 συμβολὴν
1575 1031 1666 1069 γεν-

230 1081 430 1137 ναιότητα
458 1082 683 1122 ὑπονοστεῖ
704 1079 749 1121 τὸ
776 1076 1008 1130 Ῥωμαϊκόν
1026 1110 1038 1132 ,
1069 1080 1140 1119 καί
1164 1080 1288 1132 μέχρι
1322 1078 1433 1128 τινὸς
1461 1081 1668 1120 καταὸίω-

230 1150 292 1197 ξις
320 1152 477 1201 γίνεται
515 1147 672 1199 μέρους
711 1145 787 1185 τοῦ
821 1140 1130 1198 προελάσαντος
1169 1142 1227 1198 μὴ
1266 1145 1475 1197 ἀντισχεῖν
1502 1142 1666 1197 ἔχοντος

231 1211 334 1268 πρὸς
361 1210 496 1259 πάθος
515 1208 691 1263 μανικὸν
717 1210 792 1250 καί
818 1206 955 1263 φορὰν
981 1207 1214 1262 παράλογον
1229 1211 1313 1251 τῶν
1339 1210 1546 1251 ἐναντίων.
1576 1212 1665 1262 μετ’
1685 1214 1731 1255 ι5

187 1279 286 1321 Dov'
312 1276 416 1319 πολι)
447 1278 494 1318 δὲ
514 1277 719 1329 ἐγγυτέρω
738 1275 810 1315 τοῦ
837 1275 1043 1327 βασιλέως
1065 1276 1261 1329 φανέντος
1289 1276 1334 1316 ἐκ
1361 1276 1435 1329 τῆς
1462 1277 1561 1330 περί
1586 1272 1667 1316 αὖ·

230 1341 306 1385 τόν
345 1341 558 1398 φάλαγγος
587 1341 740 1394 συχνοί
765 1345 851 1387 τοῖς
891 1336 1128 1387 ἀντιπάλοις
1160 1338 1492 1394 συρρήγνυνται·
1551 1339 1588 1381 οἱ
1621 1341 1668 1382 δὲ

229 1407 289 1463 μὴ
329 1406 554 1461 ἐνεγκόντες
596 1404 676 1460 τὴν
703 1407 794 1445 κατ’
832 1403 970 1445 αὐτῶν
999 1405 1192 1446 ἐπέλασιν
1217 1407 1299 1446 τῶν
1321 1403 1538 1457 Ῥωμαίων
1566 1422 1666 1459 συγ-

230 1474 442 1514 κλειόνται
485 1469 584 1513 εἴσω
611 1471 689 1512 τοῦ
714 1470 954 1522 τειχισμοῦ,
996 1470 1068 1510 καί
1093 1470 1231 1511 ου’κέτι
1260 1471 1517 1524 ἐπεκτρέχειν
1544 1471 1669 1524 προέ-

230 1541 369 1580 θεντο.
445 1541 582 1590 τεῖχος
616 1536 695 1588 μὲν
741 1530 815 1575 οὖν
849 1533 920 1574 καί
945 1534 1176 1587 περίτειχος
1205 1532 1312 1589 ὖπῆν
1337 1537 1395 1590 τῷ
1422 1536 1643 1588 πολίσματι
1654 1554 1733 1588 ‚20

231 1602 305 1643 καί
343 1604 500 1655 βαθεῖα
537 1598 699 1655 τάφρος
737 1600 780 1640 ἐν
817 1599 939 1652 μέρει
975 1601 1094 1640 τοῦτο
1129 1598 1423 1654 περιεζώννυε,
1457 1602 1528 1641 καί
1554 1602 1669 1650 λίθος

233 1664 452 1722 αῦτοφυὴς
491 1666 665 1718 ἐνιαχοῦ
700 1662 1014 1718 κατεφράγνυε·
1081 1662 1214 1705 πολλοὶ
1255 1667 1301 1706 δὲ
1332 1667 1413 1706 τῶν
1440 1666 1672 1720 πυργωμά-

231 1748 314 1774 των
355 1729 586 1772 ὑπενὸόντα
625 1734 716 1778 ταῖς
742 1730 823 1770 τῶν
846 1730 975 1770 λίθων
1012 1728 1160 1783 νιφάσι
1189 1733 1260 1771 καί
1282 1728 1386 1783 πρὸς
1412 1733 1485 1785 γῆν
1515 1748 1667 1786 καταρ-

697 1795 716 1804 u
761 1789 780 1805 ΣΙ

234 1795 445 1851 ρεύσαντα
473 1799 554 1837 τῶν
595 1796 640 1836 ἐκ
666 1809 738 1848 της
772 1797 895 1849 Αγαρ
937 1797 1106 1836 καθεῖλε
1133 1793 1178 1836 τὸ
1211 1791 1420 1850 φρόνημα,
1476 1798 1667 1839 ἐντεῦθεν

332 1918 358 1939 ι.
382 1898 427 1939 τὰ
455 1907 715 1950 παρακείμενα
738 1903 850 1950 ταύτῃ
873 1905 917 1950 τῇ
947 1904 1060 1938 πόλει
1092 1906 1131 1937 A.
1293 1908 1326 1940 6.
1354 1906 1415 1940 ἐπ’
1439 1906 1583 1954 ὀλίγαις
1610 1910 1665 1942 W.
1836 1909 1838 1951 ξ

327 1963 383 1984 21.
407 1951 546 1992 ταύτην
567 1951 607 1984 A.
1835 1956 1838 2010 f

330 2051 673 2086 Circumiacentibus
701 2051 857 2083 castellis
884 2050 1007 2083 eodem
1046 2053 1205 2085 tractatis
1231 2053 1337 2086 modo
1366 2054 1404 2086 in
1428 2054 1666 2100 Coelesyriam

238 2099 336 2141 abit3
363 2104 399 2131 et
424 2097 699 2142 pulcherrimam
737 2098 862 2130 urbem
895 2097 1119 2130 Antiochiam
1153 2099 1353 2142 ingressus,
1395 2111 1500 2145 quam
1538 2104 1666 2139 fluvius

239 2146 393 2178 Orontes
418 2143 563 2188 perfluit
587 2148 622 2176 et
648 2149 773 2175 ventus
803 2144 979 2176 Favonius
1006 2144 1132 2187 perflat
1147 2170 1155 2185 ,
1180 2146 1316 2189 supinis
1341 2148 1506 2181 manibus
1529 2160 1548 2181 a
1567 2153 1666 2194 prin-

239 2193 318 2236 cipe
345 2189 543 2224 Raimundo
571 2195 607 2222 et
631 2190 728 2222 omni
755 2189 883 2221 civium
918 2190 1150 2222 multitudine
1174 2193 1374 2235 suscipitur.
1401 2193 1528 2227 diebus
1552 2197 1666 2239 pluri-

238 2239 306 2272 bus
331 2238 369 2270 in
393 2237 482 2269 urbe
509 2242 757 2276 commoratus,
781 2236 942 2279 initaque
966 2247 1044 2268 cum
1069 2237 1230 2281 principe
1253 2239 1451 2272 Raimundo
1477 2246 1513 2274 et
1536 2242 1667 2288 Tripo-

240 2284 354 2317 litano
393 2283 523 2316 comite
564 2282 743 2322 amicitia,
782 2281 993 2314 Antiochiae
1019 2282 1188 2316 finitimas
1217 2284 1513 2329 Syrophoenissas
1541 2290 1665 2331 urbes,

242 2341 334 2375 quae
359 2330 403 2362 ab
420 2328 588 2373 Agarenis
614 2333 832 2368 tenerentur,
857 2328 997 2371 aggredi
1023 2331 1158 2362 statuit.
1186 2330 1365 2373 profectus
1389 2332 1499 2376 igitur
1524 2334 1568 2366 ad
1596 2337 1666 2369 Eu-

240 2376 402 2421 phratem
426 2375 574 2408 fluvium
598 2374 661 2406 uhi
690 2374 735 2406 ad
768 2373 938 2417 oppidum
968 2375 1065 2418 quod
1089 2375 1132 2407 ab
1161 2376 1287 2409 incolis
1315 2378 1393 2410 Piza
1415 2385 1561 2412 vocatur
1584 2393 1664 2425 per-

238 2423 412 2462 venisset,
441 2427 476 2454 et
497 2421 616 2453 hostes
653 2421 690 2452 in
718 2420 884 2452 conflictu
910 2421 1100 2453 fortissime
1126 2432 1162 2454 se
1196 2423 1404 2466 gessissent,
1430 2427 1586 2459 Romana
1613 2429 1666 2462 le-

239 2467 319 2514 gio,
344 2478 436 2512 quae
463 2467 732 2511 impressionem
756 2466 899 2506 fecerat,
930 2467 1065 2500 recedit
1089 2466 1253 2501 hostibus
1279 2470 1517 2517 aliquousque
1544 2485 1665 2517 perse-

239 2514 458 2560 quentibus,
496 2519 536 2546 ut
567 2524 716 2557 quorum
757 2513 944 2545 immanem
980 2513 1228 2546 incredibilem
1259 2516 1431 2561 impetum
1467 2519 1558 2551 ferre
1591 2533 1664 2555 non

236 2567 368 2607 posset.
406 2561 515 2604 paulo
546 2570 630 2592 vero
664 2563 765 2604 post,
802 2570 880 2590 cum
921 2560 996 2603 ipse
1021 2560 1214 2604 imperator
1238 2573 1315 2594 cum
1340 2574 1402 2596 sua
1425 2564 1602 2610 phalange
1625 2579 1664 2601 se

240 2607 477 2647 ostendisset,
522 2606 627 2638 multi
665 2605 782 2638 hostes
815 2605 1045 2647 adoriuntur-3
1091 2608 1151 2650 qui
1191 2608 1427 2643 Romanorum
1458 2611 1663 2647 incursione

239 2654 375 2688 turbati
400 2653 493 2686 intra
532 2653 674 2684 moenia
702 2652 983 2694 compelluntur,
1016 2664 1133 2697 neque
1157 2654 1308 2698 amplius
1333 2666 1516 2690 excurrere
1540 2658 1663 2692 deci-ef

239 2706 378 2734 verunt.
401 2698 559 2732 habebat
582 2698 620 2731 id
640 2697 810 2743 oppidum
835 2709 971 2730 murum
998 2698 1187 2743 duplicem,
1213 2711 1318 2744 quem
1345 2703 1432 2735 alibi
1460 2704 1554 2737 fossa
1580 2716 1662 2749 pro..

241 2747 351 2781 funda
377 2745 563 2790 cingebat,
603 2745 690 2778 alibi
719 2745 835 2778 vivum
870 2756 991 2778 saxum
1030 2746 1224 2780 muniebat.
1251 2748 1374 2782 multis
1399 2760 1482 2784 vero
1505 2751 1660 2785 turribus
