1878 3230
315 135 386 174 DE
423 132 617 174 ALEXIO
658 130 850 172 ISAACu
891 130 1089 172 ANGELl
1129 131 1213 171 FR.
1241 131 1435 172 Llss.111.
1517 132 1617 185 721

186 235 263 276 κιίκ
295 234 376 275 τῶν
403 232 575 285 τειχέων
603 231 677 284 τῆς
706 230 867 279 πόλεως
895 229 1007 286 βάρη
1035 228 1167 272 λίθων
1206 229 1627 286 α’ποσφενδονούμενα

185 298 284 347 τούς
313 300 523 344 ἐναντίους
564 298 857 350 κατέπληττον.
924 296 1119 351 ἐνστάσης
1161 297 1207 337 δὲ
1233 298 1305 350 τῆς
1330 292 1630 337 ἑπτακαιδεκά-

188 378 261 418 της
304 366 382 405 τοῦ
410 363 584 406 Ἰουλίου
619 359 749 415 μηνὸς
778 361 980 416 χερσαῖοί
998 377 1044 402 τε
1085 360 1160 404 καί
1183 360 1354 416 ὑδραῖοι
1381 360 1630 416 ἀνδρικώτε-

187 444 261 483 ρον
279 427 465 482 ἔγνωσαν
485 428 815 479 διαγωνίσασθαι
832 424 871 467 οἱ
899 426 1135 479 ἆντίμαχοι,
1165 423 1221 475 ὥς
1249 421 1275 481 ἢ
1301 427 1384 468 τῶν
1402 421 1508 468 κατὰ
1535 441 1631 467 σκο-

150 492 266 538 5πὸν
318 489 625 553 ε’πιτευξόμενοι
663 487 692 545 ἢ
718 489 878 533 τούτων
906 492 1176 541 διαπεσόντες
1209 492 1253 540 ἐς
1281 490 1510 546 συμβασεις
1535 493 1632 544 βλέ-

185 571 363 613 ψοντες·
395 554 618 612 α’μφότερα
649 571 728 610 γαρ
756 553 782 610 ἦ
812 553 932 611 φήμη
960 557 1209 611 διιπταμένη
1237 558 1437 612 λαμπρῶς
1465 555 1632 599 §aedua-

188 629 270 670 λεν.
313 622 352 664 οἱ
379 625 456 676 μὲν
479 623 616 662 τοίνυν
643 619 695 662 τοὶ
731 624 855 661 πλοῖα
886 623 1081 676 φέροντες
1107 620 1282 676 ἔστησαν
1307 623 1522 664 κατέναντι
1550 625 1676 668 τῶνΡ.
1691 633 1755 669 351

186 690 400 743 Πετρίων,
441 688 604 741 βοείαις
630 687 776 741 δοραῖς
809 686 1072 742 φραξάμενοι
1119 689 1275 740 ταῦτα,
1314 704 1371 737 ως
1409 685 1492 730 εἶεν
1529 705 1634 744 πυρι

186 748 384 812 ἆδῄωτα,
413 753 490 794 κοῖν
509 756 600 800 ταῖς
625 754 797 806 κεραίας
826 751 1112 807 τεκτηνάμενοι
1138 754 1342 805 κλίμακας
1372 752 1448 802 τοὶς
1475 757 1634 807 βαθμῖ·

129 839 175 864 ιο
188 823 265 868 δας
289 816 574 875 μηρινθώδεις
601 817 796 872 ἐχούσας,
827 817 1158 871 ὖποχαλωμὲνας
1186 817 1257 861 διὰ
1288 818 1426 861 κάλων
1452 819 1526 862 καί
1553 816 1634 862 αὖ.

184 889 258 935 θις
289 884 518 938 αἰρομὲνας
556 883 618 930 εἰς
665 879 775 936 ὕψος
816 884 1160 937 προσδεδεμένων
1188 890 1276 932 τοῖς
1303 884 1462 934 ἱστοῖς·
1517 883 1556 926 οἱ
1589 887 1637 928 δὲ

183 948 498 1004 τειχεσιπλήτην
546 945 668 1003 κριόν
709 947 1033 1004 κρατυνάμενοι,
1070 948 1144 991 καί
1175 949 1273 998 τούς
1314 952 1636 1006 τζαγροτοξότας

186 1015 377 1071 πολλαχῇ
416 1010 761 1069 περιστήσαντες,
801 1013 966 1069 ὥς’ἅφ’
1003 1011 1091 1063 ἐνὸς
1122 1013 1392 1070 συνθήματος
1420 1018 1636 1058 ποιοῦνται

127 1089 129 1091 ’
185 1080 258 1136 τὴν
287 1080 505 1135 σύρρηξιν.
575 1081 649 1120 καί
689 1074 741 1134 ἦν
770 1079 794 1134 ἧ
828 1081 946 1134 μάχη
974 1083 1184 1136 φρικαλὲα
1221 1097 1286 1130 τις
1312 1083 1386 1124 καί
1410 1081 1637 1124 στονόεσσα

127 1145 410 1194 ι5πάντοθεν.
467 1145 580 1186 οἵτε
616 1142 699 1199 γὰρ
751 1147 850 1199 περὶ
888 1145 963 1187 τὸν
1006 1145 1125 1201 κριὸν
1155 1146 1429 1199 ὁπλισάμενοι
1458 1151 1638 1190 Λατῖνοι

190 1211 238 1254 τὸ
280 1216 419 1264 τεῖχος
458 1210 657 1266 ῥήξαντες
691 1209 873 1264 πάροδον
911 1209 1036 1263 ἔσχον
1076 1210 1278 1264 ἔνδοθεν,
1325 1211 1351 1252 ὃ
1395 1216 1637 1268 παρατείνει

186 1275 293 1331 πρὸς
331 1273 555 1317 θάλασσαν
594 1273 692 1330 περὶ
713 1273 839 1316 τόπον
881 1272 929 1324 ὃς
958 1274 1206 1331 Ἀποβάθρα
1232 1279 1440 1330 βασιλέως
1471 1274 1636 1330 ὦνόμα-
1655 1293 1681 1324 Β

185 1358 306 1395 σται,
335 1342 373 1383 εἶ
413 1340 486 1382 καί
517 1339 623 1397 πρὸς
660 1342 742 1382 τῶν
784 1341 1018 1395 ἐπικούρων
1044 1339 1269 1395 Ῥωμαίοις
1308 1343 1536 1385 Πισσαίων
1565 1343 1638 1385 καί

186 1409 271 1450 τῶν
300 1405 597 1463 πελεκυφόρων
622 1404 850 1461 βαρβάρων
865 1399 1153 1462 γενναιότερον
1185 1407 1541 1463 ἁπεκρούσθησαν
1563 1412 1637 1450 καί

121 1492 174 1517 20
186 1474 444 1528 τραυματίαι
473 1471 511 1513 οἱ
540 1471 717 1525 πλείους
734 1467 983 1523 ἀνέζευξαν·
1039 1472 1082 1513 οἳ
1106 1487 1150 1515 τε
1181 1480 1268 1522 τοῖς
1295 1476 1454 1519 πλοίοις
1476 1473 1637 1523 ἐνόντες

185 1545 275 1588 τοῖς
301 1540 400 1594 περί
426 1536 476 1580 τοὶ
495 1540 664 1593 Πετρία
691 1539 847 1590 τείχεσι
875 1538 1240 1593 προσπελάσαντες
1270 1542 1344 1581 καί
1376 1542 1428 1580 δι’
1457 1538 1639 1581 α’κατίων

184 1603 256 1653 τὰς
293 1603 480 1659 α’γκύρας
521 1605 604 1645 ταῖν
643 1606 800 1644 πλοίων
836 1601 969 1658 ἕραν
940 1619 959 1643 ε
992 1601 1196 1659 ῥίψαντες
1224 1606 1269 1646 ἐκ
1299 1606 1383 1647 τῶν
1410 1603 1636 1657 κλιμάκων,

281 1720 311 1742 2.
315 1707 530 1764 νένστοὶσης]
560 1708 604 1749 τῆ
628 1707 667 1743 δὲ
694 1706 874 1750 ἑνδεκάτη
899 1708 1020 1754 ἡμέρα
1042 1711 1111 1744 τοῦ
1132 1710 1171 1744 Β.
1321 1722 1353 1754 7.
1377 1709 1446 1743 τοῦ
1470 1708 1635 1754 κιίστρου

277 1756 354 1791 τοῖν
378 1759 542 1801 neretum
564 1757 772 1801 λεγομενον
791 1755 827 1786 Β.
901 1759 932 1791 8
955 1755 1111 1803 βοείαις]
1130 1751 1223 1802 peta*
1244 1758 1403 1795 πετζίων
1418 1759 1580 1799 βοεικων
1599 1759 1632 1789 Β.

283 1813 340 1836 20.
370 1803 410 1836 οἵ
434 1812 473 1835 τε
497 1801 589 1848 τοῖς]
617 1802 655 1836 οἱ
687 1799 731 1836 δέ
711 1803 798 1846 έγε
825 1802 868 1836 ἐν
891 1807 968 1839 τοῖς
994 1806 1189 1847 καραβίοις
1223 1802 1327 1840 ὄντες
1351 1798 1415 1836 διὰ
1442 1815 1516 1838 των
1542 1805 1633 1847 βαλ-

277 1850 356 1883 κῶν
390 1861 434 1882 τα
474 1847 611 1893 σίδηρα
648 1849 714 1882 ἐπὶ
737 1847 810 1892 γῆς
845 1847 1118 1903 στερεώσαντες
1146 1851 1212 1882 καὶ
1233 1851 1349 1894 μέχρι
1371 1853 1447 1883 τιῦν
1469 1854 1538 1884 τοῦ
1563 1851 1631 1883 κά-

281 1906 398 1939 στρου
433 1896 570 1939 τειχῶν
605 1893 922 1952 οἰκουμβίσαντεςυ
942 1898 1005 1929 καὶ
1041 1893 1108 1933 τοὶς
1133 1896 1276 1932 caedier
1307 1895 1546 1938 §upa-zoaras,
1582 1897 1631 1934 οἷς

278 1942 406 1976 ἐπάνω
431 1954 504 1975 των
524 1943 680 1986 τειχέων
705 1940 988 1988 υπεραναβῆναι
1013 1942 1167 1983 ταύτας,
1192 1940 1255 1976 διαὶ
1283 1943 1427 1977 τούτων
1453 1948 1530 1980 τοῖς
1554 1943 1631 1988 (ἴω-

275 1991 406 2035 μαίοις
431 1987 630 2034 ἐμάχοντο.
645 1988 683 2023 Β.

186 2067 303 2100 chinis
332 2066 589 2110 diruebantur3
630 2066 769 2100 alicubi
807 2068 916 2101 etiam
947 2079 991 2100 ex
1026 2066 1216 2101 moenibus
1242 2067 1441 2111 ingentium
1465 2078 1631 2101 saxorum

185 2114 341 2147 iactibus
377 2113 496 2148 hostes
528 2115 768 2148 terrebantur.
806 2116 988 2148 enimvero
1015 2115 1113 2149 XVII
1150 2115 1208 2147 die
1233 2115 1318 2147 Iulii
1347 2120 1441 2146 terra
1467 2115 1630 2160 marique

186 2161 294 2194 simul
319 2161 446 2194 fortius
470 2161 642 2193 dimicare
667 2161 926 2203 instituerunt,
951 2166 992 2194 ut
1018 2167 1082 2194 aut
1105 2167 1270 2194 votorum
1297 2167 1480 2206 compotes
1505 2162 1629 2202 futuri,

185 2213 250 2240 aut
269 2209 300 2240 si
326 2208 371 2240 iis
405 2208 683 2248 frustrarentur,
719 2208 765 2240 ad
801 2209 987 2252 pactiones
1013 2207 1231 2240 descensuri.
1257 2219 1338 2241 nam
1363 2209 1551 2253 utriusque
1573 2210 1629 2242 rei

186 2255 280 2287 fama
311 2254 409 2287 haud
433 2254 585 2287 obscura
618 2254 823 2298 vagabatur.
857 2266 898 2288 ac
921 2255 984 2287 alii
1007 2265 1116 2288 naves
1143 2254 1252 2287 boum
1280 2255 1481 2299 tergoribus
1505 2261 1628 2288 contra

185 2301 304 2344 ignem
329 2302 484 2334 munitas
520 2301 566 2334 ad
590 2301 746 2334 Petrium
773 2301 1020 2342 adduxerunt,
1063 2301 1168 2333 scalis
1195 2302 1232 2334 in
1267 2302 1435 2334 antennis
1464 2312 1507 2334 ex
1533 2303 1630 2334 suni-

185 2346 254 2381 bus
280 2348 406 2390 factis,
447 2358 541 2392 quae
582 2347 796 2381 rudentibus
832 2348 877 2381 ad
912 2349 1026 2380 malos
1076 2348 1230 2391 alligatis
1272 2348 1560 2381 demittebantur
1593 2354 1629 2380 et

187 2393 226 2426 in
260 2394 372 2427 altum
409 2394 678 2427 attollebantur.
716 2395 779 2427 alii
816 2395 928 2428 ariete
963 2395 1008 2427 ad
1045 2396 1187 2426 moenia
1225 2393 1401 2435 adducto,
1442 2401 1478 2427 et
1503 2396 1628 2438 Zagro-

186 2441 321 2473 toxotis
364 2441 497 2485 passim
536 2441 748 2486 dispositis,
799 2446 967 2486 tanquam
1010 2452 1083 2473 uno
1128 2442 1228 2485 signo
1271 2441 1357 2474 dato
1389 2441 1629 2484 congrediun-

186 2491 266 2526 tur,
304 2492 342 2520 et
384 2493 486 2520 atrox
518 2489 694 2532 praelium
734 2488 981 2522 committitur.
1017 2498 1098 2520 nam
1137 2487 1256 2520 Latini
1295 2489 1358 2532 qui
1395 2498 1475 2519 cum
1514 2487 1626 2518 ariete

191 2537 314 2572 erant,
344 2534 522 2577 perfracto
557 2546 659 2567 muro
701 2536 764 2579 qui
806 2535 852 2567 ad
890 2545 986 2567 mare
1022 2534 1208 2578 pertinens
1253 2533 1356 2566 Scala
1400 2533 1627 2577 imperatoris

189 2578 341 2618 (licitur,
381 2580 476 2612 intro
506 2587 759 2625 penetrarunt:
797 2581 860 2614 sed
888 2582 934 2614 ab
972 2580 1210 2613 auxiliaribus
1234 2580 1369 2612 Pisanis
1392 2585 1428 2611 et
1453 2579 1626 2622 bipenni

188 2625 274 2658 seris
306 2625 468 2658 barbaris
504 2627 647 2661 fortiter
682 2628 884 2673 propulsati
919 2634 956 2661 et
985 2627 1151 2672 plerique
1185 2627 1365 2660 vulnerati
1392 2630 1625 2658 recesserunt

188 2672 250 2716 qui
275 2682 358 2703 vero
383 2672 533 2705 navibus
558 2674 713 2708 Pettium
753 2680 990 2719 occuparant,
1025 2673 1177 2717 aggressi
1210 2672 1373 2711 moenia,
1400 2673 1538 2704 ancoris
1560 2683 1626 2704 na·

187 2719 285 2753 vium
317 2728 382 2763 per
405 2718 546 2761 cymbas
585 2730 628 2751 ex
648 2721 751 2754 scalis
778 2721 878 2754 humi
903 2721 1095 2767 proiectis,
1122 2721 1297 2752 Romanos
1323 2729 1366 2750 ex
1390 2717 1548 2751 turribus
1574 2719 1629 2754 fa-

257 2787 403 2821 Nicetas
432 2786 548 2820 Chone
551 2794 634 2820 ates.
1307 2787 1350 2830 46
