1838 3210
857 152 1088 194 FABROTI.

259 251 402 285 clu-onici
435 252 622 292 minister,
660 250 818 287 volubili
849 251 1003 298 quadam
1025 263 1143 287 rerum
1165 250 1418 288 vicissitudine
1446 254 1592 291 eversus
1613 267 1679 292 ex..

258 305 429 332 caecatur
453 298 538 343 (11).
1560 322 1562 325 ,

347 343 418 376 Lm.
443 344 487 375 ΙΙ.
543 342 773 376 Andronicus
806 342 940 377 Siculis
979 343 1182 377 victoribus
1225 355 1355 390 parum
1383 344 1552 389 feliciter
1585 350 1678 383 resi·

254 389 317 422 stit
340 389 401 434 (ι).
466 388 635 422 Eiusdem
667 396 868 433 apparatus
899 387 950 422 ad
979 389 1194 434 Cpolitanae
1224 390 1350 429 urbis,
1382 403 1488 436 quam
1515 393 1681 430 obsidere

253 434 463 479 cogitabant
486 434 625 472 Siculi,
659 432 911 477 defensionem.
944 436 1187 480 negligentia,
1222 436 1354 475 luxus,
1394 438 1590 480 satellites,
1616 452 1677 474 ca-

253 481 331 519 nis,
357 479 553 513 crudelitas
575 477 779 513 Andronici
803 480 864 525 (2).
916 481 1052 514 Contra
1083 480 1236 514 eiusdem
1262 481 1475 523 praeclarae
1499 485 1675 530 quaedam

250 526 406 557 virtutes
428 532 701 570 proponuntur,
728 536 849 570 nempe
873 526 1079 571 benignitas
1108 527 1148 559 in
1170 538 1346 572 pauperes
1372 536 1405 560 et
1429 530 1485 562 rei
1506 531 1680 574 publicae

250 582 339 604 cura
365 570 415 614 (3)
477 571 612 603 Gravis
635 572 756 604 oratio
779 571 985 606 Andronici
1015 571 1057 605 de
1081 573 1333 617 imperatorum
1361 574 1584 618 negligentia
1608 577 1673 623 (4).

247 616 431 649 Severitas
455 615 659 650 Andronici
689 617 954 662 naufragorum
979 618 1225 652 incolumitati
1247 619 1412 652 consulit.
1435 621 1515 653 alia
1540 633 1673 656 memo-

249 659 370 694 randa
398 662 438 693 in
463 661 519 694 rei
539 662 706 706 publicae
739 663 920 697 commoda
952 663 1109 697 ordinat.
1147 674 1281 708 aequus
1317 671 1368 696 est
1394 665 1570 706 subditis,
1609 679 1672 702 eo-

250 717 401 751 rumque
424 718 651 750 oppressores
673 709 811 742 multat.
837 708 1022 743 doctorum
1051 720 1202 748 amans,
1228 708 1291 742 sed
1310 708 1614 755 disputationibus
1626 713 1674 748 de

250 753 431 795 religione
453 753 616 796 infensus
642 752 703 798 (5).
750 755 950 788 Saturnina
983 752 1187 787 Andronici
1209 762 1341 788 statua.
1366 757 1541 801 imagines
1563 760 1695 805 impe·.

246 799 399 830 ratricis
422 810 529 844 quam
553 799 797 843 suffocaverat
821 811 887 833 cur
908 801 1234 845 transfiwmaverit.
1259 802 1421 845 templum
1448 803 1506 835 XL
1533 813 1670 849 marty·

245 853 324 876 rum
348 843 545 882 instaurat,
560 852 609 877 ‘et
633 846 756 878 exiliis
778 846 853 877 suis
876 846 1062 889 gloriatur
1073 847 1134 886 (6).
1185 845 1335 879 Crudele
1358 847 1564 884 Andronici
1584 861 1669 884 con-

245 889 366 921 silium
390 887 432 922 de
458 889 627 923 tollendis
656 889 821 923 omnibus
851 890 1101 923 seditiosorum
1131 892 1304 934 cognatis.
1328 894 1522 928 universae
1548 906 1670 930 eorum

242 932 411 978 familiae
433 933 717 968 condemnantur
731 935 791 980 (7).
838 935 965 969 Edicti
986 936 1143 969 crudelis
1160 936 1344 970 exordium
1360 947 1393 971 et
1413 950 1549 973 summa
1570 942 1668 975 eius-

243 978 320 1012 dem
338 981 549 1024 exagitatio.
566 981 718 1014 Manuel
732 980 935 1015 Andronici
942 982 1052 1023 filius
1066 981 1181 1014 edicto
1195 983 1406 1027 resi-agatur
1418 985 1480 1029 (8).
1502 988 1671 1031 Impietas

242 1024 448 1058 Andronici
468 1025 518 1059 ad
533 1026 847 1071 Engastrimytlzos
861 1027 1070 1060 daemonum
1094 1038 1217 1060 servos
1230 1028 1407 1068 abeuntis,
1421 1038 1461 1062 ut
1489 1042 1669 1066 successo-

243 1082 316 1104 rem
329 1079 456 1104 nosset.
469 1073 558 1104 mali
571 1073 671 1117 genii
686 1082 806 1106 oestro
818 1075 978 1116 percitus
995 1075 1124 1106 malum
1139 1074 1326 1111 imminens
1339 1075 1480 1108 minime
1495 1076 1594 1110 videt
1606 1079 1667 1123 (9).

240 1117 643 1162 Hagiochristophorita
670 1116 752 1152 dum
780 1120 953 1163 Angelum
986 1119 1165 1152 Isaacium
1202 1119 1365 1152 occidere
1397 1120 1535 1162 studet,
1569 1125 1669 1158 occi-

242 1161 370 1195 ditur:
404 1163 570 1196 Isaacius
605 1172 720 1196 autem
755 1166 795 1197 in
831 1165 960 1210 templo
1000 1166 1147 1210 supplex
1180 1166 1349 1210 populum
1383 1169 1545 1200 concitat
1577 1168 1664 1216 (lo).

243 1207 464 1242 Seditionem
489 1210 720 1255 comprimere
742 1209 824 1243 dum
849 1209 967 1244 studet
990 1211 1234 1251 Andronicus,
1262 1210 1436 1244 accendit.
1485 1213 1669 1248 Iohannes

240 1253 364 1286 Ducas
386 1253 537 1299 frustra
574 1255 685 1292 ambit
720 1256 928 1302 imperium.-
961 1268 1045 1289 nam
1078 1257 1243 1290 Isaacius
1279 1257 1436 1300 Angelus
1468 1258 1667 1304 imperator

242 1298 457 1341 designatur
466 1314 480 1343 ,·
509 1300 603 1334 unde
627 1300 830 1335 Andronici
850 1303 942 1346 fuga
968 1302 1053 1346 (ιι).
1100 1303 1283 1335 Palatium
1304 1314 1326 1335 a
1346 1303 1447 1347 plebe
1471 1302 1664 1349 direptum:

239 1345 436 1390 captivitas
459 1345 685 1386 Andronici,
711 1348 776 1394 qui
800 1346 1056 1381 miserabiliter
1078 1349 1282 1392 exagitatus
1302 1359 1324 1381 a
1349 1349 1449 1392 plebe
1467 1350 1664 1394 Cpolitana

237 1391 474 1425 atrocissimis
500 1393 724 1427 cruciatibus
749 1392 930 1427 occiditur
952 1395 1037 1437 (12).
1085 1393 1290 1427 Andronici
1316 1394 1458 1440 elogia,
1485 1397 1665 1431 vaticini-

239 1446 320 1476 um,
342 1438 551 1482 sepultura,
576 1446 611 1473 et
636 1437 679 1473 de
702 1437 856 1474 eiusdem
880 1440 1030 1474 interitu
1052 1441 1269 1474 vaticinium
1294 1440 1379 1484 (ιδ).

591 1553 676 1592 DE
719 1554 983 1594 ISAACIO
1026 1553 1303 1595 ANGELO.

327 1664 400 1698 Lm.
424 1666 448 1697 1.
500 1666 689 1701 Commoda
713 1668 853 1702 Isaacii
885 1669 1017 1712 Angeli
1052 1669 1174 1701 initia.
1203 1664 1389 1706 expeditio
1410 1673 1539 1699 contra
1559 1666 1666 1701 Sicu-

237 1712 304 1745 los.
358 1711 564 1746 Andronici
599 1713 678 1758 filii
711 1723 967 1747 excaecantur.
1024 1714 1141 1748 Siculi
1178 1713 1357 1748 exercitus
1395 1711 1565 1746 socordia
1600 1713 1663 1758 (ι).

235 1758 380 1791 Branas
401 1759 541 1791 Isaacii
562 1759 701 1804 legatus
712 1760 890 1805 profligat
903 1760 1064 1799 Siculos,
1096 1770 1250 1803 quorum
1275 1756 1384 1790 duces
1407 1758 1507 1803 capti
1533 1766 1566 1791 et
1589 1766 1662 1792 ter-

234 1804 361 1837 restris
394 1805 577 1838 exercitus
614 1805 741 1839 misere
784 1804 995 1850 dissipatur.
1053 1805 1202 1839 Alexius
1245 1804 1444 1836 Comnenus
1476 1803 1565 1836 belli
1586 1805 1666 1848 sax

234 1857 360 1892 captus
389 1859 610 1884 excaecatur
643 1849 706 1896 (2).
768 1851 913 1885 Siculae
943 1851 1071 1884 elassis
1095 1851 1333 1885 calamitates.
1379 1849 1544 1882 Isaacius
1566 1850 1661 1883 Sici-

233 1896 310 1928 liae
337 1896 434 1939 regis
468 1896 599 1928 iustam
630 1897 841 1940 petitionem
878 1897 1097 1936 contemnit,
1122 1895 1229 1930 duces
1253 1894 1420 1939 captivos
1446 1894 1597 1928 coniicit
1619 1896 1662 1928 in

234 1951 437 1979 carcerem,
465 1939 597 1975 deinde
621 1940 741 1976 educit
766 1950 799 1975 et
821 1954 889 1986 pro
913 1954 949 1976 se
979 1951 1126 1976 orantes
1152 1941 1257 1975 audit
1283 1940 1346 1985 (3)-
1395 1941 1661 1974 Benevolentia

231 1986 373 2020 Isaacii
395 1986 437 2019 in
462 1985 568 2020 duces
592 1989 759 2031 captivos
783 1996 817 2021 et
844 1989 939 2020 alios
962 1999 1192 2033 quoscunque
1219 1987 1328 2020 dictis
1350 1993 1504 2025 testata,
1529 1986 1661 2031 quibus

229 2031 334 2075 facta
370 2032 513 2065 minime
543 2032 770 2076 respondent.
838 2033 1096 2068 Clizastltlanis
1130 2034 1271 2066 sultani
1299 2031 1557 2075 grassationes.
1597 2043 1660 2065 se-

234 2076 373 2111 cundae
404 2078 556 2121 nuptiae
587 2086 623 2111 et
655 2079 778 2113 sordes
808 2080 955 2112 Isaacii.
1014 2080 1198 2121 Mysorum
1230 2088 1292 2110 seu
1319 2075 1534 2111 Blachorum
1558 2075 1660 2121 dese-

231 2124 307 2156 ctio
333 2122 395 2167 (4).
445 2123 666 2158 Calamitosa
689 2126 729 2158 in
746 2126 900 2169 Cyprum
914 2123 1096 2170 expeditio
1121 2122 1298 2158 adversus
1312 2122 1532 2156 Comnenum
1552 2122 1658 2156 Isaa-

231 2170 349 2208 cium,
383 2168 486 2203 cuius
517 2168 691 2203 mandato
727 2171 953 2205 Rentacenus
989 2170 1147 2204 Basilius
1171 2168 1310 2203 crudeli
1333 2168 1512 2212 supplicio
1537 2167 1658 2214 affici-

233 2222 302 2248 tur.
351 2213 506 2247 Blachos
540 2227 563 2248 a
578 2216 739 2260 furiosis
774 2224 812 2249 et
834 2215 1082 2249 daemoniacis
1105 2215 1155 2248 ad
1176 2216 1305 2248 bellum
1329 2214 1532 2247 concitatos
1555 2217 1658 2248 Isaa-

232 2262 312 2295 cius
342 2261 499 2306 Angelus
534 2272 601 2294 sua
640 2262 864 2307 negligentia
898 2262 1090 2308 confirmat
1122 2262 1183 2303 (5).
1242 2259 1451 2294 Βῖαεῆἰοωη
1475 2260 1605 2294 bellum
1631 2270 1658 2294 a

231 2305 382 2340 ducibus
421 2307 513 2341 male
546 2309 787 2350 commissum‚·
823 2316 859 2340 et
887 2307 1062 2341 Iohannis
1092 2306 1341 2341 Cantacuzeni
1365 2305 1488 2338 letalis
1512 2306 1656 2339 temeri-

230 2360 300 2386 tas.
352 2353 496 2386 Branas
526 2353 675 2386 Alexius
713 2352 923 2387 seditionem
959 2362 1078 2387 movet
1118 2355 1158 2387 in
1182 2353 1391 2390 Isaacium,
1419 2350 1657 2396 imperatorio

230 2397 375 2431 nomine
399 2407 595 2443 usurpato;
617 2401 832 2441 Byzantium
857 2397 1006 2439 obsidet,
1028 2408 1065 2433 et
1086 2410 1164 2433 cum
1183 2398 1320 2431 Isaacii
1342 2397 1457 2429 milite
1481 2404 1563 2430 ante
1589 2406 1655 2430 ur-

230 2444 307 2477 bem
341 2455 469 2477 manus
503 2446 682 2486 conserit‚·
722 2454 755 2479 et
791 2457 855 2490 per
878 2446 1076 2489 piscatores
1113 2442 1344 2482 Propontidis
1380 2442 1654 2485 imperatoriam

229 2489 379 2524 classem
391 2491 534 2535 fitigat
560 2489 622 2534 (ὁ).
679 2490 867 2524 Com-udus
894 2492 1030 2524 Caesar
1065 2489 1337 2531 Montisf'errati
1358 2486 1520 2520 marchio
1547 2488 1654 2521 Isaa-

230 2536 325 2568 cium
349 2543 534 2570 nutantem
561 2536 774 2580 confirmat,
802 2544 836 2570 et
863 2548 938 2569 non
961 2535 1063 2570 modo
1088 2536 1254 2582 precibus
1277 2545 1402 2568 verum
1425 2533 1532 2565 etiam
1553 2533 1652 2566 ensi-

230 2580 295 2614 bus
332 2580 466 2614 hostem
501 2581 744 2626 repellendum
780 2593 852 2615 esse
877 2581 991 2615 docet.
1049 2583 1189 2616 Isaacii
1212 2579 1264 2613 ad
1283 2581 1416 2614 milites
1441 2576 1651 2611 hortatoria

231 2626 350 2660 oratio
374 2626 434 2672 (7).
493 2629 590 2662 Inter
618 2627 708 2660 duos
737 2628 915 2662 exercitus
939 2636 1128 2662 certamen.
1181 2629 1321 2659 Hranas
1345 2638 1368 2659 a
1396 2622 1565 2658 Conrado
1589 2625 1650 2658 in-

229 2672 421 2716 terficitur.
473 2674 704 2707 Constantini
726 2672 880 2707 Stethati
910 2674 1089 2718 astrologi
1114 2673 1283 2706 interitus
1307 2673 1368 2716 (8).
1418 2672 1562 2704 Branae
1586 2679 1651 2703 ca-

232 2719 301 2752 oiti
320 2727 355 2753 et
377 2720 488 2754 uxori
502 2721 661 2754 isaacius
677 2720 796 2754 victor
819 2719 970 2754 insultat
983 2732 995 2762 ;
1013 2719 1191 2754 seditiosis
1215 2719 1382 2764 ignoscit,
1410 2723 1443 2750 et
1468 2723 1506 2748 ut
1529 2715 1649 2750 sacri-
