1878 3230
332 142 445 199 886
716 162 921 203 woLm
963 160 1378 208 ANNo'rA‘rioNEs

438 262 489 304 P.
517 260 610 312 485,
641 260 681 301 8.
736 262 790 302 ita
816 262 1054 303 describitur
1083 263 1148 303 hic
1188 264 1326 316 locus,
1374 269 1419 305 ut
1454 277 1534 305 non
1567 267 1660 309 satis
1689 282 1759 324 ap-

326 323 464 372 pareat
493 323 628 354 utrum
655 315 872 357 subornata
917 332 968 357 an
1010 332 1108 358 vera
1151 319 1315 359 illorum
1356 320 1512 360 insania
1554 321 1685 365 suerit.
1725 324 1759 364 si

327 371 591 418 simularunt,
643 377 754 409 atrox
803 378 861 411 est
901 379 940 411 et
980 372 1062 412 fere
1090 374 1181 426 plus
1207 388 1330 427 quam
1357 374 1511 414 Iberica
1539 377 1759 430 simulatio,

324 427 438 464 ferro
466 439 507 463 se
538 423 726 464 lacerare.
749 425 783 464 si
796 426 1055 476 insanierunt,
1092 441 1173 481 quo
1203 437 1320 481 pacto
1346 429 1507 470 edoceri
1535 437 1760 483 potuerunt

324 486 372 519 ut
399 494 443 519 ea
475 479 652 519 dicerent
674 494 777 533 quae
803 483 925 520 Asani
951 488 990 520 et
1016 482 1138 521 Petro
1166 482 1406 535 placebant?

433 536 485 576 P.
516 533 608 584 488,
642 549 679 574 2.
740 532 796 581 ὥς
823 535 898 575 καί
920 537 1029 587 τινα]
1072 545 1284 590 corruptus
1315 538 1380 578 hic
1420 537 1532 578 locus
1569 545 1650 589 est,
1687 547 1758 581 aut

323 589 464 629 saltem
495 589 551 627 ita
585 590 795 629 intricatus
823 596 870 629 ut
899 590 982 629 fere
1013 589 1122 630 nulla
1162 600 1271 632 certa
1300 594 1497 633 sententia
1525 607 1570 633 ex
1593 607 1638 633 ea
1667 609 1759 647 pos-

321 646 373 682 sit
397 644 544 696 colligi.
575 658 698 697 quare
723 647 868 684 vetusti
892 645 1039 684 codicis
1070 647 1139 698 (B)
1161 645 1394 697 lectionem,
1423 648 1496 687 etsi
1523 661 1598 687 nec
1627 649 1757 702 ipsam

322 698 445 738 talem
463 728 474 749 ‚
503 700 660 751 qualem
689 699 793 751 ratio
822 701 1089 740 Grammatica
1117 702 1305 755 postulat,
1333 702 1457 756 paulo
1484 710 1617 743 tamen
1639 717 1758 758 expe-

326 753 514 792 ditiorem
546 754 585 792 in
616 754 890 794 convertendo
919 769 1006 794 sum
1037 763 1208 797 secutus.

430 809 480 849 P.
509 807 607 861 489,
642 807 705 848 15.
759 808 930 861 amplius
962 809 1120 863 integro
1163 811 1259 850 folio
1302 810 1493 864 descripsi
1521 824 1566 851 ex
1593 817 1756 852 vetusto

323 862 472 906 codice.
513 863 662 902 caeteri
699 863 780 902 duo
806 863 1011 903 habebant
1046 864 1146 904 haec
1183 871 1367 906 tantum:
1416 864 1523 920 ἀνήρ
1560 865 1602 905 δ’
1640 859 1758 913 οὗτος

323 916 567 965 ἀξιοθέατος
604 940 656 948 -
686 917 974 967 σκεπτομένοις
1002 914 1217 970 πρότερον.

430 972 478 1012 Ρ.
507 971 604 1025 496,
635 987 672 1011 2.
730 975 906 1025 turpiter
933 973 1094 1025 fugiunt
1123 974 1395 1028 Imperator-ii,
1440 981 1479 1014 et
1499 974 1605 1015 inter
1630 987 1757 1015 nava-

319 1025 373 1121 }ia
401 1040 443 1120 ³3
471 1026 704 1118 {jncludunss
749 1028 782 1066 si
810 1028 931 1067 modo
959 1022 1178 1080 ἐξάρτυσις
1207 1027 1301 1069 ἄντί
1328 1030 1602 1080 ναυσταθμοῦ
1639 1029 1759 1070 intel-

338 1082 347 1120 i
378 1081 389 1119 i
448 1095 467 1119 e
499 1087 556 1120 et.

351 1096 375 1135 g
428 1137 478 1178 P.
512 1135 606 1190 498,
646 1137 705 1177 15.
763 1129 851 1175 ὅσοι
880 1135 1005 1188 κιόσι]
1037 1136 1212 1176 fortassis
1241 1134 1344 1177 οὗσεί
1373 1133 1494 1188 κιὀσι,
1520 1136 1586 1177 vel
1612 1137 1756 1184 κιόνες.

195 1202 307 1248 Ρ,433
431 1190 481 1231 Ρ.
510 1191 598 1240 500,
629 1190 670 1231 6.
724 1188 1086 1242 παρακενούμενα]
1125 1205 1228 1244 quae
1255 1206 1325 1245 per
1350 1191 1486 1231 alvum
1517 1198 1757 1246 egeruntur3

322 1246 397 1284 nisi
422 1246 524 1285 soi-te
556 1245 877 1297 παρακειμένοις
906 1244 1134 1297 legendum,
1166 1247 1205 1285 id
1235 1254 1295 1285 est
1320 1246 1522 1298 appositis.

183 1301 225 1337 V.
242 1305 307 1340 353
429 1300 480 1342 P.
510 1299 603 1351 514,
638 1299 677 1338 6.
734 1300 832 1338 haec
862 1297 1037 1338 clausula
1065 1299 1164 1352 quid
1191 1301 1267 1340 sibi
1295 1300 1393 1342 velit
1433 1301 1567 1340 nescio
1587 1328 1600 1352 ,
1641 1305 1682 1340 et
1715 1299 1758 1340 in

319 1354 475 1395 duobus
503 1354 705 1393 codicibus
734 1353 947 1392 omittitur.

428 1409 479 1451 P.
509 1409 602 1457 514,
639 1422 697 1447 10.
753 1407 864 1446 hunc
893 1406 1026 1446 locum
1058 1407 1123 1447 vel
1148 1422 1197 1447 eo
1240 1408 1405 1448 nomine
1443 1416 1604 1449 vertere
1640 1408 1754 1459 libet,

319 1478 371 1504 ne
397 1463 491 1503 solis
518 1463 733 1502 Germanis
762 1462 930 1500 ebrietas
963 1461 1189 1501 obiiciatur.
1217 1476 1264 1500 ac
1303 1464 1462 1503 tametsi
1490 1463 1568 1502 alii
1607 1478 1760 1519 quoque

315 1533 392 1573 per
414 1519 647 1557 ebrietatem
673 1517 796 1556 multa
825 1518 957 1570 inepta
983 1517 1206 1570 loquuntur,
1245 1525 1380 1556 tamen
1407 1517 1454 1556 id
1490 1531 1535 1557 eo
1553 1518 1757 1573 frequen-

319 1574 395 1611 tius
423 1572 642 1628 Cpolitanis
679 1571 844 1623 accidit,
888 1583 963 1624 quo
991 1571 1223 1611 ebriosiores
1245 1579 1347 1623 sunt,
1382 1580 1483 1612 totas
1509 1579 1636 1612 noctes
1657 1586 1756 1627 per.

315 1637 461 1681 potare
487 1628 608 1669 soliti.

429 1682 481 1723 P.
510 1681 607 1733 522,
641 1695 680 1721 2.
739 1682 789 1722 de
816 1681 1066 1721 Neocastritis
1094 1694 1215 1734 supra
1243 1680 1285 1719 in
1315 1680 1399 1720 vita
1420 1678 1634 1726 Manuelis,

428 1736 478 1776 Ρ.
506 1737 601 1784 528,
639 1738 697 1777 15.
751 1733 797 1776 τὸ
835 1740 989 1790 φωνεῖν
1022 1730 1104 1774 οἷπό
1129 1732 1310 1787 γαστρός
1349 1735 1631 1788 interpretatus
1668 1747 1756 1775 sum

321 1791 433 1846 quasi
462 1791 511 1830 dc
537 1791 862 1845 Engastrimytho
890 1791 1133 1844 loqueretur.
1172 1790 1281 1843 quod
1309 1789 1339 1828 si
1367 1791 1430 1828 cui
1462 1789 1656 1843 displicet,
1685 1803 1756 1828 ex-

318 1852 446 1899 ponat
473 1846 542 1899 qui
565 1847 719 1885 ventris
743 1859 865 1885 causa
906 1846 1036 1885 verba
1058 1845 1260 1896 faciunt,
1293 1850 1362 1883 aut
1396 1846 1466 1899 qui
1499 1853 1643 1884 temere
1680 1858 1756 1883 ηιι-

317 1910 471 1954 gantur
491 1901 627 1955 potius
653 1913 775 1955 quam
798 1915 858 1938 res
872 1901 1044 1951 staturas
1066 1900 1306 1953 praesciunt.

431 1955 482 1997 P.
509 1955 602 2008 529,
632 1969 671 1995 2.
729 1954 828 1995 alter
853 1955 975 1994 codex
1013 1956 1070 1993 ita
1111 1955 1248 1992 miscet
1283 1953 1401 2002 haec,
1446 1959 1492 1992 ut
1535 1966 1617 1992 non
1660 1951 1754 1992 satis

319 2015 481 2048 constet
510 2016 620 2060 uter,
648 2011 867 2064 imperator
893 2023 944 2048 an
966 2007 1206 2064 patriarcha,
1256 2007 1335 2048 tela
1372 2008 1424 2047 sit
1465 2006 1664 2047 defixurus
1712 2007 1754 2046 in

321 2064 512 2103 cordibus
537 2064 726 2107 hostium.

429 2120 480 2158 P.
516 2118 606 2171 529,
638 2119 678 2161 5.
732 2117 789 2158 δι’
809 2110 875 2171 ἧς]
905 2117 1117 2159 relativum
1143 2116 1281 2156 retulit
1311 2127 1393 2155 non
1417 2114 1469 2155 ad
1491 2112 1752 2169 παράθνρον,

321 2171 389 2212 sed
419 2172 471 2211 ad
501 2171 674 2222 θυρίδα,
715 2174 825 2226 quod
858 2187 939 2213 non
977 2173 1140 2226 posuit,
1181 2170 1434 2221 πταίσματι,
1482 2177 1528 2209 ut
1563 2169 1753 2220 arbitror,

318 2226 553 2279 μνημονικῷ
580 2220 610 2277 ἢ
634 2226 731 2277 γοῦν
767 2227 1028 2282 σολοικισμῷ.

430 2281 479 2321 Ρ.
510 2281 603 2327 531,
642 2294 700 2320 ιο.
757 2279 813 2326 (ὃς
854 2278 920 2333 μή»
953 2276 1173 2333 πρότερον]
1215 2278 1456 2332 depravatus
1489 2276 1651 2317 videtur
1683 2275 1753 2316 hio

318 2333 443 2373 locus.
475 2348 547 2388 ego
572 2334 613 2372 in
641 2334 834 2374 vei-tendo
851 2335 1181 2388 qualemcumque
1207 2333 1444 2373 sententiam
1463 2345 1552 2371 sum
1580 2339 1752 2375 secutus.

320 2394 506 2429 vetustus
534 2388 656 2428 codex
686 2396 725 2428 et
754 2389 838 2441 ipse
866 2389 988 2428 habet
1016 2389 1138 2429 verba
1175 2388 1266 2428 satis
1297 2387 1500 2440 perplexa:
1542 2384 1599 2433 ὦς
1628 2381 1694 2425 ὅτι
1721 2384 1749 2438 ἤ

318 2440 578 2495 ἔκκλησιά-
591 2439 802 2489 octobr-erg.
829 2444 1035 2483 ecclesiam
1063 2457 1141 2482 non
1160 2443 1303 2482 haber-e
1321 2442 1423 2480 viros
1434 2443 1525 2495 pios
1553 2450 1592 2480 ec
1614 2440 1750 2480 erudi.

321 2505 404 2547 tos,
446 2510 574 2552 eaque
609 2497 658 2536 de
696 2510 820 2536 causa
850 2506 890 2536 ec
912 2499 1172 2536 monasticam
1211 2496 1341 2535 vitam
1374 2495 1567 2535 deiectam
1605 2503 1647 2535 et
1680 2495 1752 2534 de-

322 2561 470 2595 sertam,
498 2566 592 2591 esse.
622 2561 659 2591 et
685 2560 738 2600 tu,
768 2553 905 2606 inquit,
936 2553 1082 2590 illustre
1111 2551 1232 2600 sidus,
1271 2564 1348 2589 non
1375 2551 1605 2605 apparuisti
1622 2551 1747 2604 prius,

196 2613 232 2647 Ρ.
245 2613 312 2658 439
323 2615 365 2645 uc
390 2607 433 2645 ιἰι
463 2607 563 2657 solio
591 2607 662 2645 hoc
695 2607 961 2660 patriarchico
987 2606 1200 2645 consideres
1228 2614 1265 2644 et
1299 2606 1564 2644 Christianum
1587 2617 1744 2656 gregem

320 2662 462 2713 optime
476 2658 718 2712 gubernares.
749 2661 789 2700 in
817 2661 982 2700 caeteris
1013 2660 1167 2700 duobus
1195 2660 1395 2699 codicibus
1423 2673 1497 2712 pm
1523 2659 1746 2710 κεροιάκων

321 2716 491 2757 sortasse
518 2715 729 2769 legendum
757 2713 926 2767 οἰάκων,
971 2716 1056 2756 sine
1090 2714 1243 2769 syllaba
1271 2728 1355 2766 κερ.
1396 2722 1435 2754 et
1475 2726 1548 2767 pro
1576 2707 1691 2764 ἥλιον
1717 2705 1745 2765 ἢ
