1838 3210
384 160 455 200 DE
495 159 745 201 MANUELE
783 157 1047 201 commo
1073 159 1169 226 Lm.
1201 161 1253 200 11.
1460 160 1563 214 ης)

127 274 234 313 σειν,
275 261 314 301 εἶ
349 260 625 314 προβαίνουσι
661 259 734 301 καί
781 260 1056 311 περατοῦνται
1095 257 1146 301 τὰ
1174 258 1250 314 τῆς
1288 258 1564 312 καταλλαγῆς,

128 323 209 380 πρὸ
237 326 313 366 τοῦ
355 319 538 372 εἰςαῖτα
576 325 774 377 διαβῆναι
809 325 996 376 πολλῶν,
1046 323 1114 365 ἳνα
1140 319 1356 378 μὴιᾶηδὲς
1383 322 1495 378 αὐτῷ
1528 339 1567 364 τι.

129 389 254 431 λάθοι
282 389 638 444 διαπραξάμενος,
684 383 772 429 ὄντι
802 390 898 442 παρ’
929 388 1131 442 α’νδράσιν
1159 387 1233 437 οὓς
1262 386 1390 437 αὐτὸς
1417 389 1462 429 ἐκ
1487 389 1569 430 τῶν

130 457 267 510 φίλων
291 456 444 508 χωρῶν
469 456 528 511 τῷ
557 453 656 509 ῥηγί
679 454 764 495 τῶν
804 453 1050 505 Ἀλαμανῶν
1074 460 1281 510 χρησταῖς
1306 455 1468 497 ἐλπίσιν
1498 454 1571 508 η’ν-

95 522 440 575 5δραποδισατο,
480 521 552 561 καί
594 514 653 561 ὧν
693 519 768 573 τὴν
805 517 972 573 γνώμην
1010 519 1116 561 κατὰ
1149 517 1368 573 Ῥωμαίων
1397 523 1571 561 πλεῖστα

131 583 262 627 πάλαι
291 583 628 640 φλεγμαίνουσαν
654 583 759 625 κατὰ
791 586 869 625 τοῦ
895 587 1084 633 Σικελίας
1112 584 1253 641 ῥηγός,
1283 585 1339 634 ὥς
1366 582 1474 638 εἶχε,
1494 597 1609 637 pte-13

132 652 294 692 τέθετο.
322 647 379 698 ὥς
407 645 483 690 οὖν
502 650 652 703 ἐπέστη
678 665 740 697 τις
768 650 813 690 ἐκ
838 652 1044 702 βασιλέως
1068 648 1141 704 τήν
1180 649 1375 703 ἀγγελίαν
1403 646 1574 708 ’.Αλεξίῳ

131 717 213 757 τῶν
227 716 414 756 σπονδῶν
434 716 660 770 διαφέρων,
678 715 815 771 λάθρα
836 716 916 756 τῶν
934 717 1023 756 ἐκεῖ
1041 714 1091 757 τοὶ
1109 714 1309 769 χρήματα
1324 717 1578 770 μετατίθησι

133 779 207 821 καὶ
233 781 509 832 συνεκπέμπει
537 782 672 822 ταῦτα
698 786 782 829 τοῖς
812 782 1072 829 πιστοτάτοις
1099 779 1236 837 ἐαυτῷ
1264 781 1467 837 ἀνδράσι·
1524 781 1577 822 τὰ

77 846 182 892 ιοδὲ
209 844 383 897 κιβώτια
418 848 656 886 καταλείπει
698 847 856 887 τούτων
892 844 1012 899 κενά,
1055 845 1292 902 σφραγῖδάς
1335 862 1380 888 τε
1418 843 1579 897 τούτοις

134 909 346 964 ἐπιβαλών
366 915 452 959 τοῖς
471 909 577 952 κατὰ
597 907 743 965 χώραν
759 913 866 964 μέγα
892 912 1137 964 δυναμένοις
1161 913 1385 967 παρέθετο,
1412 910 1581 966 ἐπισκή-

135 986 224 1029 ψας
251 976 428 1017 ἀσυλίαν
477 976 549 1017 ἐπὶ
575 975 738 1025 τούτοις
769 973 937 1018 ἅπασαν
984 974 1115 1030 εἶναι,
1145 980 1217 1020 καί
1241 979 1401 1033 μηδένα
1427 983 1581 1032 μεταλ-

136 1039 293 1082 λᾶν’τιὶ
326 1039 466 1094 ἔνδον,
494 1038 600 1096 μήτε
627 1040 712 1096 μην
741 1037 876 1091 ἄλλως
904 1044 1106 1084 διαλῦσαι
1135 1042 1188 1085 τὰ
1219 1049 1386 1098 σημεῖα,
1410 1045 1450 1085 εἰ
1476 1045 1582 1098 μήγε

137 1104 264 1155 αὐτὸς
292 1108 334 1155 ἐς
361 1107 539 1159 βασιλέα
565 1105 755 1160 ἱκόμενος
794 1108 955 1149 ἐκεῖθεν
982 1106 1317 1150 έπανελεύσεται.
1377 1111 1451 1150 καί
1465 1109 1582 1152 Ἀλέ-

80 1173 223 1223 ιόξιος
266 1174 347 1224 μὲν
391 1169 521 1220 οὕτως
567 1174 612 1213 ἐκ
657 1174 735 1213 τοῦ
763 1173 970 1226 Ἀγκῶνος
998 1171 1272 1229 ἀπενόστησε,
1300 1173 1506 1228 βασιλέως
1535 1177 1583 1217 δὲ

138 1239 212 1279 καί
246 1236 373 1293 ῥηγὸς
402 1235 587 1293 εἰρηνικά
631 1236 934 1293 φρονησάντων
978 1240 1051 1280 καί
1084 1240 1331 1293 βλεψάντων
1365 1239 1473 1295 πρὸς
1506 1239 1583 1290 τὰς

137 1302 344 1356 σπονδάς,
391 1300 422 1357 ἢ
461 1300 642 1357 τάληθὲς
680 1304 836 1356 εἰπεῖν’,
866 1304 918 1344 ου’
944 1306 1144 1359 καθαραῖς
1170 1303 1486 1360 ὁμονοησάντων
1511 1310 1583 1348 λυ-

138 1368 332 1425 κοφιλίαν
359 1370 405 1410 δὲ
442 1371 818 1423 σχηματισαμένων
832 1402 844 1422 ,
881 1365 1039 1412 ὤναντο
1066 1373 1141 1426 τῆς
1168 1370 1327 1413 τούτων
1355 1368 1623 1417 ὅποιασοῦνο

138 1432 324 1482 ἓνώσεως
353 1433 392 1476 οἱ
413 1433 678 1488 αἰχμάλωτοι
704 1437 897 1484 λυθέντες
916 1436 1128 1478 α’νοὲποινοι
1145 1469 1157 1489 ,
1186 1432 1237 1478 οὗ
1255 1435 1379 1489 μόνον
1406 1436 1447 1480 οἱ
1474 1441 1582 1490 λαμ-

78 1503 240 1557 αοπροί
272 1499 318 1543 τὸ
365 1499 480 1555 γένος
521 1503 594 1541 καί
634 1503 833 1558 βασιλείῳ
863 1499 1075 1556 τιμήεντες
1103 1503 1278 1556 αἵματι,
1312 1500 1420 1544 α’λλοὶ
1447 1501 1521 1544 καὶ
1548 1502 1591 1545 οἳ

141 1573 224 1617 τοῖς
255 1573 564 1622 στρατιωτικοῖς
593 1566 840 1622 καταλόγοις
868 1567 1149 1620 ἐνετάττοντο,
1182 1567 1289 1623 πλὴν
1319 1571 1404 1610 τῶν
1431 1569 1478 1610 ἐκ
1497 1571 1587 1610 Κο-

145 1634 294 1685 ρίνθου
324 1631 395 1673 καί
428 1630 625 1686 Θήβηθεν
666 1631 942 1687 ὁρμωμένων,
981 1634 1055 1674 καί
1081 1631 1242 1676 τούτων
1272 1630 1364 1674 ὅσοι
1395 1631 1443 1674 τὸ
1472 1635 1588 1687 γένος

146 1698 321 1754 α’φανεῖς
343 1699 417 1739 καί
460 1695 498 1738 οἱ
536 1696 612 1747 τὰς
639 1694 858 1753 εὗητρίους
900 1696 1054 1747 ὀθόνας
1084 1698 1281 1753 ὑφαίνειν
1309 1697 1488 1752 ἔλαχον,
1518 1700 1591 1740 καί

243 1820 294 1843 ιο.
319 1808 470 1852 κιβώτια
521 1807 721 1842 σεντούκια
746 1808 781 1842 Β.
955 1810 1004 1843 ι3.
1031 1809 1078 1842 ταὶ
1101 1805 1249 1856 σημεῖα]
1285 1806 1353 1846 τὰς
1381 1807 1516 1852 βούλας
1549 1804 1586 1843 Β.

238 1855 333 1901 μήγε
359 1850 470 1891 αὐτὸς
511 1852 561 1900 μῆ
587 1853 702 1892 αὐτὸς
724 1854 774 1892 ὥς
795 1857 826 1899 β.
855 1853 1071 1901 ἀφιγμένος
1095 1857 1134 1888 A„
1293 1865 1348 1890 αι.
1373 1855 1588 1890 ἕνετάττον-

238 1901 296 1947 το]
323 1901 544 1947 ταττόμενοι
569 1902 610 1934 A.
702 1911 757 1933 22.
780 1899 822 1934 τό
849 1901 901 1949 γ.]
931 1913 999 1944 την
1022 1902 1140 1946 τύχην
1162 1902 1200 1935 Α.
1296 1903 1352 1936 23.
1379 1900 1586 1948 εὐητρίους]

242 1948 460 1993 εύκτηρίους
483 1949 535 1988 A,
575 1948 706 1981 omisso
731 1946 882 1985 ὀθόνας.
907 1946 977 1990 τὴν
1003 1947 1217 1995 ὕφαντικῆν
1242 1950 1377 1994 τέχνην
1400 1949 1476 1984 τῶν
1500 1948 1590 1992 βλα-

239 1997 330 2028 τίων
363 1995 575 2040 ἐγίνωσκον
596 1996 633 2027 Β.

149 2091 191 2125 go
217 2080 442 2118 innotescat,
470 2084 511 2112 ut
543 2078 702 2120 indicet,
739 2090 786 2113 ne
821 2089 886 2124 per
921 2079 1202 2125 imprudentiam
1238 2077 1380 2124 aliquid
1402 2084 1591 2124 perperam

150 2132 254 2171 agat,
278 2127 342 2171 qui
377 2125 473 2170 apud
500 2126 595 2159 viros
632 2127 680 2159 sit
705 2136 796 2170 quos
821 2127 899 2171 ipse
928 2137 973 2159 ex
997 2126 1191 2171 provinciis
1215 2126 1290 2170 regi
1312 2126 1593 2159 Alemannorum

149 2174 256 2207 sociis
283 2183 344 2216 spe
368 2172 463 2204 bona
490 2172 594 2217 quasi
614 2173 709 2205 furto
735 2172 893 2218 quodam
912 2172 958 2206 ad
983 2184 1021 2206 se
1036 2172 1235 2212 attraxerit,
1260 2181 1487 2216 quorumque
1513 2172 1594 2204 ania

150 2231 226 2252 mos
265 2219 351 2251 olim
380 2219 546 2252 Romanis
570 2219 823 2252 infestissimos
855 2225 978 2252 contra
1004 2219 1150 2252 Siciliae
1183 2229 1324 2263 regem,
1349 2224 1390 2251 ut
1413 2218 1595 2263 potuerit,

151 2266 350 2299 concitarit.
364 2271 406 2298 ut
422 2270 542 2298 autem
559 2265 707 2310 quidam
725 2266 770 2298 ab
789 2266 1005 2310 imperatore
1022 2265 1068 2298 ad
1081 2265 1245 2299 Alexium
1261 2265 1372 2306 venit,
1391 2265 1454 2309 qui
1470 2265 1596 2309 pacifi-

153 2313 305 2346 cationis
327 2312 495 2345 nuntium
520 2313 716 2353 afferebat,
749 2313 840 2345 clam
864 2312 1002 2345 civibus
1027 2313 1180 2357 pecunia
1215 2322 1280 2357 per
1303 2311 1495 2344 fidissimos
1521 2311 1594 2343 alio

154 2359 324 2392 translata
353 2369 476 2403 capsas
510 2359 636 2391 inanes
663 2358 868 2403 obsignatas
902 2370 1088 2404 procerum
1114 2358 1199 2391 fidei
1225 2358 1395 2398 mandat,
1420 2357 1596 2402 iubetque

156 2406 272 2439 caveri
285 2416 331 2438 ne
347 2405 436 2450 quid
450 2404 535 2437 inde
549 2405 753 2446 auferatur,
783 2416 873 2438 neve
897 2411 1092 2450 quaeratur
1116 2405 1204 2450 quid
1228 2406 1267 2438 in
1295 2405 1340 2437 iis
1365 2404 1431 2444 sit,
1456 2409 1519 2437 aut
1549 2403 1598 2436 si-

157 2462 223 2495 gna
257 2457 342 2486 ante
379 2463 483 2484 suum
512 2452 557 2484 ab
586 2452 801 2496 imperatore
838 2451 994 2484 reditum
1017 2452 1234 2496 aperiantur.
1284 2451 1411 2490 Alexio
1432 2450 1479 2483 ad
1502 2449 1599 2483 hunc

157 2498 302 2531 modum
330 2499 475 2531 Ancona
500 2497 658 2542 digresso
685 2504 722 2531 et
748 2499 844 2531 inter
859 2499 1110 2543 imperatorem
1136 2509 1178 2530 ac
1202 2507 1320 2542 regem
1342 2508 1431 2542 pace
1456 2508 1497 2529 ac
1521 2496 1599 2529 soe-

161 2543 244 2578 dere
269 2545 465 2578 constituto
489 2544 728 2590 (quanquam,
754 2546 782 2578 si
808 2556 891 2578 vera
920 2544 1074 2578 dicenda
1097 2550 1202 2587 sunt,
1226 2550 1301 2578 non·
1323 2554 1406 2577 vera
1421 2543 1485 2576 illa
1514 2553 1600 2575 con-

161 2589 283 2623 cordia
305 2591 374 2624 fuit
395 2591 459 2623 sed
483 2591 654 2635 temporis
673 2602 778 2624 causa
803 2590 979 2624 duntaxat
1001 2591 1183 2637 simulata)
1207 2591 1360 2624 fructum
1387 2590 1486 2622 illius
1510 2598 1601 2633 quaa

161 2637 351 2680 liscunque
384 2637 647 2682 pacificationis
689 2638 853 2671 tulerunt
886 2638 1017 2683 captivi
1053 2638 1162 2683 gratis
1196 2637 1330 2678 soluti,
1361 2647 1435 2669 non
1460 2640 1602 2668 tantum

164 2682 306 2716 nobiles
335 2687 371 2716 et
394 2684 489 2727 regia
514 2684 626 2728 stirpe
652 2684 722 2717 orti
748 2685 812 2718 sed
831 2686 938 2718 etiam
953 2685 1104 2730 gregarii
1128 2684 1275 2724 milites,
1300 2682 1497 2716 Corinthiis
1521 2686 1603 2713 tau-

165 2736 242 2762 tum
277 2734 313 2762 et
340 2728 523 2762 Thebanis
558 2730 837 2774 ignobilioribus
875 2732 1054 2776 exceptis,
1080 2736 1116 2764 et
1139 2731 1183 2763 iis
1210 2731 1273 2775 qui
1298 2729 1468 2763 subtilem
1492 2727 1601 2761 telam

231 2799 376 2832 Nicetan
404 2797 604 2836 choniates
1327 2810 1349 2841 9
