1878 3230
218 166 248 222 5
263 189 277 222 ι
293 187 324 221 o
640 182 867 225 menne
907 178 1238 234 cuonTAE,

215 287 471 339 διεβέβλητο,
511 286 647 324 ἐκεῖνα
685 284 755 322 καί
793 283 933 329 αὐτοῖς
970 281 1193 336 ὑφηγεῖται
1236 282 1309 322 νῦν
1338 280 1471 324 ὁπόσα
1497 284 1545 338 δὴ
1577 288 1646 326 καὶ

215 352 258 399 ἐξ
291 351 450 405 ἐφήβου
479 348 731 388 δεδιδακται.
791 346 934 387 πολλοί
963 347 1007 387 δὲ
1041 348 1114 387 καί
1144 344 1201 403 τῷ
1228 345 1352 388 Ἀσάν
1380 346 1451 394 καί
1475 349 1530 403 τῷ
1557 352 1647 391 Πέ-

216 430 299 470 τρῳ
343 409 687 468 προσερρύησαν·
753 410 861 452 ἄλλα
904 410 976 452 καί
1011 406 1126 452 οὗτοι
1167 409 1381 466 γράμμασι
1419 414 1647 465 βασιλικοῖς

212 478 316 530 μετὰ
347 476 498 531 μικρόν
526 474 832 531 ἑπανήλθοσαν.

328 559 388 584 ιο.
437 537 568 584 ’Ἀλλο
606 543 643 582 δ’
673 541 743 583 ἐπὶ
772 540 929 590 τούτοις
975 542 1340 597 παρηκολούθησεν
1370 540 1684 598 ἐργονψπαρα-ἶ»

215 607 467 662 λογώτατον·
526 605 546 647 ὃ
573 607 654 661 γάρ
697 605 897 661 βασιλεῦς
924 609 1052 649 πᾶσιν
1085 609 1280 650 ἐνέδωκεν
1309 605 1495 662 ἀτεχνῶς
1521 609 1648 650 α’στυ-

212 680 297 722 κοῖς
324 689 367 715 τε
407 672 480 715 καὶ
519 670 775 727 α’λλοχοόροις
824 674 1081 725 διεκχεῑσθαι
1109 674 1180 714 καί
1205 675 1339 721 κακῶς
1369 675 1474 728 δρᾶν
1503 671 1651 715 ὁπόσοι

212 738 313 792 πρὸς
333 738 506 792 Βρανᾶν
534 734 810 791 μετετάξαντο
837 739 918 779 ταῖν
943 748 987 779 τε
1016 733 1151 792 ἆγχοῢ
1181 740 1255 793 τῆς
1279 737 1438 787 πόλεως
1465 740 1650 794 α’γροτῶν

219 805 292 845 καί
318 806 403 845 τῶν
431 802 506 858 τὴν
533 803 806 857 Προποντίδα
837 802 1052 856 λαχόντων
1083 805 1142 852 εἰς
1171 801 1346 858 οἴκησιν.
1373 802 1446 845 καί
1470 803 1543 859 τήν
1573 806 1651 857 μὲν

215 872 289 924 τῆς
317 869 476 924 ἡμέρας
505 869 658 923 ἐκείνης
686 868 881 922 διάδοχον
913 867 1039 909 νύκτα
1067 870 1162 910 καθ’
1190 867 1240 922 ἢν
1270 870 1440 923 Βρανιῖς
1467 866 1651 927 κατηγώὴ
1668 887 1714 912 ιο

212 950 348 988 νιστο,
399 936 553 976 ἐνίεται
592 939 682 983 ταῖς
730 934 879 983 οἰκίαις
916 935 999 976 τῶν
1039 932 1252 988 δυστήνων
1283 938 1556 990 Προποντίων
1601 934 1648 977 τὸ

87 1011 120 1044 Ρ.
133 1012 198 1044 250
214 997 342 1055 ὗγρόν
364 1001 463 1054 πῦρ,
482 997 503 1041 ὃ
520 1005 607 1047 τοῖς
635 1002 850 1053 στέγουσιν
865 1001 1076 1055 ἑφυπνοῢν
1093 998 1259 1041 σκεύεσι
1285 998 1389 1041 κατὰ
1408 998 1480 1049 τὰς
1495 997 1652 1056 ἄστρα-

213 1067 291 1116 πὰς
319 1065 520 1120 ἐξαίφνης
541 1066 706 1121 προΐησι
735 1065 786 1106 τὰ
814 1062 1024 1118 ἐξάλματα
1052 1063 1124 1106 καί
1147 1068 1311 1121 πιμπρᾷ
1338 1068 1435 1107 καθ’
1454 1060 1512 1107 ὧν
1543 1067 1650 1108 διεκ-

213 1138 363 1173 πῖπτον
394 1127 580 1186 ἀφίεται.
607 1124 653 1171 τό
685 1132 731 1171 δὲ
750 1131 905 1186 λάβρον
931 1128 1111 1183 ἐμπεσὸν
1134 1136 1220 1180 τοῖς
1238 1128 1494 1186 δρυφάκτοις
1521 1132 1650 1187 ἐπυρ-

212 1195 391 1251 πόλησεν
422 1192 532 1237 ἅπαν
571 1194 853 1249 οἰκοδόμημα,
897 1193 978 1236 εἴτε
1004 1196 1172 1247 τέμενος
1197 1198 1317 1238 τοῦτο
1346 1192 1463 1250 ἅγιον
1491 1191 1542 1251 ἦν
1569 1196 1648 1240 εἴτε
1666 1197 1713 1241 15

213 1267 404 1315 σεμνεῖον
440 1258 553 1315 ἱερὸν
580 1259 662 1302 εἴτε
701 1257 851 1315 οἴκημα
895 1258 1127 1302 ἰδιωτικόν·
1185 1259 1349 1303 καὶτοῦ
1377 1264 1507 1304 κακοῦ
1533 1264 1648 1318 παρὰ

213 1330 355 1369 πιίσαν
383 1323 549 1380 δόκησιν
578 1325 823 1373 ἐπελθόντος
841 1326 893 1366 ου’
917 1323 1045 1378 μόνον
1071 1324 1122 1368 τὰ
1152 1328 1347 1381 μέλαθρα
1374 1326 1418 1368 τὸ
1444 1331 1528 1383 πῦρ
1557 1330 1650 1370 ἐπε·

212 1395 354 1445 νέμετο
392 1393 464 1433 καί
510 1391 537 1446 ἦ
581 1389 686 1447 φλόξ
710 1393 876 1446 μικροῦ,
894 1392 1077 1446 διεῖρπεν
1103 1393 1312 1447 αἰθέριος,
1341 1392 1448 1434 ἀλλὰ
1476 1394 1548 1435 καί
1572 1394 1649 1443 τὰς

216 1459 363 1507 οὐσίας
401 1456 643 1510 ἐπεβόσκετο
684 1457 764 1498 τῶν
793 1455 1050 1513 ἀνθρώπων,
1104 1456 1270 1507 ου’δενὸς
1295 1455 1485 1513 ἁρπάσαι
1513 1475 1554 1501 τι
1579 1462 1652 1502 καί

81 1533 121 1566 V.
136 1534 202 1568 205
213 1528 467 1578 μετενεγκεῖν
496 1519 661 1575 ἔχοντος
689 1523 728 1564 εἰ
754 1521 811 1577 μὴ
845 1517 926 1564 ὅσα
957 1524 1039 1564 τῶν
1065 1521 1292 1578 χρημάτων
1321 1523 1546 1577 εὐάγκαλα.
1577 1540 1649 1567 κα·
1662 1540 1713 1567 20

214 1588 264 1631 τά
295 1591 342 1630 δὲ
372 1587 449 1643 τὴν
475 1593 565 1641 μετ’
594 1587 730 1642 αὐτὴν
756 1589 812 1629 ἕω
842 1586 994 1637 ἔξεισιν
1021 1587 1079 1636 ὦς
1103 1589 1148 1630 ἔκ
1176 1587 1464 1644 προσκλήσεως
1478 1590 1525 1631 τὸ
1554 1595 1650 1633 Λα-

593 1650 615 1665 (Α

214 1653 373 1697 τινικόν
409 1658 555 1709 στῖφος
591 1669 612 1693 ο
657 1655 716 1709 τῷ
741 1652 951 1711 Κορράδῳ
982 1656 1170 1709 Καίσαρι
1204 1658 1472 1696 συνετέτακτο
1502 1658 1575 1698 καί
1601 1655 1647 1697 τὸ

313 1777 363 1800 ιι.
390 1767 464 1800 mu
491 1765 697 1812 δυστήνων]
715 1764 789 1799 τῶν
823 1766 863 1799 ἐν
886 1765 937 1798 ‘tui
966 1765 1129 1812 πορθμῶ
1147 1761 1464 1819 τὰς-καταλύσεις
1485 1767 1648 1812 ἐχόντων

306 1813 358 1852 Δ,
386 1813 461 1846 τῶν
484 1810 667 1847 τοιούτων
691 1811 870 1858 στενιτῶν
893 1813 928 1844 Β.
1110 1823 1160 1846 12.
1184 1825 1259 1848 των
1286 1812 1488 1857 ἀστραπῶν
1511 1816 1649 1859 αἴφνης

303 1858 459 1903 πρόεισι
485 1859 524 1892 Α.
604 1858 652 1892 ι3.
683 1859 736 1892 ὥν
759 1857 894 1905 διεκπ]
922 1851 973 1893 ὦν
1003 1858 1199 1904 διαφίεται
1223 1861 1261 1894 Α.
1363 1861 1412 1895 15.
1437 1860 1565 1894 πᾶσαν
1593 1863 1649 1895 οἰ-

305 1904 476 1951 κοδομήν
497 1906 536 1938 Α.
655 1915 708 1939 20.
732 1903 948 1950 χρημάτων]
973 1904 1134 1942 ἐνόντων
1154 1907 1193 1939 A.
1313 1917 1366 1940 21.
1393 1906 1443 1944 ὥς
1465 1907 1507 1941 ἐκ
1532 1917 1650 1953 προσ-

307 1951 470 1994 κλήσεως
495 1963 554 1984 om
579 1952 617 1985 A.

220 2045 246 2076 si
275 2044 304 2075 is
327 2043 392 2087 qui
418 2041 638 2075 sacrificulus
663 2041 748 2073 olim
774 2042 903 2074 fuisset
930 2042 1026 2087 (nam
1054 2041 1091 2074 id
1120 2042 1227 2074 etiam
1251 2043 1285 2074 ei
1313 2043 1452 2076 crimini
1482 2043 1644 2077 dabatur*

218 2090 305 2134 ipsis
330 2090 436 2122 etiam
473 2099 515 2122 ea
551 2088 812 2132 praescriberet
844 2099 936 2132 quae
965 2099 984 2120 a
1012 2098 1123 2132 puero
1163 2088 1357 2122 didicisset.
1386 2090 1490 2122 multi
1516 2091 1577 2134 qui
1602 2057 1648 2123 ad

218 2137 370 2170 Asanam
410 2141 447 2168 et
479 2136 620 2169 Petrum
656 2145 693 2168 se
719 2134 972 2175 contulerant,
1014 2134 1122 2179 paulo
1162 2140 1244 2179 post
1266 2136 1490 2180 imperatoris
1517 2137 1648 2170 litteris

218 2183 374 2215 revocati
402 2186 495 2215 sunt.

314 2240 364 2261 ιο.
411 2229 495 2260 Post
518 2227 606 2260 haec
626 2228 839 2271 imperator,
864 2226 962 2271 quod
982 2227 1079 2259 haud
1103 2227 1188 2260 satis
1212 2227 1333 2259 mirari
1357 2238 1478 2272 queas,
1503 2239 1647 2261 conces-

217 2276 266 2308 sit
293 2273 460 2308 omnibus
485 2279 558 2306 tam
590 2274 726 2307 civibus
756 2284 862 2318 quam
895 2273 1112 2318 peregrinis,
1138 2278 1179 2305 ut
1201 2273 1289 2305 urbe
1316 2274 1416 2306 effusi
1440 2285 1560 2306 omnes
1587 2286 1646 2308 eos

216 2322 310 2355 male
332 2325 528 2353 tractarent
563 2320 626 2364 qui
664 2320 708 2352 ad
734 2321 882 2352 Eranam
922 2319 1145 2359 defecerant,
1177 2319 1422 2360 suburbanos,
1447 2320 1586 2355 villicos
1611 2326 1650 2354 et

216 2365 442 2412 Propontidis
457 2366 603 2399 incolas.
629 2376 743 2410 eaque
762 2372 866 2398 nocte
891 2376 983 2409 quae
1000 2368 1134 2398 Branae
1163 2365 1347 2397 interitum
1370 2372 1558 2400 consecuta
1583 2373 1648 2407 est,

215 2415 375 2447 Graecus
401 2412 491 2456 ignis
517 2412 690 2444 aedificiis
715 2412 760 2444 ad
795 2412 924 2444 fretum
950 2412 1027 2444 sitis
1054 2411 1232 2451 inficitur,
1260 2412 1321 2455 qui
1348 2412 1385 2444 in
1412 2414 1503 2445 vasis
1529 2414 1649 2456 occul-

216 2467 293 2501 tus,
323 2459 442 2493 subito
467 2458 615 2502 fulguris
650 2459 762 2491 instar
794 2459 968 2498 emicem,
994 2458 1113 2490 omnia
1147 2468 1238 2500 quae
1263 2459 1453 2502 contigerit
1474 2460 1647 2494 incendit.

220 2508 282 2551 qui
309 2517 390 2539 cum
418 2505 456 2537 in
480 2503 643 2537 tabulata
668 2504 867 2543 incidisset,
888 2504 1007 2536 omnia
1032 2503 1195 2535 aedificia
1220 2509 1290 2536 tam
1317 2515 1413 2536 sacra
1439 2517 1545 2550 quam
1565 2517 1650 2552 pro·
1678 2508 1686 2514 ”

220 2554 303 2586 sana
318 2578 327 2593 ,
349 2558 422 2586 tam
447 2551 586 2596 privata
611 2562 717 2595 quam
744 2550 889 2594 publica
914 2549 1085 2582 incendit.
1104 2549 1142 2581 id
1165 2550 1297 2582 malum
1323 2562 1399 2583 cum
1424 2558 1567 2596 praeter
1588 2564 1649 2586 ex-

218 2599 462 2645 pectationem
485 2597 695 2637 accidisset,
732 2607 806 2628 nou
831 2596 936 2628 aedes
972 2595 1078 2628 modo
1103 2596 1242 2628 flamma
1266 2597 1305 2629 in
1333 2597 1446 2631 altum
1473 2599 1567 2637 elata
1585 2599 1650 2632 sed

218 2648 329 2680 etiam
352 2646 448 2679 bona
489 2644 696 2677 miserorum
734 2641 962 2682 absumebat,
988 2653 1066 2674 cum
1092 2643 1184 2675 nihil
1210 2644 1347 2687 eripere
1374 2650 1434 2677 aut
1458 2645 1648 2678 transferre

219 2698 366 2738 possent
397 2691 466 2725 nisi
499 2701 605 2735 parva
638 2688 823 2734 quaedam.
851 2688 1022 2732 postridie
1056 2700 1159 2722 mane
1188 2690 1312 2722 Latina
1342 2690 1466 2724 cohors
1493 2691 1648 2725 Conradi

221 2740 380 2774 Caesaris
406 2744 441 2772 et
463 2737 661 2782 promiscua
688 2741 723 2769 et
746 2737 961 2780 paupercula
987 2735 1090 2768 turba
1117 2735 1204 2768 urbe
1225 2736 1412 2780 egreditur.
1439 2737 1476 2770 hi
1497 2739 1646 2772 circum-
