1838 3210
276 159 385 225 240
677 174 906 215 mem-Ar:
944 173 1259 216 cuonTAE

269 276 449 317 ἐώσατο·
495 271 702 324 ,βασιλεὺς
729 270 902 325 μὲνγὰρ
933 271 980 311 τὸ
1011 274 1088 312 τοῦ
1102 270 1352 318 συνεστῶτος
1382 269 1556 315 ἱππότου
1586 272 1689 327 δόρυ

270 337 614 393 α’γκοινησάμενος
640 337 844 390 ὃιὶκπειῖρει
873 339 945 377 ἕνα
968 337 1048 378 τῶν
1075 334 1274 377 ἐπιόντων
1295 337 1372 385 ἓως
1391 335 1463 377 καί
1488 338 1546 386 εἷς
1566 338 1692 381 αὐτὸν

269 402 460 453 θάνατον,
483 398 611 449 αὐτὸς
632 402 668 442 δ”
692 400 712 442 ὅ
729 399 900 455 ἱππότης
916 399 962 442 τό
979 403 1097 456 ξίφος
1112 398 1374 452 σπασάμενος
1388 401 1700 456 α’ποκαρατομεῖ

243 456 245 458 ¹
269 469 425 520 ἕτερον.
457 466 788 507 συναλισθέντων
805 467 851 507 δὲ
870 467 942 509 καὶ
972 466 1068 521 περὶ
1088 464 1158 508 τὸν
1184 467 1359 518 βασιλέα
1390 464 1542 521 ἐτέρων
1572 467 1694 509 ὅπλο-

234 531 416 587 Βφόρων
445 532 543 572 δέκα
567 531 787 582 Ῥωμαίων
813 533 971 573 ἐκεῖθεν
997 533 1211 584 μετέβαινε
1226 563 1239 583 ,
1269 533 1474 583 συμμῖξαι
1502 530 1731 585 γλιχόμε-5

270 610 338 643 νος
364 600 450 642 τοῖς
478 597 829 648 προηγησαμένοις
847 596 1064 649 τάγμασιν.
1096 596 1182 636 ἄλλ’
1201 590 1325 643 αὖθις
1356 593 1502 650 μικρόν
1527 612 1570 637 τι
1595 612 1695 651 προ-

268 659 348 712 βὰς
376 660 459 700 ὖπό
483 675 525 702 τε
561 657 757 715 Τοόρκων
782 662 852 715 τῆς
895 659 1039 715 πρόσω
1070 662 1238 713 πορείας
1266 658 1464 715 εἴργεται,
1511 663 1582 702 καί
1609 667 1697 711 τοῖς

269 727 354 767 τῶν
394 723 599 766 πεσόντων
647 725 728 778 οὐχ
766 720 885 779 ἧττον
923 731 1079 779 νεκροῖς
1116 723 1390 780 οἷπερύκεται,
1434 726 1477 766 οἳ
1506 725 1697 780 περίτὰς

272 787 394 838 &deig
424 788 712 844 αἰθριάζοντες
740 790 1005 845 ἀπέφραττον
1047 789 1175 838 αὐτας
1202 788 1392 843 σωρηδὸν
1418 792 1694 844 προκειμενοι.

273 856 337 911 (4)
368 853 485 907 μόλις
514 856 561 895 δὲ
588 853 641 895 τὰ
666 858 798 896 ἐκεῖσε
828 855 1087 908 ὁύσπόρευτα
1117 853 1255 908 χωρία
1284 856 1356 895 καί
1381 852 1454 895 τὸν
1481 853 1598 908 ἐγγύς
1614 871 1758 917 novio

157 930 257 976 V.98
270 921 560 974 παραρρέοντα
586 918 772 972 ποταμὸν
794 917 983 971 διελθών,
1016 920 1186 972 ἐνιαχοῦ
1213 920 1294 960 τῶν
1319 921 1579 973 θνησιμαίων
1604 922 1696 962 ἐπι-

267 987 424 1038 βαίνων
451 983 522 1025 καί
546 983 698 1026 τούτων
742 981 925 1038 ὕπερθεν
955 981 1251 1038 ἱππαζόμενος,
1282 985 1472 1038 ἀθροίζει
1498 986 1571 1026 καί
1595 979 1694 1027 ἄλλο

268 1066 308 1090 τι
349 1055 494 1105 στῖφος
526 1048 759 1101 Ῥωμαϊκὸν
803 1048 906 1090 κατά
939 1051 1043 1090 θέαν
1082 1049 1210 1090 αὐτοῦ
1238 1047 1498 1103 συνδραμόν,
1530 1045 1598 1091 ὅτε
1627 1050 1700 1092 καὶ

269 1116 509 1167 α’ναβλέψας
536 1113 614 1170 6ρᾷ
636 1120 720 1163 τοῖς
758 1113 996 1170 ὀφθαλμοῖς
1024 1113 1096 1155 τὸν
1126 1114 1187 1155 ἐπ’
1218 1113 1373 1171 civ-filus}
1399 1113 1598 1169 γαμβρόν,
1624 1114 1696 1157 τὸν

270 1178 620 1233 Καντακουζηνὸν
654 1176 867 1233 Ἰωάννην,
901 1180 974 1221 ἕνα
1014 1177 1119 1234 πρὸς
1159 1178 1324 1228 πλείους
1371 1179 1759 1233 ὁιαμιλλώμενονι5

233 1243 345 1286 cacat*
375 1244 575 1298 α’νδρείως
605 1245 749 1293 αὐτοῖς
777 1243 1125 1299 προσφερόμενον,
1155 1242 1228 1284 καί
1250 1243 1594 1298 περιβλεπόμενον
1619 1246 1698 1298 μὲν

269 1307 394 1357 εἴτις
435 1307 651 1362 ἐπαρήξων
690 1310 828 1366 ἐκείνῳ
870 1308 1108 1361 ἐλεύσεται,
1150 1310 1196 1349 ἐκ
1224 1310 1282 1351 δὲ
1317 1309 1394 1350 τοῦ
1437 1311 1597 1369 μηδένα
1625 1309 1698 1352 τόν

270 1371 482 1426 ιῖμύνοντα
520 1372 776 1427 παρεστάναι
808 1371 917 1425 μετὰ
947 1372 1085 1427 βραχὺ
1116 1370 1316 1415 πίπτοντα
1342 1388 1386 1415 τε
1410 1372 1482 1415 καί
1505 1372 1697 1416 σκυλευό·

270 1453 405 1491 μενον.
471 1436 508 1479 οἱ
539 1439 585 1479 δὲ
607 1439 750 1480 τοῦτον
787 1436 1048 1487 ἀπεκτονότες
1075 1439 1244 1492 Πέρσαι
1273 1435 1329 1487 ὥς
1356 1434 1466 1480 εἶδον
1492 1437 1695 1494 παριόντα

269 1502 337 1545 τὸν
364 1499 652 1558 αὖτοκράτορα
696 1503 813 1558 (οὐδὲ
837 1501 916 1557 γάρ
948 1498 1000 1558 ἧν
1027 1506 1215 1559 λαθεῖν),
1257 1506 1599 1559 συγκροτηθέντες
1639 1506 1760 1554 εἶςςιο

270 1570 444 1622 σπείραν
472 1567 528 1616 ὥς
563 1568 622 1616 εἷς
648 1567 824 1622 θήραμα
863 1569 970 1622 μέγα
1001 1567 1074 1610 τὸν
1098 1569 1273 1622 βασιλέα
1303 1570 1481 1624 ἐπῄεσαν
1505 1587 1514 1597 ·
1572 1565 1698 1628 ᾤοντο
1738 1563 1741 1565 ’

266 1633 344 1687 γὰρ
375 1633 523 1674 αὐτίκα
551 1630 602 1687 δή
629 1632 745 1685 μάλα
764 1634 909 1675 τοῦτον
937 1632 1126 1688 αἱρήσειν
1153 1629 1181 1687 ἢ
1210 1629 1462 1688 ἀναιρήσειν.
1518 1629 1627 1689 ἦσαν
1659 1636 1696 1676 δ’

264 1691 384 1738 οὗτοι
412 1695 560 1746 πάντες
583 1697 793 1752 Ἀραβίοις
819 1696 891 1738 ἔπο
894 1713 964 1751 χοι
992 1700 1134 1746 ἵπποις
1160 1695 1350 1740 καὶκατὰ
1366 1701 1473 1742 θέαν
1499 1701 1581 1741 τῶν
1598 1703 1696 1741 πολ-

270 1764 354 1803 λῶν
381 1763 708 1819 ὑπερφέροντες·
772 1763 990 1816 ὁπλισμοῖς
1020 1779 1064 1805 τε
1104 1762 1184 1820 γὰρ
1214 1766 1459 1820 ἐκπρεπέσιν
1485 1763 1695 1822 ἐκάζοντο,

359 1886 389 1919 7.
416 1872 489 1907 ὑπό
510 1884 549 1907 τε
576 1873 754 1919 Τούρκων
778 1886 833 1907 om
857 1877 895 1908 A.
992 1878 1022 1911 8.
1049 1875 1255 1919 ἄπερύκετο
1280 1877 1320 1910 Α.
1419 1889 1452 1922 9.
1476 1879 1642 1922 κείμενοι
1653 1877 1694 1910 Α.

368 1931 419 1952 11.
445 1914 631 1968 ποταμόν]
656 1923 842 1966 χείμαρον
868 1921 906 1954 Α.
987 1924 1036 1956 15.
1065 1922 1327 1968 ἁμιλλώμενον
1348 1923 1386 1956 A.
1459 1934 1510 1968 ¹7·
1535 1924 1694 1957 ἐλευσεῖ-

359 1977 420 1999 ται
442 1967 480 1999 Α.
584 1979 633 2011 ¹9·
657 1966 919 2014 ἀπεκτονότες]
950 1969 1206 2006 σκοτώσαντες
1221 1969 1256 2000 Β.

266 2067 383 2099 vivum
412 2077 537 2110 capere
562 2067 801 2100 conabantur:
831 2068 894 2101 sed
923 2074 958 2101 et
981 2069 1063 2101 iilos
1088 2070 1192 2102 facile
1215 2070 1438 2114 propulsavit
1462 2074 1600 2114 arrepta
1628 2070 1692 2103 ha-

268 2118 321 2145 sta
346 2113 543 2145 assistentis
583 2114 652 2145 sibi
689 2114 820 2158 equitis
852 2120 888 2147 et
913 2125 983 2147 uno
1019 2126 1061 2147 ex
1086 2115 1248 2149 hostibus
1284 2117 1471 2149 transfixo:
1509 2117 1586 2160 ipse
1608 2127 1691 2149 vero

268 2168 376 2202 eques
411 2159 532 2191 stricto
565 2170 648 2191 ense
681 2161 785 2192 alteri
823 2156 930 2205 c'aput
967 2163 1174 2205 amputavit.
1201 2161 1333 2194 deiude
1365 2162 1445 2195 aliis
1471 2162 1500 2195 X
1526 2163 1692 2196 Romanis

267 2204 443 2237 militibus
476 2205 741 2238 accurrentibus
766 2206 850 2239 inde
890 2206 1109 2251 digreditur,
1136 2209 1350 2252 coniungere
1374 2219 1412 2241 se
1438 2219 1517 2240 cum
1541 2208 1694 2252 legioni-

267 2249 335 2282 bus
360 2261 452 2294 quae
487 2256 750 2284 antecesserant
784 2253 941 2297 cupiens.
973 2253 1037 2286 sed
1072 2265 1190 2287 rursus
1223 2254 1371 2298 paulum
1405 2265 1631 2299 progressus,
1657 2260 1694 2293 et

268 2296 463 2328 Turcarum
488 2308 634 2330 occursu
672 2303 709 2330 et
736 2298 946 2332 cadaverum
971 2300 1103 2333 acervis
1126 2301 1165 2333 in
1186 2300 1253 2334 viis
1290 2300 1483 2333 iacentium
1517 2300 1694 2346 impedie-

267 2342 385 2375 batur.
443 2343 495 2387 (4)
522 2343 700 2377 Faucibus
739 2345 817 2378 istis
842 2350 879 2378 et
919 2346 1195 2390 praeterfluente
1229 2357 1332 2379 amne
1358 2358 1461 2390 aegre
1493 2347 1692 2392 superatiss

267 2388 402 2420 alicubi
440 2400 546 2433 super
578 2389 748 2422 cadavera
783 2391 1002 2436 equitando,
1037 2392 1145 2425 aliam
1178 2393 1371 2425 Romanam
1406 2404 1550 2425 manum
1573 2395 1690 2438 cogit,

268 2445 361 2479 quae
399 2434 444 2467 ad
469 2442 696 2480 conspectum
721 2437 797 2469 eius
822 2439 983 2472 accurrit.
1020 2438 1074 2470 ibi
1101 2438 1296 2472 Iohannem
1319 2439 1603 2473 Cantacuzenum
1628 2450 1694 2472 ne-

266 2481 338 2525 ptis
376 2481 542 2514 maritum
575 2493 686 2515 unum
725 2494 804 2515 cum
840 2484 962 2517 multis
986 2489 1129 2517 strenue
1165 2485 1357 2526 dimicare,
1392 2490 1428 2518 et
1454 2485 1538 2518 dum
1562 2486 1692 2520 frustra

267 2526 402 2559 auxilia
422 2528 709 2572 circumspectat,
738 2530 846 2562 sterni
873 2541 912 2562 ac
937 2531 1083 2574 spoliari
1109 2530 1218 2565 videt.
1242 2533 1367 2565 Persae
1391 2542 1474 2565 vero
1501 2531 1562 2577 qui
1587 2531 1692 2571 illum

267 2572 492 2614 occiderant,
526 2579 567 2607 ut
597 2575 847 2619 imperatorem
877 2577 1071 2620 praeterire
1102 2577 1271 2611 viderunt
1303 2579 1437 2622 (neque
1459 2580 1554 2611 enim
1578 2578 1692 2621 latero

267 2623 448 2663 poterat),
473 2621 511 2653 in
536 2619 719 2653 cohortem
745 2622 973 2665 conglobati,
1007 2623 1257 2668 imperatorem
1283 2629 1323 2657 ut
1346 2625 1500 2669 opimam
1522 2623 1691 2669 praedatu

267 2664 459 2709 petebant;
471 2677 576 2711 quem
590 2677 627 2700 se
639 2679 721 2700 mox
736 2674 798 2701 aut
808 2674 972 2713 capturos
986 2675 1048 2703 aut
1061 2670 1310 2703 interfecturos
1327 2670 1576 2715 opinabantur.
1590 2676 1692 2705 erant

268 2711 296 2743 ii
323 2711 389 2746 viri
414 2712 535 2746 eximii
561 2719 596 2747 et
623 2714 728 2748 armis
755 2715 928 2761 insignes,
958 2721 994 2750 et
1021 2727 1142 2752 omnes
1168 2717 1269 2762 equis
1281 2712 1445 2751 'Arabicis
1472 2716 1689 2762 insidebant5
