1838 3210
461 191 531 263 ΒΞ
568 188 820 231 MANUELE
856 188 1118 231 COMNENO
1159 189 1259 229 LIB.
1285 191 1337 229 V.
1519 188 1624 243 217

205 283 228 324 ὅ
257 283 410 339 καιρός.
468 284 566 334 θεὸς
611 287 657 327 δὲ
684 286 869 340 περαίνοι
897 284 950 327 τιὶ
979 287 1308 339 βεβουλευμένα,
1337 285 1409 327 καί
1434 283 1631 339 τράποιτο

203 353 287 392 πᾶν
314 350 510 393 ἀπαίσιον
537 350 642 392 κατὰ
671 353 855 406 κεφαλῆς
882 346 941 392 ὧν
969 350 1044 405 τὴν
1069 350 1214 407 χώραν
1237 351 1459 406 κειρομεν.”

315 434 350 472 7.
414 419 539 459 Ταῦτ’
580 414 708 458 εἰπών
735 416 859 464 αὐτός
886 432 932 457 τε
960 416 1194 470 ὦπλίσατο,
1227 418 1298 458 καί
1325 415 1364 457 οἱ
1388 416 1526 457 λοιποί
1543 416 1633 456 δια-

205 482 395 530 λυθέντες
414 482 488 523 τοῦ
511 480 711 535 συλλόγου
735 480 809 530 τάς
826 480 1052 528 πανοπλίας
1070 482 1331 524 ἐνεδύσαντο.
1351 480 1441 522 ἐπεὶ
1467 482 1512 523 δὲ
1531 480 1578 522 τό
1590 495 1633 522 τε

169 542 316 601 5ἧμαρ
347 546 543 601 ηὕξάνετο
580 543 637 594 ὥς
656 548 699 595 ἐς
727 545 868 601 τρίτην
896 543 1011 600 ὥραν
1028 549 1327 602 προβεβηκέναι
1355 546 1428 587 καί
1463 543 1516 587 τοὶ
1558 542 1635 587 τά-

203 627 340 663 γματα
357 610 539 668 ἐξῄεσαν,
556 607 661 666 ἄρας
677 612 834 653 ἐκεῖθεν
849 609 994 668 προῄει
1007 610 1086 652 σὺν
1099 609 1253 669 κόσμῳ,
1273 614 1350 653 τοῦ
1365 610 1515 660 παντὸς
1532 625 1636 665 προ-

205 675 395 732 αφεστώς
421 675 745 732 στρατεύματος.
774 674 811 718 οἱ
840 678 886 718 δὲ
904 679 1140 731 Σαρακηνοί
1160 676 1235 727 τοὶς
1260 678 1395 726 πύλας
1414 675 1636 729 διαλαβόν-

204 758 271 791 τες
300 740 434 784 κλεισί
458 744 530 784 καί
557 742 728 796 ὄχεῦσι,
768 744 844 784 καί
864 759 958 784 τινα
993 741 1325 798 προπετάσαντες
1354 741 1637 797 μηχανήματα

201 807 359 849 τούτων
398 807 613 862 ἐρύματα,
652 805 796 861 έμενον
840 807 1021 850 ἐπὶτῶν
1047 810 1219 862 τειχῶν,
1259 807 1466 857 παντοίοις
1495 804 1634 857 ὅπλοις

145 871 296 922 ιοτοὺς
323 870 512 921 ἐπιόντας
547 872 876 926 α’ποκρουόμενοι
890 906 904 926 ,
942 876 1015 915 καί
1041 871 1112 916 τὸν
1147 876 1298 926 βέλους
1325 871 1441 923 ἐντὸς
1467 869 1634 915 ἅπαντα

198 939 340 993 χαῖρον
380 941 566 987 τιθέντες
600 938 883 988 ιῖδιεξόδευτον
919 935 982 988 οἷς
1016 954 1060 981 τε
1103 936 1443 995 α’πεσφενδόνουν
1483 939 1529 980 ἐκ
1554 941 1635 980 τῶν

201 1004 410 1053 ἐπάλξεων
438 1005 511 1045 καί
533 998 594 1052 οἷς
620 1005 667 1046 ἐκ
693 1005 819 1055 τόξων
853 1004 1051 1060 ἠφίεσαν.
1104 1003 1210 1046 ἀλλὰ
1236 1005 1384 1059 καίπερ
1418 999 1527 1057 οὕτω
1553 1005 1681 1053 τῶνΡ.
1700 1024 1767 1059 ¹09

200 1067 319 1110 ἔνδον
347 1068 639 1121 ἀμυνομένων,
678 1069 803 1117 αιῖτός
826 1085 869 1111 τε
909 1067 978 1110 τὸν
1011 1068 1138 1111 ἵππον
1173 1067 1378 1118 ἐπελάσας
1420 1067 1526 1111 κατὰ
1564 1071 1687 1124 τῆςν.
1701 1078 1750 1111 88

202 1131 335 1188 πύλης
375 1133 632 1188 Ἀνδρόνικος
674 1133 721 1176 τὸ
763 1135 866 1191 δόρυ
894 1133 1041 1188 ἴθυνε,
1070 1137 1143 1177 καί
1168 1133 1206 1176 οἱ
1236 1133 1399 1185 τοξόται
1424 1135 1494 1176 καὶ
1526 1131 1637 1185 ἅπας

145 1199 340 1253 ιόἓτερος
365 1201 543 1255 ἐνεργεῖς
570 1201 826 1253 ἐδείκνυντο,
857 1201 907 1242 αἴ
931 1216 975 1242 τε
1016 1198 1238 1255 σάλπιγγες
1265 1199 1399 1242 πυκνὰ
1428 1201 1637 1242 ένεπνέον-

200 1281 268 1317 το,
297 1263 341 1307 τὸ
365 1264 668 1320 παρακλητικὸν
697 1267 740 1316 ἐς
766 1265 906 1321 μάχην
928 1266 1311 1320 παρακελευόμεναι
1320 1298 1332 1319 ,
1359 1265 1432 1307 καί
1455 1263 1638 1322 ἐβαρυὴ-

198 1346 269 1384 χει
297 1328 350 1372 τὰ
377 1327 597 1384 κύμβαλα,
641 1331 698 1380 ὥς
735 1330 834 1380 τούς
865 1333 925 1381 εἰς
962 1329 1014 1374 τά
1044 1331 1161 1387 τείχη
1190 1331 1262 1373 καί
1287 1330 1364 1381 τοὶς
1391 1331 1538 1387 βάρεις
1568 1332 1637 1372 ἐκ-

200 1398 405 1450 πλαγῆναι
447 1396 524 1452 τὴν
573 1398 654 1439 τῶν
677 1398 894 1451 Ῥωμαίων
920 1396 1083 1453 α’θρόαν
1118 1396 1297 1453 ἐμβολὴν
1325 1399 1397 1440 καί
1422 1399 1638 1440 ἑπέλευσιν

202 1465 275 1504 καί
300 1460 352 1504 τά
383 1464 428 1505 ἐκ
467 1466 674 1505 παντοίων
697 1459 883 1518 ὄργάνων
918 1464 1133 1520 ἅφέματα.
1187 1460 1269 1520 ἤδη
1298 1466 1346 1507 δὲ
1371 1466 1456 1506 τῶν
1483 1461 1636 1517 κλιμά-

140 1543 191 1569 20
203 1544 285 1570 κων
315 1529 635 1582 προσαγομένων
661 1528 734 1571 καί
759 1528 860 1571 κατὰ
890 1529 1022 1571 πολλὰ
1051 1532 1159 1586 μέρη
1186 1531 1262 1571 τοῦ
1285 1531 1450 1584 τείχους
1478 1530 1637 1584 ἐρειδο-

202 1595 357 1647 μένων,
386 1593 412 1648 ἧ
452 1595 535 1636 τῶν
560 1596 786 1648 γινομένων
823 1595 990 1650 α’γγελύι
1033 1596 1148 1636 παίει
1184 1595 1257 1637 τὸν
1285 1596 1389 1651 ῥῆγα
1420 1596 1638 1637 διανταίαν

203 1659 373 1714 πληγήν.
430 1657 454 1700 ὅ
484 1660 530 1701 δὲ
559 1656 615 1708 αἷς
642 1655 770 1709 αὐτός
796 1677 832 1702 τι
859 1662 967 1714 μέγα
993 1659 1117 1704 κακὸν
1144 1663 1217 1704 καί
1243 1658 1535 1716 ἄπαράκλητον
1564 1669 1681 1702 τῖε-Β

297 1780 327 1814 7.
349 1761 415 1806 τὰς
437 1767 570 1816 πύλας]
595 1761 662 1807 uic
686 1770 828 1816 πόρτας
852 1771 1130 1816 ἄσφαλίσαντες
1147 1773 1211 1805 καὶ
1238 1772 1318 1817 μετ’
1342 1771 1524 1815 ἀσβέστου
1555 1770 1640 1812 κτή-

297 1825 428 1852 σαντες
452 1817 489 1850 Β.
603 1827 653 1849 12.
680 1817 736 1863 ἐκ]
760 1811 835 1851 ἀπὸ
861 1819 936 1851 τῶν
965 1818 1004 1850 Α.
1141 1818 1190 1862 14.
1214 1817 1254 1851 -ιό
1281 1817 1388 1864 δόρυ]
1423 1817 1639 1859 διηκόντισε

298 1864 347 1903 A,
376 1860 469 1910 ὅπερ
496 1862 631 1908 ἔφερεν
656 1861 729 1898 dmi
755 1869 883 1908 χεῖρας
912 1863 1114 1909 ῥικτάριον
1140 1862 1246 1901 ἐντὸς
1284 1865 1350 1897 τοῦ
1390 1865 1556 1908 κάστρου
1582 1862 1640 1909 ῥί-

296 1915 372 1953 ψας
396 1910 432 1941 Β.
510 1907 560 1943 16.
584 1910 873 1956 ἐγκελευόμεναι
889 1910 929 1943 A.
1007 1923 1055 1954 ¹7·
1082 1903 1125 1944 τὰ
1143 1911 1323 1957 κύμβαλαῙ
1349 1909 1584 1954 α’νακαράδες
1604 1911 1638 1942 Β.

298 1955 552 2004 ἐκπλαγῆναι]
576 1954 628 2002 μὴ
646 1956 817 2002 ἐνεγκεῖν
856 1958 929 1992 τῶν
953 1956 1241 2003 στρατευμάτων
1268 1954 1334 1999 τὴν
1371 1956 1523 2003 α’θρόαν
1547 1957 1639 1990 ἀλα-

297 2000 470 2048 λαγιὶνΑ.

206 2087 416 2133 oportuerit.
444 2086 532 2121 deus
557 2088 707 2121 consilia
742 2093 864 2122 nostra
890 2089 1071 2130 fortunet,
1104 2094 1140 2123 et
1164 2088 1386 2123 calamitates
1411 2089 1450 2122 in
1477 2088 1635 2122 hostium

205 2136 323 2181 capita
345 2135 493 2168 vertat.''

296 2193 328 2227 7.
375 2181 473 2214 Haec
500 2181 640 2214 locutus
666 2186 703 2214 et
726 2181 803 2227 ipse
826 2186 863 2214 et
886 2182 1017 2214 caeteri
1043 2180 1189 2214 dimissa
1213 2181 1385 2214 concione
1410 2193 1508 2215 arma
1529 2192 1638 2227 cepe-

206 2233 300 2261 runt.
328 2233 365 2261 et
389 2227 455 2261 sub
493 2229 637 2261 tertiam
665 2227 739 2261 diei
775 2228 899 2261 horam
923 2229 1082 2272 legiones
1117 2229 1308 2261 instructas
1335 2228 1476 2270 educit,
1500 2229 1634 2274 primus

205 2281 290 2308 ante
312 2285 454 2307 omnem
482 2275 677 2307 exercitum
700 2275 882 2308 incedens.
907 2280 944 2308 at
975 2275 1161 2308 Sarraceni
1183 2281 1303 2319 portas
1332 2276 1437 2308 serris
1463 2280 1500 2309 et
1523 2276 1637 2309 vecti-

204 2322 272 2355 bus
294 2322 522 2361 munierunt,
546 2327 584 2354 et
607 2321 782 2355 machinis
812 2321 1028 2366 quibusdam
1051 2321 1097 2354 ad
1123 2332 1182 2354 eas
1205 2321 1418 2354 muniendas
1441 2323 1635 2366 suspensis,

203 2368 252 2401 ‹le
280 2367 470 2401 moenibus
496 2373 637 2401 nostros
680 2368 777 2401 omni
809 2369 964 2401 telorum
997 2379 1125 2413 genere
1153 2369 1352 2412 petebant,
1387 2373 1428 2401 ut
1450 2369 1544 2402 intra
1568 2369 1634 2402 teli

206 2415 340 2448 iactum
373 2414 510 2447 nemini
547 2414 716 2448 accedere
739 2415 875 2447 liceret.
912 2414 975 2448 sed
1006 2415 1230 2448 Andronicus
1265 2414 1501 2448 nihilominus
1539 2426 1634 2460 equo

207 2461 385 2494 concitato
419 2461 558 2494 hastam
593 2462 633 2494 in
663 2467 803 2506 portam
829 2461 972 2505 dirigit,
1016 2461 1208 2506 sagittariis
1236 2467 1273 2494 et
1295 2462 1445 2494 caeteris
1469 2463 1636 2494 omnibus

207 2512 351 2540 strenuo
368 2507 622 2552 sequentibus,
647 2514 684 2541 et
711 2508 866 2541 classicis
891 2509 1119 2541 continenter
1143 2508 1377 2548 canentibus,
1402 2514 1438 2541 et
1460 2508 1638 2552 tympanis

208 2555 482 2595 resonantibus,
510 2560 550 2588 ut
574 2554 780 2588 defensores
805 2554 904 2588 urbis
932 2554 1052 2588 subito
1076 2556 1316 2588 Romanorum
1338 2555 1475 2600 impetu
1501 2560 1537 2587 et
1562 2560 1637 2587 tor-

207 2604 410 2632 mentorum
432 2600 565 2634 ictibus
589 2602 881 2645 percellerentur.
909 2601 972 2634 sed
999 2613 1079 2634 cum
1106 2602 1177 2634 iam
1199 2601 1322 2635 multis
1345 2612 1527 2634 murorum
1554 2611 1639 2644 par-

206 2644 307 2678 tibus
328 2646 444 2679 scalae
474 2646 768 2689 admoverentur,
808 2659 871 2681 rex
907 2658 948 2680 eo
974 2648 1102 2682 nuntio
1137 2647 1367 2693 perturbatus
1386 2672 1396 2689 ‚
1431 2647 1534 2692 quasi
1557 2647 1636 2691 ipse

206 2702 336 2736 magno
371 2692 466 2725 malo
497 2696 643 2727 affectus
679 2699 743 2727 aut
769 2694 920 2728 fulmine
946 2694 1037 2727 ictus
1073 2700 1190 2735 esset,
1216 2695 1280 2727 diu
1303 2694 1435 2728 tacitus
1460 2693 1571 2726 stetit.
1595 2704 1638 2726 ac

207 2739 267 2772 vix
291 2737 435 2773 tandem
458 2739 560 2784 pulsa
586 2741 650 2774 illa
673 2741 823 2785 caligine
840 2767 848 2783 ‚
876 2752 1068 2775 conscenso
1106 2751 1198 2787 equo
1224 2752 1302 2774 cum
1333 2740 1480 2774 delectis
1506 2739 1634 2774 cohor-
