1878 3230
215 157 326 212 300
623 172 851 215 mcETAE
899 170 1218 214 cuomATAE

213 288 258 314 εν
284 275 341 330 τῷ
378 272 541 327 Ἀλεξίῳ
579 269 653 311 καῖ
677 265 799 318 οὗτος
823 268 898 324 τήν
940 268 1079 319 δεξιάν
1118 271 1176 326 τῷ
1211 268 1447 326 βατραχείῳ
1477 272 1646 320 ἐπιδούς

210 337 404 392 χρώματι
444 333 521 388 τήν
559 336 637 376 τοῦ
682 333 998 389 ,,ε’τηρήθησαν”
1041 335 1322 389 ε’·πισημασιάν
1357 334 1644 387 βραβεύσειεν.

211 396 308 454 ἦγεν
334 396 409 441 οὖν
437 398 493 447 ὥς
518 395 656 453 ᾑρεῖτο
685 399 822 440 πάντα
851 401 924 440 καί
953 399 1271 452 μετεπέπτευεν,
1299 397 1374 440 καί
1399 395 1504 453 ἅπερ
1535 397 1572 440 οἱ
1602 402 1648 442 ἐκ

211 465 446 518 Κομνηνῶν
481 461 681 518 πρότερον
712 466 910 522 ,βασιλεῖς
950 463 1101 519 ἱδρῶσι
1140 467 1336 515 πολλοῖς,
1371 461 1474 505 εἴπω
1505 465 1552 505 δὲ
1577 465 1651 505 καί
1693 498 1696 501 .

211 528 310 576 τούς
359 529 535 581 πένητας
581 527 896 582 καλαμώμενοι,
948 530 1253 583 συλλογιμαιῖος
1299 524 1685 583 α’πεθησαύρισαν5

174 591 429 647 Οχρήματα,
474 594 608 634 ταῦτα
639 595 698 650 τῷ
723 595 1052 650 πρωτοσεβαστῷ
1092 595 1165 635 καί
1199 596 1250 650 τῇ
1289 591 1513 649 βασιλίσσῃ
1543 591 1649 646 πρὸς

212 658 487 710 α’ποχέτευσιν
511 656 752 712 προύκειτο,
781 659 854 699 καί
878 659 925 699 τὸ
948 660 1026 699 τοῦ
1048 657 1299 714 Ἀρχιλόχου
1329 655 1525 713 ἄντικρυς
1555 658 1652 699 ἑπε-

210 725 399 776 ραίνετο,
433 719 458 762 δ’
486 738 637 778 φησιν,
666 725 724 773 εἰς
750 721 910 778 ἔντερον
944 720 1098 778 πόρνης
1129 724 1327 771 πολλάκις
1349 723 1652 777 μεταρρυῖἱτκε-

208 791 314 829 σθαι
353 786 408 829 τοὶ
444 788 585 845 χρόνῳ
624 790 698 829 καί
732 788 843 845 πόνῳ
883 790 1130 842 συλλεγέντα
1168 790 1336 844 μακρᾷ·
1398 787 1646 841 &rufi-9⁶11&

207 852 324 893 πᾶσα
363 850 483 901 πόλις
526 851 628 907 πρὸς
669 853 930 907 Ἀνδρόνικον
973 851 1144 906 swam,
1173 854 1246 894 καί
1271 853 1296 907 ἦ
1320 853 1475 894 ἐκείνου
1505 847 1649 908 ἄφιξις
1667 871 1713 895 ιο

209 915 267 965 ὥς
295 917 341 958 ἐν
367 917 596 974 σκοτομήνῃ
625 916 819 972 λαμπτηρ
843 919 918 959 καί
942 914 1077 972 ἆστὴρ
1111 919 1307 973 α’ρίζηλος
1335 917 1567 968 ἐδοξάζετο.
1594 919 1651 974 τῷ

206 996 270 1023 τοι
298 980 371 1023 καὶ
396 983 538 1036 ἐνῆγον
568 981 638 1024 διὰ
669 980 924 1037 γραμμάτων
964 981 1149 1038 κρύβδην
1176 983 1447 1035 πεμπομένων
1475 981 1514 1023 οἱ
1539 984 1649 1035 μέγα

205 1046 300 1089 τότε
329 1045 552 1101 δυνάμενοι
581 1049 877 1102 καταταχῆσαι
915 1046 994 1102 τὴν
1026 1044 1207 1099 εἴσοδον,
1237 1046 1294 1095 αἱς
1321 1048 1650 1100 α’ντιταξομένων

208 1113 410 1165 οὐδένων,
443 1106 535 1154 οὕτε
560 1112 646 1167 μην
671 1111 776 1167 πρὸς
803 1111 847 1154 τὸ
878 1109 1066 1154 ἅντωπὸν
1093 1114 1168 1166 τῆς
1194 1114 1352 1154 ἐκείνου
1384 1114 1650 1167 στησομένων

207 1179 340 1229 σκιᾶς,
368 1173 459 1219 ἄλλ’
485 1177 654 1226 ὖπτίαις
684 1175 792 1219 δ’λων
822 1178 1159 1230 προσδεξομένων
1185 1178 1311 1231 χερσί
1336 1177 1408 1218 καί
1436 1177 1646 1218 ἆναπετα-
1665 1180 1712 1222 ι5

206 1240 366 1286 σόντων
394 1243 584 1295 ἀσμένως
623 1241 698 1290 τὰς
724 1244 796 1297 τῆς
834 1242 1010 1295 καρδίας
1036 1240 1310 1296 περιπτυχοίς.
1368 1239 1650 1297 διαφερόντως

210 1311 258 1350 δὲ
295 1303 422 1349 αὐτὸν
464 1306 712 1362 παρεκρότει
748 1305 822 1348 καί
858 1307 1106 1362 θαρραλέως
1142 1306 1356 1361 προσιέναι
1388 1308 1593 1349 διένυττεν
1621 1307 1650 1362 ἤ

167 1373 592 1429 Βπορφυρογέννητος
619 1375 777 1428 ΙΠαριά
806 1369 831 1426 ἦ
859 1374 938 1412 τοῦ
962 1373 1170 1425 βασιλέως
1189 1372 1370 1422 Ἀλεξίου
1400 1369 1650 1426 ἒτεροθαλὴς

209 1438 399 1494 ἀδελφή,
429 1439 501 1478 καί
541 1436 562 1479 ὃ
589 1435 808 1492 παριαύων
835 1434 963 1492 ταύτῃ
993 1439 1166 1490 Καῖσαρ
1193 1439 1236 1487 ἐξ
1261 1437 1425 1479 Ἰταλῶν
1455 1432 1646 1490 ὁρμώμε-

204 1518 283 1551 νος.
340 1499 446 1556 αὕτη
474 1500 551 1556 γὰρ
584 1503 888 1556 οἶποπνιγομένη
923 1503 1080 1555 μικροῦ
1110 1503 1170 1558 τῷ
1194 1500 1268 1556 την
1297 1499 1492 1557 πατρῴαν
1521 1503 1645 1553 βασι·
1658 1521 1709 1547 20

203 1569 322 1609 λείαν
348 1566 430 1608 ὑπὸ
460 1569 536 1609 τοῦ
562 1569 908 1622 πρωτοσεβαστοὸ
945 1567 1180 1620 συλᾶσθαι,
1212 1566 1284 1608 καί
1311 1561 1446 1614 ἄλλως
1471 1566 1515 1606 δὲ
1544 1568 1646 1620 θερ-

200 1634 408 1687 μουργίαν
436 1632 701 1686 ἀσπαζομένη
742 1630 815 1672 καί
840 1629 1015 1686 ἆνδρικὴ
1046 1630 1092 1671 τὸ
1132 1632 1328 1686 φρόνημα
1357 1626 1485 1683 οὖσα,
1514 1645 1644 1684 προσ-

201 1698 385 1750 κτωμένη
425 1698 472 1737 δὲ
514 1695 587 1737 καί
623 1692 669 1737 τὸ
709 1693 834 1751 φύσει
880 1695 986 1750 πρὸς
1022 1694 1095 1749 την
1128 1695 1339 1750 μητρυιὰν
1385 1691 1642 1748 βαρύζηλον,

201 1761 302 1815 οὐχὶ
328 1763 532 1816 στέγουσα
559 1761 605 1802 δὲ
635 1761 709 1802 καί
737 1758 782 1802 τὸ
814 1761 1217 1814 παρευδοκιμεῖσθαι
1245 1762 1318 1801 καί
1345 1759 1399 1809 ὦς
1429 1759 1643 1801 ἀντικαθι-

300 1891 328 1912 ι.
354 1871 399 1912 οὗ
428 1879 476 1919 A,
503 1877 599 1912 οὕτω
626 1879 705 1912 1³W.
832 1872 1031 1915 ἐπιδιδούς
1054 1879 1093 1911 A.
1229 1881 1276 1915 18-
1300 1877 1537 1925 {tsqoffltiq’g}
1561 1870 1636 1913 αἰιό

294 1925 425 1971 ἑτέρας
448 1923 590 1972 μητρὸς
614 1925 651 1957 Β.

198 2022 298 2067 prius
323 2021 469 2054 Alexius
496 2031 537 2054 ea
565 2020 718 2054 vidisset
752 2026 788 2054 et
811 2021 930 2053 colore
964 2020 1072 2054 viridi
1096 2020 1365 2064 subscripsisset
1394 2025 1495 2061 „rata
1521 2022 1636 2054 suut.''

198 2069 324 2111 itaque
349 2078 413 2100 suo
439 2067 616 2100 arbitratu
640 2067 806 2100 versabat
832 2067 972 2108 omnia3
999 2073 1036 2100 et
1058 2078 1146 2112 quas
1167 2067 1336 2111 pecunias
1356 2066 1544 2099 Conmenii
1569 2067 1637 2099 inu·

197 2118 382 2158 peratores
414 2114 537 2146 multis
577 2112 770 2146 sudoribus
801 2118 910 2158 atque
948 2113 1056 2146 etiam
1081 2112 1317 2156 deglubendis
1352 2112 1572 2157 pauperibus
1597 2113 1636 2145 iu

198 2161 386 2193 thesauros
416 2159 637 2199 retulerant,
664 2170 722 2191 eas
747 2160 786 2192 in
815 2170 852 2192 se
890 2164 926 2192 et
952 2160 1215 2204 imperatricem
1244 2158 1439 2191 derivabat.
1467 2163 1507 2191 ut
1529 2160 1636 2203 plane

198 2205 239 2238 id
272 2206 375 2238 fieret
410 2205 509 2249 quod
536 2204 770 2238 Archilochus
796 2206 932 2245 scribit,
963 2217 1004 2238 ea
1023 2217 1130 2250 saepe
1155 2206 1193 2238 in
1222 2205 1328 2237 scorti
1357 2203 1525 2248 pudenda
1551 2216 1637 2237 con-

198 2252 333 2291 fluere,
359 2262 452 2295 quae
485 2251 592 2294 longo
618 2251 743 2284 labore
776 2256 812 2284 et
838 2257 999 2295 tempore
1037 2252 1110 2284 sint
1134 2256 1312 2294 congesta.
1340 2251 1424 2283 hinc
1444 2256 1518 2284 tota
1547 2251 1635 2284 civi-

197 2304 252 2332 tas
275 2297 520 2330 Andronicum
545 2297 750 2341 spectabat:
776 2298 853 2330 eius
883 2297 1055 2330 adventus
1085 2303 1125 2330 ut
1150 2298 1210 2329 sax
1235 2297 1273 2329 in
1298 2297 1456 2330 tenebris
1483 2302 1518 2329 et
1542 2298 1633 2329 stel-

195 2345 232 2377 la
258 2343 400 2376 radians
433 2343 699 2387 expectabatur.
727 2354 892 2388 proceres
927 2355 1007 2376 eum
1031 2344 1122 2376 clam
1163 2354 1228 2388 per
1262 2343 1401 2375 litteras
1426 2343 1471 2375 ad
1497 2344 1634 2375 aecelc-

197 2389 349 2423 randum
380 2391 450 2422 iter
473 2389 731 2422 hortabantur:
757 2390 938 2422 neminem
967 2390 1063 2422 enim
1086 2389 1163 2421 fore
1189 2389 1251 2433 qui
1277 2389 1310 2421 ei
1335 2389 1542 2422 adversetur
1572 2396 1635 2422 aut

195 2437 344 2469 umbrae
370 2436 446 2468 eius
475 2446 512 2468 se
537 2441 718 2480 opponat,
755 2435 819 2468 sed
846 2446 968 2468 omnes
1002 2435 1140 2480 supinis
1165 2434 1331 2467 manibus
1356 2447 1435 2467 eum
1463 2441 1634 2479 exceptu-

195 2494 274 2524 ros,
301 2488 338 2515 et
374 2482 520 2515 intimos
554 2481 714 2514 cordium
748 2492 907 2514 recessus
939 2482 972 2514 ei
997 2481 1155 2514 libenter
1182 2481 1410 2514 revelaturos.
1443 2483 1480 2514 in
1508 2482 1635 2526 primis

193 2539 279 2568 vero
309 2529 423 2561 Maria
445 2527 762 2572 Porphyrogenita,
786 2528 1010 2572 imperatoris
1039 2528 1155 2560 Alexii
1180 2538 1346 2571 germana
1365 2528 1427 2560 sed
1452 2539 1525 2560 non
1550 2534 1632 2560 ute-

194 2576 275 2608 rina
299 2585 415 2616 soror,
442 2586 523 2607 eum
548 2574 803 2614 confirmabat,
842 2580 878 2607 et
905 2574 1034 2606 Caesar
1058 2574 1134 2606 eius
1160 2574 1308 2606 maritus
1336 2575 1483 2607 natione
1509 2575 1630 2607 Italus.

193 2632 288 2666 quae
325 2632 404 2653 cum
439 2621 633 2665 aegerrime
668 2626 852 2665 pateretur
893 2626 1081 2664 paternum
1119 2621 1307 2664 imperium
1354 2621 1629 2653 sebastocratori

194 2667 349 2710 praedae
379 2679 479 2710 esse3
511 2673 546 2700 et
571 2667 708 2711 alioqui
748 2666 934 2699 iracundia
959 2667 1088 2700 mulier
1116 2672 1152 2699 et
1176 2667 1294 2708 virago
1310 2693 1318 2706 ‚
1339 2667 1494 2699 naturali
1521 2667 1629 2698 etiam

192 2715 232 2749 in
255 2725 441 2750 novercam
467 2713 551 2749 odio
588 2714 762 2754 incitata,
794 2719 979 2760 praetcrea
1013 2713 1204 2760 superioris
1238 2713 1428 2760 impatiens
1467 2718 1503 2747 et
1527 2724 1563 2746 se
1591 2718 1629 2746 ut
