<?xml version="1.0" encoding="UTF-8"?>
<!DOCTYPE html PUBLIC "-//W3C//DTD XHTML 1.0 Transitional//EN"
    "http://www.w3.org/TR/xhtml1/DTD/xhtml1-transitional.dtd">
<html xmlns="http://www.w3.org/1999/xhtml" xml:lang="en" lang="en">
 <head>
  <title>
</title>
<meta http-equiv="Content-Type" content="text/html;charset=utf-8" />
  <meta name='ocr-system' content='tesseract 3.04.00' />
  <meta name='ocr-capabilities' content='ocr_page ocr_carea ocr_par ocr_line ocrx_word'/>
</head>
<body>
  <div class='ocr_page' id='page_1' title='image "./corpusscriptorum41niebuoft/corpusscriptorum41niebuoft_0311.png"; bbox 0 0 1838 3210; ppageno 0'>
   <div class='ocr_carea' id='block_1_1' title="bbox 471 162 1634 223">
    <p class='ocr_par' dir='ltr' id='par_1_1' title="bbox 471 162 1634 223">
     <span class='ocr_line' id='line_1_1' title="bbox 471 162 1634 223; baseline 0.003 -5"><span class='ocrx_word' id='word_1_1' title='bbox 471 179 541 219; x_wconf 82' lang='lat' dir='ltr'><strong><em>DE</em></strong></span> <span class='ocrx_word' id='word_1_2' title='bbox 576 175 831 219; x_wconf 75' lang='lat' dir='ltr'><strong>MANUELE</strong></span> <span class='ocrx_word' id='word_1_3' title='bbox 870 178 1150 222; x_wconf 80' lang='lat' dir='ltr'><strong>coMNENo</strong></span> <span class='ocrx_word' id='word_1_4' title='bbox 1174 181 1272 221; x_wconf 55' lang='lat'>1213.</span> <span class='ocrx_word' id='word_1_5' title='bbox 1300 183 1391 223; x_wconf 84' lang='lat' dir='ltr'><strong><em>vu.</em></strong></span> <span class='ocrx_word' id='word_1_6' title='bbox 1527 162 1634 222; x_wconf 75' lang='lat'><strong><em>281</em></strong></span> 
     </span>
    </p>
   </div>
   <div class='ocr_carea' id='block_1_2' title="bbox 139 275 1783 1912">
    <p class='ocr_par' dir='ltr' id='par_1_2' title="bbox 139 275 1783 1912">
     <span class='ocr_line' id='line_1_2' title="bbox 204 275 1646 335; baseline 0.001 -16"><span class='ocrx_word' id='word_1_7' title='bbox 204 276 276 319; x_wconf 68' lang='grc' dir='ltr'><strong><em>καὶ</em></strong></span> <span class='ocrx_word' id='word_1_8' title='bbox 304 280 378 334; x_wconf 75' lang='grc' dir='ltr'><strong><em>τῆς</em></strong></span> <span class='ocrx_word' id='word_1_9' title='bbox 411 282 666 333; x_wconf 85' lang='grc' dir='ltr'><strong><em>πολυοχλιάς</em></strong></span> <span class='ocrx_word' id='word_1_10' title='bbox 693 276 1025 332; x_wconf 82' lang='grc' dir='ltr'><strong><em>α’πανιστάμενος</em></strong></span> <span class='ocrx_word' id='word_1_11' title='bbox 1062 280 1136 328; x_wconf 76' lang='grc' dir='ltr'>καί</span> <span class='ocrx_word' id='word_1_12' title='bbox 1161 275 1272 329; x_wconf 78' lang='grc' dir='ltr'><strong><em>ἅπας</em></strong></span> <span class='ocrx_word' id='word_1_13' title='bbox 1298 282 1374 335; x_wconf 82' lang='grc' dir='ltr'><strong><em>τῆς</em></strong></span> <span class='ocrx_word' id='word_1_14' title='bbox 1399 282 1646 333; x_wconf 75' lang='grc' dir='ltr'><strong><em>νοσοκομίας</em></strong></span> 
     </span>
     <span class='ocr_line' id='line_1_3' title="bbox 201 340 1646 401; baseline 0.003 -17"><span class='ocrx_word' id='word_1_15' title='bbox 201 342 424 397; x_wconf 81' lang='grc' dir='ltr'><strong><em>γινόμενος,</em></strong></span> <span class='ocrx_word' id='word_1_16' title='bbox 452 345 772 394; x_wconf 81' lang='grc' dir='ltr'><strong><em>διαπλωΐζονται</em></strong></span> <span class='ocrx_word' id='word_1_17' title='bbox 793 346 923 386; x_wconf 82' lang='grc' dir='ltr'><strong><em>ἐκεῖσε</em></strong></span> <span class='ocrx_word' id='word_1_18' title='bbox 938 347 1140 401; x_wconf 77' lang='grc' dir='ltr'><strong><em>βασιλικῷ</em></strong></span> <span class='ocrx_word' id='word_1_19' title='bbox 1170 345 1415 399; x_wconf 80' lang='grc' dir='ltr'><strong><em>ἑπιτάγματι</em></strong></span> <span class='ocrx_word' id='word_1_20' title='bbox 1443 340 1467 386; x_wconf 79' lang='grc' dir='ltr'><strong><em>ὅ</em></strong></span> <span class='ocrx_word' id='word_1_21' title='bbox 1493 362 1536 389; x_wconf 79' lang='grc' dir='ltr'><strong><em>τε</em></strong></span> <span class='ocrx_word' id='word_1_22' title='bbox 1561 347 1646 388; x_wconf 77' lang='grc' dir='ltr'><strong><em>τῶν</em></strong></span> 
     </span>
     <span class='ocr_line' id='line_1_4' title="bbox 203 406 1645 467; baseline 0.003 -18"><span class='ocrx_word' id='word_1_23' title='bbox 203 410 435 464; x_wconf 70' lang='grc' dir='ltr'><strong><em>ἀρχιερέων</em></strong></span> <span class='ocrx_word' id='word_1_24' title='bbox 451 410 650 462; x_wconf 82' lang='grc' dir='ltr'><strong><em>σύλλογος</em></strong></span> <span class='ocrx_word' id='word_1_25' title='bbox 678 408 751 450; x_wconf 74' lang='grc' dir='ltr'><strong><em>καὶ</em></strong></span> <span class='ocrx_word' id='word_1_26' title='bbox 767 406 859 450; x_wconf 77' lang='grc' dir='ltr'><strong><em>ὅσοι</em></strong></span> <span class='ocrx_word' id='word_1_27' title='bbox 886 408 935 451; x_wconf 75' lang='grc' dir='ltr'><strong><em>τὸ</em></strong></span> <span class='ocrx_word' id='word_1_28' title='bbox 957 414 1174 464; x_wconf 84' lang='grc' dir='ltr'><strong><em>πρεσβεῖον</em></strong></span> <span class='ocrx_word' id='word_1_29' title='bbox 1191 412 1237 452; x_wconf 83' lang='grc' dir='ltr'><strong><em>ἐκ</em></strong></span> <span class='ocrx_word' id='word_1_30' title='bbox 1258 413 1342 453; x_wconf 76' lang='grc' dir='ltr'><strong><em>τῶν</em></strong></span> <span class='ocrx_word' id='word_1_31' title='bbox 1365 409 1498 466; x_wconf 87' lang='grc' dir='ltr'><strong><em>λόγων</em></strong></span> <span class='ocrx_word' id='word_1_32' title='bbox 1523 410 1645 467; x_wconf 73' lang='grc' dir='ltr'><strong><em>ἐκτή-</em></strong></span> 
     </span>
     <span class='ocr_line' id='line_1_5' title="bbox 202 470 1648 533; baseline 0.001 -17"><span class='ocrx_word' id='word_1_33' title='bbox 202 490 346 517; x_wconf 89' lang='grc' dir='ltr'><strong><em>σαντο.</em></strong></span> <span class='ocrx_word' id='word_1_34' title='bbox 376 476 468 517; x_wconf 68' lang='grc' dir='ltr'><strong><em>ἀλλ’</em></strong></span> <span class='ocrx_word' id='word_1_35' title='bbox 498 470 616 516; x_wconf 65' lang='grc' dir='ltr'><strong><em>οὔπω</em></strong></span> <span class='ocrx_word' id='word_1_36' title='bbox 638 478 837 530; x_wconf 78' lang='grc' dir='ltr'><em>καθαρῶς</em></span> <span class='ocrx_word' id='word_1_37' title='bbox 862 479 945 517; x_wconf 75' lang='grc' dir='ltr'><strong><em>ταῖν</em></strong></span> <span class='ocrx_word' id='word_1_38' title='bbox 969 477 1207 529; x_wconf 81' lang='grc' dir='ltr'><strong><em>λεμβαδίων</em></strong></span> <span class='ocrx_word' id='word_1_39' title='bbox 1231 478 1462 533; x_wconf 83' lang='grc' dir='ltr'><strong><em>α’πέβησαν,</em></strong></span> <span class='ocrx_word' id='word_1_40' title='bbox 1488 481 1565 520; x_wconf 80' lang='grc' dir='ltr'><strong><em>καί</em></strong></span> <span class='ocrx_word' id='word_1_41' title='bbox 1583 494 1648 528; x_wconf 86' lang='grc' dir='ltr'><strong><em>τις</em></strong></span> 
     </span>
     <span class='ocr_line' id='line_1_6' title="bbox 166 537 1648 597; baseline 0 -14"><span class='ocrx_word' id='word_1_42' title='bbox 166 542 190 583; x_wconf 83' lang='grc'>5</span> <span class='ocrx_word' id='word_1_43' title='bbox 205 541 290 582; x_wconf 69' lang='grc' dir='ltr'><strong><em>τῶν</em></strong></span> <span class='ocrx_word' id='word_1_44' title='bbox 306 539 422 595; x_wconf 78' lang='grc' dir='ltr'><strong><em>παρὰ</em></strong></span> <span class='ocrx_word' id='word_1_45' title='bbox 441 542 500 596; x_wconf 75' lang='grc' dir='ltr'><strong><em>τῷ</em></strong></span> <span class='ocrx_word' id='word_1_46' title='bbox 523 543 696 593; x_wconf 81' lang='grc' dir='ltr'><strong><em>βασιλεῖ</em></strong></span> <span class='ocrx_word' id='word_1_47' title='bbox 716 543 954 596; x_wconf 73' lang='grc' dir='ltr'><strong><em>παρρησίαν</em></strong></span> <span class='ocrx_word' id='word_1_48' title='bbox 979 537 1159 594; x_wconf 80' lang='grc' dir='ltr'><strong><em>ἐχόντων</em></strong></span> <span class='ocrx_word' id='word_1_49' title='bbox 1185 543 1259 583; x_wconf 84' lang='grc' dir='ltr'><em>καί</em></span> <span class='ocrx_word' id='word_1_50' title='bbox 1286 541 1338 584; x_wconf 81' lang='grc' dir='ltr'><strong><em>τὰ</em></strong></span> <span class='ocrx_word' id='word_1_51' title='bbox 1365 545 1541 597; x_wconf 83' lang='grc' dir='ltr'><strong><em>μέγιστα</em></strong></span> <span class='ocrx_word' id='word_1_52' title='bbox 1571 545 1648 585; x_wconf 84' lang='grc' dir='ltr'><strong><em>δυ-</em></strong></span> 
     </span>
     <span class='ocr_line' id='line_1_7' title="bbox 202 603 1650 663; baseline 0.003 -17"><span class='ocrx_word' id='word_1_53' title='bbox 202 606 395 658; x_wconf 85' lang='grc' dir='ltr'><strong><em>ναμένων</em></strong></span> <span class='ocrx_word' id='word_1_54' title='bbox 411 605 772 659; x_wconf 71' lang='grc' dir='ltr'><strong><em>ὑπογραμματέων</em></strong></span> <span class='ocrx_word' id='word_1_55' title='bbox 800 608 1041 660; x_wconf 79' lang='grc' dir='ltr'><strong><em>ἐφίσταται.</em></strong></span> <span class='ocrx_word' id='word_1_56' title='bbox 1101 604 1124 646; x_wconf 77' lang='grc' dir='ltr'><strong><em>ὅ</em></strong></span> <span class='ocrx_word' id='word_1_57' title='bbox 1158 605 1417 663; x_wconf 74' lang='grc' dir='ltr'><strong><em>ΙΙΙατζοῦκης</em></strong></span> <span class='ocrx_word' id='word_1_58' title='bbox 1445 603 1496 662; x_wconf 80' lang='grc' dir='ltr'><strong><em>ἦν</em></strong></span> <span class='ocrx_word' id='word_1_59' title='bbox 1526 604 1650 659; x_wconf 77' lang='grc' dir='ltr'><strong><em>οὗτος</em></strong></span> 
     </span>
     <span class='ocr_line' id='line_1_8' title="bbox 203 668 1648 730; baseline 0.002 -17"><span class='ocrx_word' id='word_1_60' title='bbox 203 671 446 725; x_wconf 84' lang='grc' dir='ltr'><strong><em>Θεόδωρος,</em></strong></span> <span class='ocrx_word' id='word_1_61' title='bbox 485 669 558 711; x_wconf 81' lang='grc' dir='ltr'><em>καί</em></span> <span class='ocrx_word' id='word_1_62' title='bbox 582 668 687 723; x_wconf 85' lang='grc' dir='ltr'><strong><em>πρός</em></strong></span> <span class='ocrx_word' id='word_1_63' title='bbox 714 685 759 711; x_wconf 87' lang='grc' dir='ltr'><strong><em>τε</em></strong></span> <span class='ocrx_word' id='word_1_64' title='bbox 805 669 877 712; x_wconf 83' lang='grc' dir='ltr'><strong><em>τὸν</em></strong></span> <span class='ocrx_word' id='word_1_65' title='bbox 904 669 1168 725; x_wconf 81' lang='grc' dir='ltr'><strong><em>πατριάρχην</em></strong></span> <span class='ocrx_word' id='word_1_66' title='bbox 1195 671 1269 713; x_wconf 79' lang='grc' dir='ltr'><em>καί</em></span> <span class='ocrx_word' id='word_1_67' title='bbox 1294 671 1371 727; x_wconf 74' lang='grc' dir='ltr'><strong><em>τὴν</em></strong></span> <span class='ocrx_word' id='word_1_68' title='bbox 1397 676 1481 715; x_wconf 81' lang='grc' dir='ltr'><strong><em>τῶν</em></strong></span> <span class='ocrx_word' id='word_1_69' title='bbox 1502 672 1648 730; x_wconf 76' lang='grc' dir='ltr'><strong><em>ἀρχιε-</em></strong></span> 
     </span>
     <span class='ocr_line' id='line_1_9' title="bbox 201 733 1686 795; baseline 0.002 -16"><span class='ocrx_word' id='word_1_70' title='bbox 201 739 308 792; x_wconf 82' lang='grc' dir='ltr'><strong><em>ρέων</em></strong></span> <span class='ocrx_word' id='word_1_71' title='bbox 340 733 543 790; x_wconf 77' lang='grc' dir='ltr'><strong><em>ὁμήγυριν</em></strong></span> <span class='ocrx_word' id='word_1_72' title='bbox 573 734 647 777; x_wconf 86' lang='grc' dir='ltr'><strong><em>τὸν</em></strong></span> <span class='ocrx_word' id='word_1_73' title='bbox 674 733 796 790; x_wconf 86' lang='grc' dir='ltr'><strong><em>λόγον</em></strong></span> <span class='ocrx_word' id='word_1_74' title='bbox 829 733 1152 789; x_wconf 81' lang='grc' dir='ltr'><strong><em>ἆποτεινάμενος</em></strong></span> <span class='ocrx_word' id='word_1_75' title='bbox 1184 736 1261 791; x_wconf 75' lang='grc' dir='ltr'><strong><em>την</em></strong></span> <span class='ocrx_word' id='word_1_76' title='bbox 1289 740 1369 791; x_wconf 79' lang='grc' dir='ltr'><strong><em>μὲν</em></strong></span> <span class='ocrx_word' id='word_1_77' title='bbox 1397 740 1440 789; x_wconf 79' lang='grc' dir='ltr'><strong><em>ἐς</em></strong></span> <span class='ocrx_word' id='word_1_78' title='bbox 1470 739 1546 782; x_wconf 80' lang='grc' dir='ltr'><strong><em>τὸν</em></strong></span> <span class='ocrx_word' id='word_1_79' title='bbox 1569 743 1686 795; x_wconf 83' lang='grc' dir='ltr'><strong><em>βα-Β</em></strong></span> 
     </span>
     <span class='ocr_line' id='line_1_10' title="bbox 201 798 1783 860; baseline 0.003 -16"><span class='ocrx_word' id='word_1_80' title='bbox 201 804 322 845; x_wconf 82' lang='grc' dir='ltr'><strong><em>σιλέα</em></strong></span> <span class='ocrx_word' id='word_1_81' title='bbox 362 800 544 857; x_wconf 87' lang='grc' dir='ltr'><strong><em>πάροδον</em></strong></span> <span class='ocrx_word' id='word_1_82' title='bbox 571 801 630 856; x_wconf 75' lang='grc' dir='ltr'><strong><em>μὴ</em></strong></span> <span class='ocrx_word' id='word_1_83' title='bbox 669 798 776 843; x_wconf 80' lang='grc' dir='ltr'><strong><em>εἶναι</em></strong></span> <span class='ocrx_word' id='word_1_84' title='bbox 813 800 943 857; x_wconf 82' lang='grc' dir='ltr'><strong><em>ἔφησε</em></strong></span> <span class='ocrx_word' id='word_1_85' title='bbox 975 801 1071 844; x_wconf 80' lang='grc' dir='ltr'><strong><em>νυνί</em></strong></span> <span class='ocrx_word' id='word_1_86' title='bbox 1094 801 1271 858; x_wconf 80' lang='grc' dir='ltr'><strong><em>ἑφικτὴν</em></strong></span> <span class='ocrx_word' id='word_1_87' title='bbox 1309 803 1380 845; x_wconf 84' lang='grc' dir='ltr'><strong><em>διά</em></strong></span> <span class='ocrx_word' id='word_1_88' title='bbox 1408 821 1449 847; x_wconf 90' lang='grc' dir='ltr'><strong><em>τι</em></strong></span> <span class='ocrx_word' id='word_1_89' title='bbox 1475 811 1701 860; x_wconf 63' lang='lat' dir='ltr'><strong>napae-V-</strong></span> <span class='ocrx_word' id='word_1_90' title='bbox 1722 812 1783 845; x_wconf 80' lang='lat'><strong><em>1¹5</em></strong></span> 
     </span>
     <span class='ocr_line' id='line_1_11' title="bbox 144 867 1650 925; baseline 0.001 -14"><span class='ocrx_word' id='word_1_91' title='bbox 144 885 190 911; x_wconf 84' lang='grc' dir='ltr'><strong><em>ιο</em></strong></span> <span class='ocrx_word' id='word_1_92' title='bbox 204 869 374 923; x_wconf 81' lang='grc' dir='ltr'><strong><em>φρῆσαν</em></strong></span> <span class='ocrx_word' id='word_1_93' title='bbox 408 869 455 909; x_wconf 80' lang='grc' dir='ltr'><strong><em>ἐκ</em></strong></span> <span class='ocrx_word' id='word_1_94' title='bbox 490 869 566 921; x_wconf 80' lang='grc' dir='ltr'><strong><em>τῆς</em></strong></span> <span class='ocrx_word' id='word_1_95' title='bbox 613 867 734 909; x_wconf 87' lang='grc' dir='ltr'><strong><em>νόσου</em></strong></span> <span class='ocrx_word' id='word_1_96' title='bbox 773 867 995 921; x_wconf 84' lang='grc' dir='ltr'><strong><em>ἐμπόδιον,</em></strong></span> <span class='ocrx_word' id='word_1_97' title='bbox 1035 870 1089 924; x_wconf 84' lang='grc' dir='ltr'><strong><em>τῇ</em></strong></span> <span class='ocrx_word' id='word_1_98' title='bbox 1128 869 1175 909; x_wconf 83' lang='grc' dir='ltr'><strong><em>δὲ</em></strong></span> <span class='ocrx_word' id='word_1_99' title='bbox 1214 868 1371 911; x_wconf 79' lang='grc' dir='ltr'><strong><em>τούτων</em></strong></span> <span class='ocrx_word' id='word_1_100' title='bbox 1416 871 1650 925; x_wconf 73' lang='grc' dir='ltr'><strong><em>ἀναγνώσει</em></strong></span> 
     </span>
     <span class='ocr_line' id='line_1_12' title="bbox 201 931 1650 990; baseline 0.003 -15"><span class='ocrx_word' id='word_1_101' title='bbox 201 935 426 987; x_wconf 80' lang='grc' dir='ltr'><strong><em>προσέχειν</em></strong></span> <span class='ocrx_word' id='word_1_102' title='bbox 459 931 622 987; x_wconf 84' lang='grc' dir='ltr'><strong><em>χρεών,</em></strong></span> <span class='ocrx_word' id='word_1_103' title='bbox 666 931 766 982; x_wconf 76' lang='grc' dir='ltr'><strong><em>τούς</em></strong></span> <span class='ocrx_word' id='word_1_104' title='bbox 806 932 973 988; x_wconf 81' lang='grc' dir='ltr'><strong><em>χάρτας</em></strong></span> <span class='ocrx_word' id='word_1_105' title='bbox 1013 934 1159 985; x_wconf 75' lang='grc' dir='ltr'><strong><em>δείξας</em></strong></span> <span class='ocrx_word' id='word_1_106' title='bbox 1200 935 1346 985; x_wconf 66' lang='grc' dir='ltr'><strong><em>αὐτοῖς</em></strong></span> <span class='ocrx_word' id='word_1_107' title='bbox 1371 935 1470 985; x_wconf 75' lang='grc' dir='ltr'><strong><em>τους</em></strong></span> <span class='ocrx_word' id='word_1_108' title='bbox 1507 939 1551 978; x_wconf 83' lang='grc' dir='ltr'><strong><em>ἐν</em></strong></span> <span class='ocrx_word' id='word_1_109' title='bbox 1577 952 1650 990; x_wconf 84' lang='grc' dir='ltr'><strong><em>χε-</em></strong></span> 
     </span>
     <span class='ocr_line' id='line_1_13' title="bbox 201 995 1648 1056; baseline 0.003 -16"><span class='ocrx_word' id='word_1_110' title='bbox 201 1005 304 1054; x_wconf 83' lang='grc' dir='ltr'><strong><em>ροῖν.</em></strong></span> <span class='ocrx_word' id='word_1_111' title='bbox 360 995 413 1055; x_wconf 81' lang='grc' dir='ltr'><strong><em>ἤν</em></strong></span> <span class='ocrx_word' id='word_1_112' title='bbox 441 1001 488 1041; x_wconf 79' lang='grc' dir='ltr'><strong><em>δὲ</em></strong></span> <span class='ocrx_word' id='word_1_113' title='bbox 516 998 539 1040; x_wconf 83' lang='grc' dir='ltr'>ὅ</span> <span class='ocrx_word' id='word_1_114' title='bbox 566 1001 645 1052; x_wconf 82' lang='grc' dir='ltr'><strong><em>μὲν</em></strong></span> <span class='ocrx_word' id='word_1_115' title='bbox 682 1000 782 1054; x_wconf 77' lang='grc' dir='ltr'><strong><em>περὶ</em></strong></span> <span class='ocrx_word' id='word_1_116' title='bbox 814 1001 891 1042; x_wconf 81' lang='grc' dir='ltr'><strong><em>τοῦ</em></strong></span> <span class='ocrx_word' id='word_1_117' title='bbox 930 1000 1202 1055; x_wconf 82' lang='grc' dir='ltr'><strong><em>προκειμένου</em></strong></span> <span class='ocrx_word' id='word_1_118' title='bbox 1236 999 1440 1055; x_wconf 84' lang='grc' dir='ltr'><strong><em>δόγματος</em></strong></span> <span class='ocrx_word' id='word_1_119' title='bbox 1469 1004 1648 1056; x_wconf 83' lang='grc' dir='ltr'><strong><em>διαλαμ-</em></strong></span> 
     </span>
     <span class='ocr_line' id='line_1_14' title="bbox 197 1062 1649 1122; baseline 0.002 -15"><span class='ocrx_word' id='word_1_120' title='bbox 197 1063 358 1119; x_wconf 83' lang='grc' dir='ltr'><strong><em>βάνων,</em></strong></span> <span class='ocrx_word' id='word_1_121' title='bbox 393 1062 441 1107; x_wconf 82' lang='grc' dir='ltr'><strong><em>ὅν</em></strong></span> <span class='ocrx_word' id='word_1_122' title='bbox 457 1099 469 1118; x_wconf 97' lang='grc'><strong><em>,</em></strong></span> <span class='ocrx_word' id='word_1_123' title='bbox 498 1064 554 1115; x_wconf 78' lang='grc' dir='ltr'><strong><em>ὥς</em></strong></span> <span class='ocrx_word' id='word_1_124' title='bbox 582 1064 832 1120; x_wconf 80' lang='grc' dir='ltr'><strong><em>εἰρήκαμεν,</em></strong></span> <span class='ocrx_word' id='word_1_125' title='bbox 858 1065 1106 1120; x_wconf 70' lang='grc' dir='ltr'><strong><em>ὑπογράψαι</em></strong></span> <span class='ocrx_word' id='word_1_126' title='bbox 1133 1067 1231 1116; x_wconf 81' lang='grc' dir='ltr'><strong><em>τούς</em></strong></span> <span class='ocrx_word' id='word_1_127' title='bbox 1259 1067 1544 1118; x_wconf 69' lang='grc' dir='ltr'><strong><em>συνελθόντας</em></strong></span> <span class='ocrx_word' id='word_1_128' title='bbox 1570 1068 1649 1122; x_wconf 78' lang='grc' dir='ltr'><strong><em>α’ρ-</em></strong></span> 
     </span>
     <span class='ocr_line' id='line_1_15' title="bbox 202 1129 1649 1190; baseline 0.003 -17"><span class='ocrx_word' id='word_1_129' title='bbox 202 1137 358 1186; x_wconf 85' lang='grc' dir='ltr'><strong><em>χιερεῖς</em></strong></span> <span class='ocrx_word' id='word_1_130' title='bbox 391 1130 462 1174; x_wconf 79' lang='grc' dir='ltr'><strong><em>διὰ</em></strong></span> <span class='ocrx_word' id='word_1_131' title='bbox 489 1133 678 1186; x_wconf 75' lang='grc' dir='ltr'><strong><em>σπουδῆς</em></strong></span> <span class='ocrx_word' id='word_1_132' title='bbox 705 1129 726 1172; x_wconf 84' lang='grc' dir='ltr'><strong><em>ὅ</em></strong></span> <span class='ocrx_word' id='word_1_133' title='bbox 752 1132 1020 1188; x_wconf 66' lang='grc' dir='ltr'><strong><em>αὐτοκράτωρ</em></strong></span> <span class='ocrx_word' id='word_1_134' title='bbox 1053 1134 1238 1174; x_wconf 73' lang='grc' dir='ltr'><strong><em>ἐτίθετο·</em></strong></span> <span class='ocrx_word' id='word_1_135' title='bbox 1296 1132 1317 1175; x_wconf 80' lang='grc' dir='ltr'><em>ὅ</em></span> <span class='ocrx_word' id='word_1_136' title='bbox 1349 1135 1385 1176; x_wconf 84' lang='grc' dir='ltr'><strong><em>δ’</em></strong></span> <span class='ocrx_word' id='word_1_137' title='bbox 1413 1135 1550 1190; x_wconf 73' lang='grc' dir='ltr'><strong><em>ἕτερος</em></strong></span> <span class='ocrx_word' id='word_1_138' title='bbox 1576 1134 1649 1178; x_wconf 82' lang='grc' dir='ltr'><strong><em>τὸν</em></strong></span> 
     </span>
     <span class='ocr_line' id='line_1_16' title="bbox 144 1195 1652 1258; baseline 0.003 -19"><span class='ocrx_word' id='word_1_139' title='bbox 144 1199 378 1251; x_wconf 77' lang='grc' dir='ltr'><strong><em>ιὸβασιλέα</em></strong></span> <span class='ocrx_word' id='word_1_140' title='bbox 406 1195 515 1252; x_wconf 79' lang='grc' dir='ltr'><strong><em>ἔχων</em></strong></span> <span class='ocrx_word' id='word_1_141' title='bbox 550 1197 840 1251; x_wconf 86' lang='grc' dir='ltr'><strong><em>διαλεγόμενον</em></strong></span> <span class='ocrx_word' id='word_1_142' title='bbox 863 1199 921 1255; x_wconf 71' lang='grc' dir='ltr'><strong><em>τῷ</em></strong></span> <span class='ocrx_word' id='word_1_143' title='bbox 962 1199 1234 1252; x_wconf 74' lang='grc' dir='ltr'><strong><em>α’ρχιποᾲιενί</em></strong></span> <span class='ocrx_word' id='word_1_144' title='bbox 1257 1215 1303 1241; x_wconf 89' lang='grc' dir='ltr'><strong><em>τε</em></strong></span> <span class='ocrx_word' id='word_1_145' title='bbox 1334 1201 1546 1258; x_wconf 75' lang='grc' dir='ltr'><strong><em>Θεοδοσίῳ</em></strong></span> <span class='ocrx_word' id='word_1_146' title='bbox 1577 1200 1652 1243; x_wconf 72' lang='grc' dir='ltr'><strong><em>καὶ</em></strong></span> 
     </span>
     <span class='ocr_line' id='line_1_17' title="bbox 200 1259 1649 1324; baseline 0.003 -20"><span class='ocrx_word' id='word_1_147' title='bbox 200 1263 250 1320; x_wconf 82' lang='grc' dir='ltr'><strong><em>τῇ</em></strong></span> <span class='ocrx_word' id='word_1_148' title='bbox 271 1259 433 1321; x_wconf 79' lang='grc' dir='ltr'><strong><em>συνόδῳ</em></strong></span> <span class='ocrx_word' id='word_1_149' title='bbox 459 1263 584 1305; x_wconf 83' lang='grc' dir='ltr'><strong><em>ου’δὲν</em></strong></span> <span class='ocrx_word' id='word_1_150' title='bbox 626 1261 794 1320; x_wconf 84' lang='grc' dir='ltr'><strong><em>μέτριον</em></strong></span> <span class='ocrx_word' id='word_1_151' title='bbox 821 1263 921 1305; x_wconf 69' lang='grc' dir='ltr'><strong><em>οὐδὲ</em></strong></span> <span class='ocrx_word' id='word_1_152' title='bbox 955 1263 1111 1318; x_wconf 85' lang='grc' dir='ltr'><strong><em>χάριεν</em></strong></span> <span class='ocrx_word' id='word_1_153' title='bbox 1143 1264 1320 1323; x_wconf 71' lang='grc' dir='ltr'><strong><em>διεξῄει,</em></strong></span> <span class='ocrx_word' id='word_1_154' title='bbox 1365 1265 1472 1307; x_wconf 76' lang='grc' dir='ltr'><strong><em>ἀλλὰ</em></strong></span> <span class='ocrx_word' id='word_1_155' title='bbox 1500 1265 1574 1308; x_wconf 73' lang='grc' dir='ltr'><strong><em>καὶ</em></strong></span> <span class='ocrx_word' id='word_1_156' title='bbox 1598 1269 1649 1324; x_wconf 80' lang='grc' dir='ltr'><strong><em>τῇ</em></strong></span> 
     </span>
     <span class='ocr_line' id='line_1_18' title="bbox 199 1327 1646 1389; baseline 0.003 -20"><span class='ocrx_word' id='word_1_157' title='bbox 199 1327 393 1370; x_wconf 59' lang='lat' dir='ltr'><strong><em>&amp;varciaco</em></strong></span> <span class='ocrx_word' id='word_1_158' title='bbox 416 1329 489 1370; x_wconf 78' lang='grc' dir='ltr'><strong><em>τοῦ</em></strong></span> <span class='ocrx_word' id='word_1_159' title='bbox 516 1328 782 1384; x_wconf 83' lang='grc' dir='ltr'><strong><em>πατριάρχου</em></strong></span> <span class='ocrx_word' id='word_1_160' title='bbox 806 1331 880 1371; x_wconf 86' lang='grc' dir='ltr'>καί</span> <span class='ocrx_word' id='word_1_161' title='bbox 905 1331 988 1371; x_wconf 79' lang='grc' dir='ltr'><strong><em>τῶν</em></strong></span> <span class='ocrx_word' id='word_1_162' title='bbox 1004 1329 1085 1372; x_wconf 79' lang='grc' dir='ltr'><strong><em>σὺν</em></strong></span> <span class='ocrx_word' id='word_1_163' title='bbox 1103 1330 1221 1389; x_wconf 55' lang='lat' dir='ltr'><strong><em>adu?</em></strong></span> <span class='ocrx_word' id='word_1_164' title='bbox 1253 1332 1487 1386; x_wconf 70' lang='grc' dir='ltr'><strong><em>ἀρχιερέων</em></strong></span> <span class='ocrx_word' id='word_1_165' title='bbox 1514 1330 1573 1382; x_wconf 77' lang='grc' dir='ltr'><strong><em>ὥς</em></strong></span> <span class='ocrx_word' id='word_1_166' title='bbox 1587 1330 1646 1387; x_wconf 69' lang='grc' dir='ltr'><em>μή</em></span> 
     </span>
     <span class='ocr_line' id='line_1_19' title="bbox 200 1391 1649 1452; baseline 0.002 -16"><span class='ocrx_word' id='word_1_167' title='bbox 200 1393 305 1436; x_wconf 78' lang='grc' dir='ltr'><strong><em>κατὰ</em></strong></span> <span class='ocrx_word' id='word_1_168' title='bbox 331 1391 449 1449; x_wconf 78' lang='grc' dir='ltr'><strong><em>λόγον</em></strong></span> <span class='ocrx_word' id='word_1_169' title='bbox 472 1397 666 1452; x_wconf 80' lang='grc' dir='ltr'><strong><em>γενομένῃ</em></strong></span> <span class='ocrx_word' id='word_1_170' title='bbox 690 1394 1028 1451; x_wconf 81' lang='grc' dir='ltr'><strong><em>ἐπιμεμφόμενος</em></strong></span> <span class='ocrx_word' id='word_1_171' title='bbox 1045 1397 1294 1451; x_wconf 81' lang='grc' dir='ltr'><strong><em>διηπειλεῖτο</em></strong></span> <span class='ocrx_word' id='word_1_172' title='bbox 1321 1398 1509 1451; x_wconf 77' lang='grc' dir='ltr'><strong><em>μείζονος</em></strong></span> <span class='ocrx_word' id='word_1_173' title='bbox 1524 1396 1649 1439; x_wconf 89' lang='grc' dir='ltr'><strong><em>συνό-</em></strong></span> 
     </span>
     <span class='ocr_line' id='line_1_20' title="bbox 201 1458 1649 1518; baseline 0.002 -16"><span class='ocrx_word' id='word_1_174' title='bbox 201 1461 278 1502; x_wconf 81' lang='grc' dir='ltr'><strong><em>δου</em></strong></span> <span class='ocrx_word' id='word_1_175' title='bbox 302 1458 588 1516; x_wconf 81' lang='grc' dir='ltr'><strong><em>συγκρότησιν,</em></strong></span> <span class='ocrx_word' id='word_1_176' title='bbox 616 1460 690 1502; x_wconf 76' lang='grc' dir='ltr'><strong><em>καὶ</em></strong></span> <span class='ocrx_word' id='word_1_177' title='bbox 714 1460 789 1517; x_wconf 70' lang='grc' dir='ltr'><strong><em>τὴν</em></strong></span> <span class='ocrx_word' id='word_1_178' title='bbox 805 1465 896 1515; x_wconf 86' lang='grc' dir='ltr'><strong><em>μετ’</em></strong></span> <span class='ocrx_word' id='word_1_179' title='bbox 913 1463 1046 1503; x_wconf 72' lang='grc' dir='ltr'><strong><em>αὐτοῦ</em></strong></span> <span class='ocrx_word' id='word_1_180' title='bbox 1074 1465 1151 1503; x_wconf 81' lang='grc' dir='ltr'><strong><em>τοῦ</em></strong></span> <span class='ocrx_word' id='word_1_181' title='bbox 1170 1464 1289 1505; x_wconf 87' lang='grc' dir='ltr'><strong><em>πάπα</em></strong></span> <span class='ocrx_word' id='word_1_182' title='bbox 1315 1466 1390 1518; x_wconf 82' lang='grc' dir='ltr'><strong><em>τῆς</em></strong></span> <span class='ocrx_word' id='word_1_183' title='bbox 1416 1465 1649 1518; x_wconf 79' lang='grc' dir='ltr'><strong><em>πρεσβυτέ-</em></strong></span> 
     </span>
     <span class='ocr_line' id='line_1_21' title="bbox 139 1523 1685 1583; baseline 0.003 -15"><span class='ocrx_word' id='word_1_184' title='bbox 139 1542 191 1568; x_wconf 79' lang='lat' dir='ltr'><strong>ao</strong></span> <span class='ocrx_word' id='word_1_185' title='bbox 204 1541 282 1581; x_wconf 87' lang='grc' dir='ltr'><strong><em>ρας</em></strong></span> <span class='ocrx_word' id='word_1_186' title='bbox 314 1523 477 1582; x_wconf 83' lang='grc' dir='ltr'><strong><em>Ῥώμης</em></strong></span> <span class='ocrx_word' id='word_1_187' title='bbox 510 1529 593 1569; x_wconf 77' lang='grc' dir='ltr'><strong><em>τῶν</em></strong></span> <span class='ocrx_word' id='word_1_188' title='bbox 616 1529 898 1582; x_wconf 83' lang='grc' dir='ltr'><strong><em>προκειμένων</em></strong></span> <span class='ocrx_word' id='word_1_189' title='bbox 928 1527 1153 1581; x_wconf 75' lang='grc' dir='ltr'><strong><em>ἐπώμνυτο</em></strong></span> <span class='ocrx_word' id='word_1_190' title='bbox 1185 1526 1427 1583; x_wconf 76' lang='grc' dir='ltr'><strong><em>διάσκεψιν.</em></strong></span> <span class='ocrx_word' id='word_1_191' title='bbox 1483 1528 1685 1583; x_wconf 58' lang='lat' dir='ltr'><strong>„vistai-C</strong></span> 
     </span>
     <span class='ocr_line' id='line_1_22' title="bbox 200 1589 1646 1648; baseline 0.003 -15"><span class='ocrx_word' id='word_1_192' title='bbox 200 1608 294 1646; x_wconf 88' lang='grc' dir='ltr'><strong><em>μων</em></strong></span> <span class='ocrx_word' id='word_1_193' title='bbox 321 1592 402 1648; x_wconf 78' lang='grc' dir='ltr'><strong><em>γάρ</em></strong></span> <span class='ocrx_word' id='word_1_194' title='bbox 443 1589 498 1634; x_wconf 73' lang='grc' dir='ltr'><strong><em>ἂν</em></strong></span> <span class='ocrx_word' id='word_1_195' title='bbox 537 1591 646 1648; x_wconf 85' lang='grc' dir='ltr'><strong><em>εἴην”</em></strong></span> <span class='ocrx_word' id='word_1_196' title='bbox 681 1591 795 1648; x_wconf 80' lang='grc' dir='ltr'><strong><em>ἔλεγε</em></strong></span> <span class='ocrx_word' id='word_1_197' title='bbox 821 1596 923 1647; x_wconf 73' lang='lat' dir='ltr'><strong><em>„nal</em></strong></span> <span class='ocrx_word' id='word_1_198' title='bbox 965 1594 1209 1648; x_wconf 71' lang='grc' dir='ltr'><strong><em>ἀλόγιστος,</em></strong></span> <span class='ocrx_word' id='word_1_199' title='bbox 1244 1597 1285 1637; x_wconf 85' lang='grc' dir='ltr'><strong><em>εἰ</em></strong></span> <span class='ocrx_word' id='word_1_200' title='bbox 1309 1594 1369 1648; x_wconf 74' lang='grc' dir='ltr'><strong><em>μὴ</em></strong></span> <span class='ocrx_word' id='word_1_201' title='bbox 1419 1594 1646 1637; x_wconf 82' lang='grc' dir='ltr'><strong><em>πολλοστὸν</em></strong></span> 
     </span>
     <span class='ocr_line' id='line_1_23' title="bbox 202 1656 1644 1717; baseline 0.001 -18"><span class='ocrx_word' id='word_1_202' title='bbox 202 1657 412 1712; x_wconf 73' lang='grc' dir='ltr'><strong><em>ἀντιδοίην</em></strong></span> <span class='ocrx_word' id='word_1_203' title='bbox 429 1659 557 1713; x_wconf 85' lang='grc' dir='ltr'><strong><em>μέρος</em></strong></span> <span class='ocrx_word' id='word_1_204' title='bbox 569 1659 626 1716; x_wconf 74' lang='grc' dir='ltr'><strong><em>τῷ</em></strong></span> <span class='ocrx_word' id='word_1_205' title='bbox 653 1660 741 1716; x_wconf 76' lang='grc' dir='ltr'><strong><em>ἐμῷ</em></strong></span> <span class='ocrx_word' id='word_1_206' title='bbox 767 1661 998 1716; x_wconf 81' lang='grc' dir='ltr'><strong><em>βασιλευτῇ</em></strong></span> <span class='ocrx_word' id='word_1_207' title='bbox 1017 1661 1090 1702; x_wconf 82' lang='grc' dir='ltr'><em>καί</em></span> <span class='ocrx_word' id='word_1_208' title='bbox 1102 1663 1277 1713; x_wconf 83' lang='grc' dir='ltr'><strong><em>βασιλεῖ’</em></strong></span> <span class='ocrx_word' id='word_1_209' title='bbox 1296 1663 1381 1701; x_wconf 79' lang='grc' dir='ltr'><strong><em>τῶν</em></strong></span> <span class='ocrx_word' id='word_1_210' title='bbox 1406 1656 1515 1702; x_wconf 80' lang='grc' dir='ltr'><strong><em>ὅλων</em></strong></span> <span class='ocrx_word' id='word_1_211' title='bbox 1544 1663 1644 1717; x_wconf 75' lang='grc' dir='ltr'><strong><em>θεῷ,</em></strong></span> 
     </span>
     <span class='ocr_line' id='line_1_24' title="bbox 203 1718 1646 1781; baseline 0.002 -16"><span class='ocrx_word' id='word_1_212' title='bbox 203 1718 264 1766; x_wconf 75' lang='grc' dir='ltr'><strong><em>ὧν</em></strong></span> <span class='ocrx_word' id='word_1_213' title='bbox 305 1725 465 1766; x_wconf 77' lang='grc' dir='ltr'><strong><em>ἐκεῖθεν</em></strong></span> <span class='ocrx_word' id='word_1_214' title='bbox 508 1723 746 1780; x_wconf 80' lang='grc' dir='ltr'><strong><em>κρειττόνως</em></strong></span> <span class='ocrx_word' id='word_1_215' title='bbox 787 1725 969 1780; x_wconf 79' lang='grc' dir='ltr'><strong><em>ἔσχηκα,</em></strong></span> <span class='ocrx_word' id='word_1_216' title='bbox 1007 1728 1148 1768; x_wconf 81' lang='grc' dir='ltr'><strong><em>πᾶσαν</em></strong></span> <span class='ocrx_word' id='word_1_217' title='bbox 1184 1726 1371 1781; x_wconf 67' lang='grc' dir='ltr'><strong><em>σπουδὴν</em></strong></span> <span class='ocrx_word' id='word_1_218' title='bbox 1405 1726 1646 1780; x_wconf 70' lang='grc' dir='ltr'><strong><em>εἰσενεγκὼν</em></strong></span> 
     </span>
     <span class='ocr_line' id='line_1_25' title="bbox 204 1785 1645 1846; baseline 0.001 -15"><span class='ocrx_word' id='word_1_219' title='bbox 204 1785 312 1831; x_wconf 78' lang='grc' dir='ltr'><strong><em>ὥστε</em></strong></span> <span class='ocrx_word' id='word_1_220' title='bbox 337 1789 396 1844; x_wconf 77' lang='grc' dir='ltr'><strong><em>μή</em></strong></span> <span class='ocrx_word' id='word_1_221' title='bbox 427 1791 574 1831; x_wconf 80' lang='grc' dir='ltr'><strong><em>τοῦτον</em></strong></span> <span class='ocrx_word' id='word_1_222' title='bbox 615 1790 851 1843; x_wconf 75' lang='grc' dir='ltr'><strong><em>ἆναθέματι</em></strong></span> <span class='ocrx_word' id='word_1_223' title='bbox 889 1788 1291 1844; x_wconf 76' lang='grc' dir='ltr'><strong><em>καθυποβάλλεσθαι</em></strong></span> <span class='ocrx_word' id='word_1_224' title='bbox 1321 1790 1519 1846; x_wconf 75' lang='grc' dir='ltr'><strong><em>α’ληθινὸν</em></strong></span> <span class='ocrx_word' id='word_1_225' title='bbox 1545 1787 1645 1833; x_wconf 76' lang='grc' dir='ltr'><strong><em>ὄντα</em></strong></span> 
     </span>
     <span class='ocr_line' id='line_1_26' title="bbox 141 1851 1644 1912; baseline 0.002 -16"><span class='ocrx_word' id='word_1_226' title='bbox 141 1851 342 1900; x_wconf 50' lang='lat'><strong><em>25360&#39;2‘3’</em></strong></span> <span class='ocrx_word' id='word_1_227' title='bbox 398 1857 597 1898; x_wconf 82' lang='grc' dir='ltr'><strong><em>τοσοῦτον</em></strong></span> <span class='ocrx_word' id='word_1_228' title='bbox 638 1856 685 1898; x_wconf 82' lang='grc' dir='ltr'><strong><em>δὲ</em></strong></span> <span class='ocrx_word' id='word_1_229' title='bbox 717 1858 792 1898; x_wconf 81' lang='grc' dir='ltr'><strong><em>τοῦ</em></strong></span> <span class='ocrx_word' id='word_1_230' title='bbox 834 1858 1145 1912; x_wconf 75' lang='grc' dir='ltr'><strong><em>διαθροηθῆναι</em></strong></span> <span class='ocrx_word' id='word_1_231' title='bbox 1179 1862 1265 1906; x_wconf 85' lang='grc' dir='ltr'><strong><em>τοῖς</em></strong></span> <span class='ocrx_word' id='word_1_232' title='bbox 1293 1858 1496 1907; x_wconf 80' lang='grc' dir='ltr'><strong><em>τοιούτοις</em></strong></span> <span class='ocrx_word' id='word_1_233' title='bbox 1523 1859 1644 1899; x_wconf 84' lang='grc' dir='ltr'><strong><em>α’πεῖ-</em></strong></span> 
     </span>
    </p>
   </div>
   <div class='ocr_carea' id='block_1_3' title="bbox 295 1953 1642 2040">
    <p class='ocr_par' dir='ltr' id='par_1_3' title="bbox 295 1953 1642 2040">
     <span class='ocr_line' id='line_1_27' title="bbox 295 1953 1642 2003; baseline 0.001 -15"><span class='ocrx_word' id='word_1_234' title='bbox 295 1958 328 1992; x_wconf 83' lang='grc'><strong><em>5.</em></strong></span> <span class='ocrx_word' id='word_1_235' title='bbox 353 1953 412 2003; x_wconf 76' lang='grc' dir='ltr'><strong><em>τὰ]</em></strong></span> <span class='ocrx_word' id='word_1_236' title='bbox 438 1957 513 1990; x_wconf 77' lang='grc' dir='ltr'><strong><em>τῶν</em></strong></span> <span class='ocrx_word' id='word_1_237' title='bbox 529 1956 646 2000; x_wconf 83' lang='lat' dir='ltr'><strong>vulgo.</strong></span> <span class='ocrx_word' id='word_1_238' title='bbox 738 1956 771 1990; x_wconf 84' lang='lat'><strong><em>6.</em></strong></span> <span class='ocrx_word' id='word_1_239' title='bbox 793 1956 1050 2002; x_wconf 81' lang='grc' dir='ltr'><strong><em>ματζουκάκης</em></strong></span> <span class='ocrx_word' id='word_1_240' title='bbox 1073 1958 1114 1991; x_wconf 89' lang='lat' dir='ltr'><strong><em>A.</em></strong></span> <span class='ocrx_word' id='word_1_241' title='bbox 1234 1958 1284 1992; x_wconf 74' lang='lat'><strong><em>15.</em></strong></span> <span class='ocrx_word' id='word_1_242' title='bbox 1312 1956 1500 2003; x_wconf 76' lang='grc' dir='ltr'><strong><em>Θεοδοσίῳ</em></strong></span> <span class='ocrx_word' id='word_1_243' title='bbox 1525 1968 1583 1991; x_wconf 87' lang='lat' dir='ltr'><strong>om</strong></span> <span class='ocrx_word' id='word_1_244' title='bbox 1604 1959 1642 1991; x_wconf 78' lang='lat' dir='ltr'><strong><em>A.</em></strong></span> 
     </span>
     <span class='ocr_line' id='line_1_28' title="bbox 295 2003 818 2040; baseline 0 -4"><span class='ocrx_word' id='word_1_245' title='bbox 295 2005 351 2038; x_wconf 80' lang='lat'><strong><em>25.</em></strong></span> <span class='ocrx_word' id='word_1_246' title='bbox 375 2007 455 2040; x_wconf 83' lang='grc' dir='ltr'><strong><em>τοῖς</em></strong></span> <span class='ocrx_word' id='word_1_247' title='bbox 482 2003 671 2040; x_wconf 80' lang='grc' dir='ltr'><strong><em>τοιούτοις</em></strong></span> <span class='ocrx_word' id='word_1_248' title='bbox 695 2013 753 2036; x_wconf 86' lang='lat' dir='ltr'><strong>om</strong></span> <span class='ocrx_word' id='word_1_249' title='bbox 778 2003 818 2036; x_wconf 90' lang='lat' dir='ltr'><strong><em>A.</em></strong></span> 
     </span>
    </p>
   </div>
   <div class='ocr_carea' id='block_1_4' title="bbox 203 2093 1702 2794">
    <p class='ocr_par' dir='ltr' id='par_1_4' title="bbox 203 2093 1702 2794">
     <span class='ocr_line' id='line_1_29' title="bbox 204 2093 1644 2139; baseline 0.001 -13"><span class='ocrx_word' id='word_1_250' title='bbox 204 2094 401 2135; x_wconf 84' lang='lat' dir='ltr'><strong>Damalim,</strong></span> <span class='ocrx_word' id='word_1_251' title='bbox 428 2094 527 2139; x_wconf 88' lang='lat' dir='ltr'><strong>quod</strong></span> <span class='ocrx_word' id='word_1_252' title='bbox 550 2093 751 2126; x_wconf 82' lang='lat' dir='ltr'><strong>scutarium</strong></span> <span class='ocrx_word' id='word_1_253' title='bbox 774 2094 928 2135; x_wconf 88' lang='lat' dir='ltr'><strong>dicitur,</strong></span> <span class='ocrx_word' id='word_1_254' title='bbox 952 2099 1028 2128; x_wconf 90' lang='lat' dir='ltr'><strong><em>tum</em></strong></span> <span class='ocrx_word' id='word_1_255' title='bbox 1055 2095 1101 2128; x_wconf 84' lang='lat' dir='ltr'><strong><em>ad</em></strong></span> <span class='ocrx_word' id='word_1_256' title='bbox 1123 2094 1305 2128; x_wconf 85' lang='lat' dir='ltr'><strong>vitandam</strong></span> <span class='ocrx_word' id='word_1_257' title='bbox 1327 2094 1470 2128; x_wconf 87' lang='lat' dir='ltr'><strong>turbam</strong></span> <span class='ocrx_word' id='word_1_258' title='bbox 1495 2099 1571 2128; x_wconf 89' lang='lat' dir='ltr'><strong><em>tum</em></strong></span> <span class='ocrx_word' id='word_1_259' title='bbox 1595 2095 1644 2128; x_wconf 86' lang='lat' dir='ltr'><strong>ob</strong></span> 
     </span>
     <span class='ocr_line' id='line_1_30' title="bbox 203 2141 1646 2185; baseline 0 -11"><span class='ocrx_word' id='word_1_260' title='bbox 203 2142 298 2174; x_wconf 70' lang='lat' dir='ltr'><strong>aiii-is</strong></span> <span class='ocrx_word' id='word_1_261' title='bbox 321 2141 530 2185; x_wconf 82' lang='lat' dir='ltr'><strong>temperiem</strong></span> <span class='ocrx_word' id='word_1_262' title='bbox 553 2146 773 2182; x_wconf 85' lang='lat' dir='ltr'><strong>versaretur,</strong></span> <span class='ocrx_word' id='word_1_263' title='bbox 797 2147 895 2174; x_wconf 86' lang='lat' dir='ltr'><strong>totus</strong></span> <span class='ocrx_word' id='word_1_264' title='bbox 920 2141 1099 2174; x_wconf 81' lang='lat' dir='ltr'>curandae</span> <span class='ocrx_word' id='word_1_265' title='bbox 1126 2142 1329 2175; x_wconf 87' lang='lat' dir='ltr'><strong>valetudini</strong></span> <span class='ocrx_word' id='word_1_266' title='bbox 1354 2142 1517 2175; x_wconf 88' lang='lat' dir='ltr'><strong>intentus</strong></span> <span class='ocrx_word' id='word_1_267' title='bbox 1534 2167 1544 2182; x_wconf 93' lang='lat'>‚</span> <span class='ocrx_word' id='word_1_268' title='bbox 1571 2142 1646 2175; x_wconf 87' lang='lat' dir='ltr'><strong>ius-</strong></span> 
     </span>
     <span class='ocr_line' id='line_1_31' title="bbox 206 2187 1645 2234; baseline 0.001 -14"><span class='ocrx_word' id='word_1_269' title='bbox 206 2199 246 2221; x_wconf 87' lang='lat' dir='ltr'><strong>su</strong></span> <span class='ocrx_word' id='word_1_270' title='bbox 285 2188 362 2220; x_wconf 86' lang='lat' dir='ltr'><strong>eius</strong></span> <span class='ocrx_word' id='word_1_271' title='bbox 401 2187 612 2232; x_wconf 84' lang='lat' dir='ltr'><strong>pontificum</strong></span> <span class='ocrx_word' id='word_1_272' title='bbox 646 2188 837 2232; x_wconf 81' lang='lat' dir='ltr'>collegium</span> <span class='ocrx_word' id='word_1_273' title='bbox 873 2194 910 2221; x_wconf 87' lang='lat' dir='ltr'><strong><em>et</em></strong></span> <span class='ocrx_word' id='word_1_274' title='bbox 947 2188 1183 2222; x_wconf 77' lang='lat' dir='ltr'><strong>eruditissimi</strong></span> <span class='ocrx_word' id='word_1_275' title='bbox 1208 2190 1345 2234; x_wconf 90' lang='lat' dir='ltr'><strong>quique</strong></span> <span class='ocrx_word' id='word_1_276' title='bbox 1374 2199 1417 2221; x_wconf 87' lang='lat' dir='ltr'><strong><em>eo</em></strong></span> <span class='ocrx_word' id='word_1_277' title='bbox 1446 2189 1645 2222; x_wconf 84' lang='lat' dir='ltr'><strong>traiiciunt.</strong></span> 
     </span>
     <span class='ocr_line' id='line_1_32' title="bbox 205 2234 1645 2279; baseline 0.001 -13"><span class='ocrx_word' id='word_1_278' title='bbox 205 2234 270 2279; x_wconf 86' lang='lat' dir='ltr'><strong>qui</strong></span> <span class='ocrx_word' id='word_1_279' title='bbox 294 2246 373 2267; x_wconf 89' lang='lat' dir='ltr'><strong><em>cum</em></strong></span> <span class='ocrx_word' id='word_1_280' title='bbox 407 2234 468 2267; x_wconf 80' lang='lat' dir='ltr'><strong>vix</strong></span> <span class='ocrx_word' id='word_1_281' title='bbox 492 2245 536 2267; x_wconf 80' lang='lat' dir='ltr'><strong><em>ex</em></strong></span> <span class='ocrx_word' id='word_1_282' title='bbox 575 2234 747 2267; x_wconf 84' lang='lat' dir='ltr'><strong>lintribus</strong></span> <span class='ocrx_word' id='word_1_283' title='bbox 786 2235 1078 2276; x_wconf 83' lang='lat' dir='ltr'><strong>descendissent,</strong></span> <span class='ocrx_word' id='word_1_284' title='bbox 1107 2235 1322 2268; x_wconf 82' lang='lat' dir='ltr'><strong>Theodorus</strong></span> <span class='ocrx_word' id='word_1_285' title='bbox 1346 2236 1512 2276; x_wconf 82' lang='lat' dir='ltr'><strong>Mazuca,</strong></span> <span class='ocrx_word' id='word_1_286' title='bbox 1537 2234 1645 2269; x_wconf 89' lang='lat' dir='ltr'><strong>homo</strong></span> 
     </span>
     <span class='ocr_line' id='line_1_33' title="bbox 205 2280 1645 2327; baseline 0.001 -14"><span class='ocrx_word' id='word_1_287' title='bbox 205 2280 303 2325; x_wconf 83' lang='lat' dir='ltr'><strong>apud</strong></span> <span class='ocrx_word' id='word_1_288' title='bbox 330 2282 580 2326; x_wconf 80' lang='lat' dir='ltr'>imperatorem</span> <span class='ocrx_word' id='word_1_289' title='bbox 603 2281 779 2325; x_wconf 82' lang='lat' dir='ltr'><strong>gratiosus</strong></span> <span class='ocrx_word' id='word_1_290' title='bbox 797 2287 834 2315; x_wconf 87' lang='lat' dir='ltr'><strong><em>et</em></strong></span> <span class='ocrx_word' id='word_1_291' title='bbox 857 2282 953 2315; x_wconf 88' lang='lat' dir='ltr'><strong>inter</strong></span> <span class='ocrx_word' id='word_1_292' title='bbox 969 2283 1102 2315; x_wconf 84' lang='lat' dir='ltr'>scribas</span> <span class='ocrx_word' id='word_1_293' title='bbox 1127 2283 1342 2315; x_wconf 86' lang='lat' dir='ltr'><strong>auctoritate</strong></span> <span class='ocrx_word' id='word_1_294' title='bbox 1370 2283 1552 2327; x_wconf 79' lang='lat' dir='ltr'><strong>princepS,</strong></span> <span class='ocrx_word' id='word_1_295' title='bbox 1581 2282 1645 2315; x_wconf 85' lang='lat' dir='ltr'><strong><em>ad-</em></strong></span> 
     </span>
     <span class='ocr_line' id='line_1_34' title="bbox 205 2328 1646 2374; baseline -0.001 -14"><span class='ocrx_word' id='word_1_296' title='bbox 205 2333 279 2368; x_wconf 82' lang='lat' dir='ltr'><strong>est3</strong></span> <span class='ocrx_word' id='word_1_297' title='bbox 305 2333 342 2361; x_wconf 88' lang='lat' dir='ltr'><strong><em>et</em></strong></span> <span class='ocrx_word' id='word_1_298' title='bbox 363 2329 527 2361; x_wconf 87' lang='lat' dir='ltr'><strong>oratione</strong></span> <span class='ocrx_word' id='word_1_299' title='bbox 550 2328 596 2360; x_wconf 88' lang='lat' dir='ltr'><strong><em>ad</em></strong></span> <span class='ocrx_word' id='word_1_300' title='bbox 622 2328 858 2372; x_wconf 80' lang='lat' dir='ltr'><strong>patriarcham</strong></span> <span class='ocrx_word' id='word_1_301' title='bbox 886 2334 923 2362; x_wconf 86' lang='lat' dir='ltr'><strong><em>et</em></strong></span> <span class='ocrx_word' id='word_1_302' title='bbox 944 2329 1156 2374; x_wconf 85' lang='lat' dir='ltr'><strong>pontificum</strong></span> <span class='ocrx_word' id='word_1_303' title='bbox 1180 2329 1372 2373; x_wconf 83' lang='lat' dir='ltr'>collegium</span> <span class='ocrx_word' id='word_1_304' title='bbox 1397 2329 1564 2362; x_wconf 81' lang='lat' dir='ltr'><strong>instituta</strong></span> <span class='ocrx_word' id='word_1_305' title='bbox 1578 2330 1646 2362; x_wconf 74' lang='lat' dir='ltr'><strong>im,</strong></span> 
     </span>
     <span class='ocr_line' id='line_1_35' title="bbox 205 2373 1646 2421; baseline 0.001 -15"><span class='ocrx_word' id='word_1_306' title='bbox 205 2380 406 2419; x_wconf 86' lang='lat' dir='ltr'><strong>peratorem</strong></span> <span class='ocrx_word' id='word_1_307' title='bbox 446 2386 543 2407; x_wconf 88' lang='lat' dir='ltr'><strong>nunc</strong></span> <span class='ocrx_word' id='word_1_308' title='bbox 571 2373 664 2407; x_wconf 84' lang='lat' dir='ltr'><strong>adiri</strong></span> <span class='ocrx_word' id='word_1_309' title='bbox 704 2386 808 2420; x_wconf 84' lang='lat' dir='ltr'><strong>posse</strong></span> <span class='ocrx_word' id='word_1_310' title='bbox 830 2380 939 2420; x_wconf 81' lang='lat' dir='ltr'><strong>negat</strong></span> <span class='ocrx_word' id='word_1_311' title='bbox 965 2375 1012 2408; x_wconf 92' lang='lat' dir='ltr'><strong>ob</strong></span> <span class='ocrx_word' id='word_1_312' title='bbox 1036 2375 1152 2408; x_wconf 88' lang='lat' dir='ltr'><strong>morbi</strong></span> <span class='ocrx_word' id='word_1_313' title='bbox 1181 2375 1361 2421; x_wconf 83' lang='lat' dir='ltr'><strong>quandam</strong></span> <span class='ocrx_word' id='word_1_314' title='bbox 1387 2376 1646 2417; x_wconf 79' lang='lat' dir='ltr'>accessionem,</span> 
     </span>
     <span class='ocr_line' id='line_1_36' title="bbox 207 2420 1647 2467; baseline 0.001 -14"><span class='ocrx_word' id='word_1_315' title='bbox 207 2420 345 2454; x_wconf 78' lang='lat' dir='ltr'><strong><em>litteras</em></strong></span> <span class='ocrx_word' id='word_1_316' title='bbox 370 2432 453 2454; x_wconf 90' lang='lat' dir='ltr'><strong>vero</strong></span> <span class='ocrx_word' id='word_1_317' title='bbox 480 2432 569 2466; x_wconf 86' lang='lat' dir='ltr'><strong>quas</strong></span> <span class='ocrx_word' id='word_1_318' title='bbox 594 2432 701 2454; x_wconf 86' lang='lat' dir='ltr'><strong>mauu</strong></span> <span class='ocrx_word' id='word_1_319' title='bbox 725 2427 886 2462; x_wconf 86' lang='lat' dir='ltr'><strong>teneret,</strong></span> <span class='ocrx_word' id='word_1_320' title='bbox 928 2433 1004 2455; x_wconf 84' lang='lat' dir='ltr'><strong>esse</strong></span> <span class='ocrx_word' id='word_1_321' title='bbox 1032 2422 1243 2455; x_wconf 81' lang='lat' dir='ltr'><strong>audiendas.</strong></span> <span class='ocrx_word' id='word_1_322' title='bbox 1271 2422 1427 2467; x_wconf 80' lang='lat' dir='ltr'><strong>agebant</strong></span> <span class='ocrx_word' id='word_1_323' title='bbox 1447 2427 1568 2455; x_wconf 83' lang='lat' dir='ltr'><strong>autem</strong></span> <span class='ocrx_word' id='word_1_324' title='bbox 1593 2423 1647 2454; x_wconf 83' lang='lat' dir='ltr'><strong><em>al-</em></strong></span> 
     </span>
     <span class='ocr_line' id='line_1_37' title="bbox 207 2468 1650 2514; baseline 0.002 -15"><span class='ocrx_word' id='word_1_325' title='bbox 207 2471 306 2499; x_wconf 81' lang='lat' dir='ltr'><strong>terae</strong></span> <span class='ocrx_word' id='word_1_326' title='bbox 332 2468 377 2501; x_wconf 87' lang='lat' dir='ltr'><strong><em>de</em></strong></span> <span class='ocrx_word' id='word_1_327' title='bbox 400 2468 584 2513; x_wconf 83' lang='lat' dir='ltr'><strong>proposito</strong></span> <span class='ocrx_word' id='word_1_328' title='bbox 614 2468 797 2511; x_wconf 82' lang='lat' dir='ltr'><strong>dogmate,</strong></span> <span class='ocrx_word' id='word_1_329' title='bbox 823 2469 956 2514; x_wconf 86' lang='lat' dir='ltr'><strong>quibus</strong></span> <span class='ocrx_word' id='word_1_330' title='bbox 982 2480 1002 2501; x_wconf 85' lang='lat' dir='ltr'><strong>a</strong></span> <span class='ocrx_word' id='word_1_331' title='bbox 1025 2469 1257 2514; x_wconf 84' lang='lat' dir='ltr'><strong>pontificibus</strong></span> <span class='ocrx_word' id='word_1_332' title='bbox 1273 2469 1451 2503; x_wconf 83' lang='lat' dir='ltr'><strong>subscribi</strong></span> <span class='ocrx_word' id='word_1_333' title='bbox 1476 2469 1650 2514; x_wconf 77' lang='lat' dir='ltr'><strong>cupIebat</strong></span> 
     </span>
     <span class='ocr_line' id='line_1_38' title="bbox 209 2513 1648 2561; baseline 0.002 -16"><span class='ocrx_word' id='word_1_334' title='bbox 209 2513 424 2557; x_wconf 79' lang='lat' dir='ltr'><strong>imperator3</strong></span> <span class='ocrx_word' id='word_1_335' title='bbox 463 2514 598 2547; x_wconf 82' lang='lat' dir='ltr'><strong>alterae</strong></span> <span class='ocrx_word' id='word_1_336' title='bbox 623 2515 690 2547; x_wconf 88' lang='lat' dir='ltr'><strong>sub</strong></span> <span class='ocrx_word' id='word_1_337' title='bbox 718 2526 871 2559; x_wconf 79' lang='lat' dir='ltr'><strong>persona</strong></span> <span class='ocrx_word' id='word_1_338' title='bbox 898 2515 1059 2548; x_wconf 88' lang='lat' dir='ltr'><strong>eiusdem</strong></span> <span class='ocrx_word' id='word_1_339' title='bbox 1089 2528 1168 2548; x_wconf 89' lang='lat' dir='ltr'><strong><em>cum</em></strong></span> <span class='ocrx_word' id='word_1_340' title='bbox 1196 2528 1333 2549; x_wconf 88' lang='lat' dir='ltr'><strong>summo</strong></span> <span class='ocrx_word' id='word_1_341' title='bbox 1358 2522 1502 2561; x_wconf 84' lang='lat' dir='ltr'><strong>pastore</strong></span> <span class='ocrx_word' id='word_1_342' title='bbox 1526 2515 1648 2548; x_wconf 82' lang='lat' dir='ltr'><strong>Theo-</strong></span> 
     </span>
     <span class='ocr_line' id='line_1_39' title="bbox 210 2558 1647 2607; baseline 0.001 -16"><span class='ocrx_word' id='word_1_343' title='bbox 210 2558 312 2592; x_wconf 90' lang='lat' dir='ltr'><strong>‹losio</strong></span> <span class='ocrx_word' id='word_1_344' title='bbox 335 2566 372 2593; x_wconf 82' lang='lat' dir='ltr'><strong><em>et</em></strong></span> <span class='ocrx_word' id='word_1_345' title='bbox 395 2561 627 2605; x_wconf 82' lang='lat' dir='ltr'><strong>pontificibus</strong></span> <span class='ocrx_word' id='word_1_346' title='bbox 666 2561 721 2593; x_wconf 52' lang='lat' dir='ltr'><strong>ob*</strong></span> <span class='ocrx_word' id='word_1_347' title='bbox 739 2568 1005 2607; x_wconf 82' lang='lat' dir='ltr'><strong>praeposteram</strong></span> <span class='ocrx_word' id='word_1_348' title='bbox 1044 2563 1329 2596; x_wconf 82' lang='lat' dir='ltr'><strong>adversationem</strong></span> <span class='ocrx_word' id='word_1_349' title='bbox 1356 2562 1647 2607; x_wconf 82' lang='lat' dir='ltr'><strong>expostulantes,</strong></span> 
     </span>
     <span class='ocr_line' id='line_1_40' title="bbox 210 2605 1648 2654; baseline 0.001 -16"><span class='ocrx_word' id='word_1_350' title='bbox 210 2605 324 2638; x_wconf 83' lang='lat' dir='ltr'><strong>maius</strong></span> <span class='ocrx_word' id='word_1_351' title='bbox 356 2607 546 2640; x_wconf 82' lang='lat' dir='ltr'><strong>concilium</strong></span> <span class='ocrx_word' id='word_1_352' title='bbox 575 2607 832 2649; x_wconf 83' lang='lat' dir='ltr'><strong>minabantur,</strong></span> <span class='ocrx_word' id='word_1_353' title='bbox 865 2614 901 2641; x_wconf 85' lang='lat' dir='ltr'><strong><em>et</em></strong></span> <span class='ocrx_word' id='word_1_354' title='bbox 935 2610 1198 2642; x_wconf 83' lang='lat' dir='ltr'><strong>controversiae</strong></span> <span class='ocrx_word' id='word_1_355' title='bbox 1236 2610 1535 2654; x_wconf 81' lang='lat' dir='ltr'><strong>disceptationem</strong></span> <span class='ocrx_word' id='word_1_356' title='bbox 1568 2608 1648 2652; x_wconf 87' lang='lat' dir='ltr'><strong>ipso</strong></span> 
     </span>
     <span class='ocr_line' id='line_1_41' title="bbox 210 2652 1702 2698; baseline 0.003 -15"><span class='ocrx_word' id='word_1_357' title='bbox 210 2652 340 2684; x_wconf 81' lang='lat' dir='ltr'><strong>veteris</strong></span> <span class='ocrx_word' id='word_1_358' title='bbox 368 2654 497 2685; x_wconf 83' lang='lat' dir='ltr'><strong>Romae</strong></span> <span class='ocrx_word' id='word_1_359' title='bbox 535 2666 628 2698; x_wconf 84' lang='lat' dir='ltr'><strong>papa</strong></span> <span class='ocrx_word' id='word_1_360' title='bbox 656 2654 821 2687; x_wconf 86' lang='lat' dir='ltr'><strong>adhibito</strong></span> <span class='ocrx_word' id='word_1_361' title='bbox 852 2655 1084 2688; x_wconf 86' lang='lat' dir='ltr'><strong>iureiurando</strong></span> <span class='ocrx_word' id='word_1_362' title='bbox 1123 2657 1423 2689; x_wconf 83' lang='lat' dir='ltr'><strong>testificabantur.</strong></span> <span class='ocrx_word' id='word_1_363' title='bbox 1443 2655 1647 2697; x_wconf 83' lang='lat' dir='ltr'><strong>„ingratus”</strong></span> <span class='ocrx_word' id='word_1_364' title='bbox 1697 2660 1702 2664; x_wconf 84' lang='lat'><em>&#39;</em></span> 
     </span>
     <span class='ocr_line' id='line_1_42' title="bbox 211 2699 1646 2747; baseline 0.003 -17"><span class='ocrx_word' id='word_1_365' title='bbox 211 2699 332 2742; x_wconf 82' lang='lat' dir='ltr'><strong>inquit</strong></span> <span class='ocrx_word' id='word_1_366' title='bbox 356 2700 623 2737; x_wconf 80' lang='lat' dir='ltr'><strong>„universitatis</strong></span> <span class='ocrx_word' id='word_1_367' title='bbox 648 2712 764 2734; x_wconf 87' lang='lat' dir='ltr'><strong>rerum</strong></span> <span class='ocrx_word' id='word_1_368' title='bbox 785 2701 865 2742; x_wconf 88' lang='lat' dir='ltr'><strong>deo,</strong></span> <span class='ocrx_word' id='word_1_369' title='bbox 890 2713 911 2734; x_wconf 78' lang='lat' dir='ltr'><strong>a</strong></span> <span class='ocrx_word' id='word_1_370' title='bbox 929 2713 1001 2746; x_wconf 90' lang='lat' dir='ltr'><strong>quo</strong></span> <span class='ocrx_word' id='word_1_371' title='bbox 1027 2707 1169 2747; x_wconf 82' lang='lat' dir='ltr'><strong>praeter</strong></span> <span class='ocrx_word' id='word_1_372' title='bbox 1193 2700 1336 2747; x_wconf 85' lang='lat' dir='ltr'><strong>imperii</strong></span> <span class='ocrx_word' id='word_1_373' title='bbox 1359 2701 1541 2744; x_wconf 83' lang='lat' dir='ltr'><strong>fastigium</strong></span> <span class='ocrx_word' id='word_1_374' title='bbox 1565 2700 1646 2734; x_wconf 82' lang='lat' dir='ltr'><strong>aliis</strong></span> 
     </span>
     <span class='ocr_line' id='line_1_43' title="bbox 212 2745 1647 2794; baseline 0.003 -17"><span class='ocrx_word' id='word_1_375' title='bbox 212 2745 415 2783; x_wconf 76' lang='lat' dir='ltr'><strong>illustribus</strong></span> <span class='ocrx_word' id='word_1_376' title='bbox 441 2747 695 2792; x_wconf 75' lang='lat' dir='ltr'><strong>praerogativis</strong></span> <span class='ocrx_word' id='word_1_377' title='bbox 721 2759 797 2782; x_wconf 77' lang='lat' dir='ltr'><strong>suni</strong></span> <span class='ocrx_word' id='word_1_378' title='bbox 826 2754 990 2790; x_wconf 80' lang='lat' dir='ltr'><strong>ornatus,</strong></span> <span class='ocrx_word' id='word_1_379' title='bbox 1021 2754 1058 2782; x_wconf 83' lang='lat' dir='ltr'><strong><em>et</em></strong></span> <span class='ocrx_word' id='word_1_380' title='bbox 1087 2750 1235 2783; x_wconf 77' lang='lat' dir='ltr'><strong>insanus</strong></span> <span class='ocrx_word' id='word_1_381' title='bbox 1265 2759 1389 2788; x_wconf 85' lang='lat' dir='ltr'><strong>essem,</strong></span> <span class='ocrx_word' id='word_1_382' title='bbox 1415 2747 1485 2781; x_wconf 88' lang='lat' dir='ltr'><strong>nisi</strong></span> <span class='ocrx_word' id='word_1_383' title='bbox 1509 2758 1575 2794; x_wconf 82' lang='lat' dir='ltr'><strong>pro</strong></span> <span class='ocrx_word' id='word_1_384' title='bbox 1591 2752 1647 2782; x_wconf 83' lang='lat' dir='ltr'><strong><em>te-</em></strong></span> 
     </span>
    </p>
   </div>
  </div>
 </body>
</html>
