1878 3230
305 179 422 248 454
717 191 944 232 NICETAE
987 187 1295 230 cuomATAE

305 297 453 346 μένους
481 289 587 343 ἔχων
611 290 748 345 ἐκείνῳ
763 320 775 340 ,
806 286 877 328 καί
902 285 977 335 τὰς
1005 286 1078 327 δύο
1113 290 1308 339 γυναῖκας
1336 284 1597 340 ἑπαγόμενος.1
1622 281 1728 328 ἰδόν-

304 373 370 405 τες
399 352 472 397 οὖν
504 353 632 396 αὐτὸν
670 353 708 394 οἱ
738 355 870 394 ἐκεῖσε
912 352 1042 405 μηδὲν
1078 349 1298 405 τεκμήριον
1332 348 1611 404 περικείμενον
1647 351 1728 391 τῶν

305 420 576 475 κρατούντων,
605 419 692 460 ἀλλ’
721 417 777 466 ὥς
805 415 974 472 φυγάδα
1001 414 1075 470 τήν
1102 417 1173 457 ε’πί
1196 414 1291 463 τούς
1318 412 1616 468 Ταυροσκύθας
1636 415 1730 454 δια-

303 487 478 526 πλωϊσιν
506 486 805 537 ἐπισπέρχοντα
834 480 906 522 καί
932 478 1138 537 φεύγοντα
1164 478 1342 535 μηδενὸς
1372 477 1602 530 διώκοντος,
1627 481 1727 519 συλ-

303 553 445 603 λαβεῖν
474 551 551 601 μὲν
585 543 680 590 οὕτε
709 545 949 602 ἐθάρρησαν
989 542 1082 587 οὔτε
1123 544 1313 587 ὁπωσοῦν
1351 545 1600 587 ἐδικαίωσαν
1640 542 1764 598 (τὸν5

260 614 380 669 Βγὰρ
410 616 527 669 θῆρα
555 612 628 655 καί
655 611 811 667 γυμνὸν
848 607 947 653 ὄντα
979 614 1060 654 τῶν
1099 609 1363 666 ἀμυντηρίων
1402 608 1523 650 οῦδὲν
1561 603 1730 649 ἔλαττον

303 678 539 732 ἐδεδίεσαν,
579 677 652 720 καὶ
685 677 788 733 πρὸς
826 677 956 732 μόνην
984 675 1060 731 τήν
1088 673 1243 718 ἐκείνου
1273 677 1379 717 θέαν
1409 675 1728 727 κατέπτησσον),

301 748 381 799 νῆα
408 746 454 786 δὲ
472 743 771 798 ἡτοιμάσαντο,
799 743 873 784 καί
890 739 1152 796 Ἀνδρόνικος
1177 738 1281 792 μετὰ
1310 740 1392 782 τῶν
1414 738 1484 780 ὕπ’
1512 736 1639 780 αὐτὸν
1656 738 1731 790 ἐμ·-

301 813 474 864 βέβηκεν
506 811 565 858 εἷς
602 808 747 864 αὐτήν.
805 805 944 862 ὥσπερ
981 808 1026 848 δὲ
1061 806 1133 848 καί
1167 803 1384 860 θαλάσσης
1423 800 1731 858 ἀγανακτούσης

301 878 389 916 κατ’
414 874 709 930 Ἀνδρονίκου,
745 869 813 915 ὅτι
839 872 1029 926 σώμασιν
1061 869 1218 920 ἆθιόοις
1251 868 1350 919 τούς
1391 869 1519 924 αὐτῆς
1554 867 1730 916 κόλπους
1748 883 1795 910 10

300 935 497 989 πολλάκις
530 938 728 995 ἕχρανεν,
758 938 886 994 ὀρθόν
913 953 958 980 τε
988 937 1030 979 τὸ
1065 939 1178 990 κῦμα
1217 937 1358 978 ἵστατο
1396 935 1466 976 καί
1501 934 1560 983 εἷς
1585 933 1730 988 χάσμα

303 1006 489 1046 διίστατο
517 1004 590 1047 καὶ
616 1010 833 1047 καταπιεῖν
871 1002 999 1046 αὐτὸν
1037 1001 1296 1055 διανίστατο,
1331 999 1403 1042 καὶ
1436 998 1539 1055 πρὸς
1580 999 1733 1053 χέρσον

301 1071 328 1124 ἡ
357 1075 457 1119 ναῦς
486 1071 765 1126 ἑξεβρὰσσετο.
821 1071 894 1111 καί
920 1070 1042 1110 τοῦτο
1071 1067 1267 1115 πολλάκις
1302 1064 1515 1120 γενόμενον
1551 1061 1734 1106 ἐκώλυσε

299 1134 374 1188 τήν
398 1136 661 1188 Ἀνδρονίκου
690 1135 936 1190 περαίωσιν,
963 1135 1040 1183 ἓως
1061 1132 1099 1175 οἱ
1127 1131 1462 1186 καταληψόμενοι
1490 1130 1731 1184 ἐπέστησαν.

302 1197 412 1242 οὕτω
447 1199 581 1242 τοίνυν
610 1199 631 1242 ὅ
660 1201 788 1249 τάλας
811 1198 1070 1254 Ἀνδρόνικος
1097 1200 1320 1252 συσχεθείς
1348 1197 1500 1254 ἀκατίῳ
1526 1211 1733 1251 παραρρι-
1751 1197 1798 1237 15

299 1271 464 1307 -πτεῖται
491 1265 599 1318 μετὰ
633 1268 712 1307 τῶν
739 1268 944 1320 γυναικῶν
974 1266 1155 1317 δέσμιος.
1215 1264 1306 1304 ἀλλ’
1345 1257 1396 1318 ἦν
1431 1262 1507 1303 κάν
1545 1261 1604 1318 τῷ
1643 1255 1776 1301 ‘tore’

302 1334 435 1388 καιρῷ
456 1331 719 1385 Ἀνδρόνικος
748 1330 770 1372 ὅ
797 1332 1026 1385 πολύμητις
1054 1331 1203 1378 ἐκεῖνος
1230 1331 1303 1370 καί
1325 1330 1540 1383 περίφρων
1566 1323 1734 1380 Ἀνδρό-

303 1412 425 1445 νικος.
481 1395 662 1438 συνιδών
691 1395 771 1452 γὰρ
800 1396 855 1446 ὥς
884 1397 1007 1444 πόδες
1038 1397 1113 1437 ου’κ
1133 1396 1250 1447 εἰσίν,
1272 1392 1328 1443 ὥς
1351 1399 1489 1448 χεῖρες
1515 1393 1590 1433 ου’κ
1617 1391 1733 1442 εἰσίν,

306 1462 406 1502 οὐδὲ
439 1459 611 1514 πάρεστι
641 1463 759 1517 ξίφος
787 1464 846 1510 εἰς
875 1460 921 1502 τὸ
953 1462 1114 1516 δρᾶσαί
1134 1476 1175 1501 τι
1203 1464 1387 1514 γενναῖον
1415 1459 1486 1500 καί
1506 1458 1735 1511 διαδρᾶσαι

180 1526 402 1580 pantos),-
430 1523 734 1579 συλλαβόντας,
761 1527 1022 1581 ὑποκρίνεται
1050 1524 1283 1582 τραγῳδίαν
1311 1522 1655 1580 δεξιοστροφήσας
1683 1524 1730 1565 τὸ
1746 1536 1801 1562 20

171 1605 292 1648 Ἄιδι,
307 1592 524 1646 τρίχορδον
562 1593 637 1645 τῆς
668 1593 877 1647 φθογγῆς,
917 1593 992 1632 καί
1017 1591 1228 1646 θρηνῶδες
1264 1586 1378 1646 ᾅδειν
1413 1604 1454 1631 τι
1495 1591 1618 1641 μέλος
1663 1588 1736 1631 καί

306 1658 536 1710 περιπαθὲς
565 1655 868 1709 ἀναβάλλεται,
896 1654 972 1704 τὰς
998 1653 1180 1704 παλαιὰς
1208 1654 1487 1708 πειθανάγκας
1515 1653 1735 1696 α’νατινοὶσ-

305 1737 391 1763 σων
417 1722 490 1765 καί
527 1721 784 1777 περιτρέχων
825 1720 881 1770 ὥς
912 1720 1042 1780 δεξιὸς
1080 1721 1334 1776 μουσηγέτης
1372 1717 1525 1775 εὕήχου
1558 1718 1734 1776 ὀργάνου

399 1865 431 1898 3.
459 1863 766 1911 ταυροκομιίνους
788 1866 825 1897 Β.
900 1876 949 1911 ¹9·
978 1862 1195 1911 διαδρᾶσαι]
1223 1863 1398 1908 διδριίναι
1424 1864 1464 1896 Α.
1557 1874 1613 1898 ao.
1640 1861 1737 1896 ὑπο-

397 1911 577 1992 κρίνεῐιέιι]
604 1911 860 1991 μᾶρῖιεκρὶιὲριδὲῑὲζ
884 1911 1004 1956 λαβών
1021 1909 1250 1958 θρηνητικὸν
1270 1913 1380 1957 μέλος
1403 1911 1524 1956 λέγειν
1545 1907 1735 1955 α’πήρξατο

311 2078 453 2122 imperii
477 2079 630 2123 insignia
648 2079 685 2112 in
711 2090 752 2113 eo
778 2083 983 2121 cernerent,
1011 2079 1077 2113 sed
1100 2079 1214 2113 exulis
1242 2078 1370 2112 habitu
1402 2077 1448 2111 ad
1475 2076 1736 2122 Tauroscythas

311 2125 493 2169 appellere
519 2126 747 2159 festinantem
771 2132 807 2159 et
832 2127 976 2159 nemine
1007 2131 1246 2171 persequente
1277 2125 1496 2169 fugientem,
1533 2134 1613 2156 eum
1641 2134 1738 2157 com-

311 2170 535 2216 prehendere
559 2182 678 2215 neque
703 2173 779 2205 ausi
803 2177 887 2206 sunt
908 2183 1028 2217 neque
1053 2183 1207 2217 aequum
1233 2175 1465 2211 censuerunt,
1491 2169 1602 2202 seram
1627 2170 1737 2204 etiam

314 2223 527 2250 exarmatam
545 2223 745 2251 metuentes
769 2223 805 2253 et
829 2218 874 2251 ad
893 2219 1008 2251 solum
1025 2224 1252 2263 conspectum
1276 2218 1352 2250 eius
1371 2215 1604 2260 trepidantes,
1629 2216 1737 2262 eique

312 2274 438 2296 navem
469 2269 649 2307 pararunt.
675 2275 745 2308 qua
769 2275 959 2298 conscensa
981 2265 1096 2310 ipsum
1120 2266 1216 2298 mare
1241 2264 1341 2297 velut
1363 2262 1605 2306 indignatum,
1639 2262 1738 2307 quod

313 2310 547 2342 innocentum
600 2309 830 2343 cadaveribus
880 2311 978 2343 sinus
1023 2321 1105 2344 suos
1154 2320 1260 2354 saepe
1299 2308 1508 2354 polluisset,
1560 2309 1599 2341 in
1644 2309 1738 2342 altos

313 2355 443 2388 fluctus
471 2361 507 2388 et
528 2360 667 2395 vastum
693 2356 831 2389 hiatum
857 2358 1072 2397 assurrexit,
1107 2357 1208 2401 quasi
1239 2354 1488 2388 devoraturum
1514 2365 1593 2387 eum
1621 2353 1739 2396 esset,

315 2406 352 2435 et
375 2412 499 2435 navem
519 2402 557 2433 in
575 2400 677 2435 littus
706 2403 812 2435 elisit.
836 2402 934 2447 quod
958 2404 1100 2447 saepius
1116 2404 1246 2435 factum
1265 2401 1408 2434 obstitit
1425 2412 1495 2446 quo
1519 2402 1637 2434 minus
1655 2406 1738 2434 ante

342 2453 582 2480 ersecutorum
594 2447 784 2481 adventum
796 2449 979 2482 traiiceret
990 2448 1224 2482 Andronicus.
1241 2448 1291 2480 ita
1307 2448 1493 2481 misercum
1505 2446 1642 2480 duabus
1659 2459 1740 2480 mu-

312 2458 475 2527 lierculis
499 2493 785 2538 comprehensus,
802 2495 840 2527 in
858 2495 1056 2528 naviculam
1067 2495 1205 2529 vinctus
1218 2494 1418 2528 coniicitur.
1440 2493 1578 2527 sedtum
1593 2503 1738 2538 quoque

317 2546 394 2573 erat
405 2539 625 2574 Andronicus
650 2540 855 2585 ingeniosus
881 2546 917 2574 et
941 2541 1092 2574 callidus
1108 2541 1170 2574 ille
1182 2539 1416 2573 Andronicus.
1433 2551 1514 2573 nam
1526 2551 1604 2573 cum
1619 2550 1738 2585 neque

315 2586 426 2631 peden
447 2586 492 2619 ad
508 2586 625 2630 sugam
643 2598 760 2631 neque
778 2598 903 2620 manus
920 2592 956 2620 et
970 2599 1065 2620 arma
1085 2587 1129 2620 ad
1153 2598 1306 2632 pugnam
1331 2592 1574 2630 suppeterent,
1598 2591 1740 2629 tragoe-

317 2632 413 2666 diam
431 2633 513 2677 agit,
528 2638 564 2666 et
582 2632 765 2678 lugubrem
780 2633 995 2666 cantilenam
1018 2634 1220 2678 auspicatus
1239 2633 1427 2666 facundiae
1441 2645 1534 2666 arma
1550 2631 1737 2678 depromit.

318 2684 567 2713 commemorat
591 2691 696 2724 quam
721 2680 793 2713 alto
819 2691 945 2724 genere
969 2680 1015 2714 sit
1043 2686 1140 2713 ortus
1159 2705 1168 2721 ‚
1204 2684 1245 2712 ut
1275 2679 1467 2712 nobilitate
1500 2679 1604 2724 vulgo
1633 2688 1739 2723 prae-

318 2730 407 2767 stet,
439 2731 479 2760 ut
504 2726 654 2772 pristina
678 2727 820 2760 fortun-1
849 2726 953 2770 felia,
974 2732 1012 2761 ut
1039 2732 1201 2761 anteacta
1223 2727 1319 2768 vita,
1340 2726 1499 2772 quamvis
1524 2726 1562 2760 in
1592 2725 1674 2769 suga
1701 2729 1738 2758 et
