1878 3230
306 204 413 260 550
727 218 954 260 memma
1000 217 1309 257 CHONlATAE

300 321 464 365 Ἰκόνιον
505 315 667 370 ἄπεισι,
706 319 779 358 καί
801 318 858 371 τῷ
888 318 1048 370 γέροντι
1093 315 1240 370 ὀφθείς
1270 315 1449 356 σουλτὰν
1482 313 1616 371 (οὔπω
1641 318 1721 372 γὰρ

304 383 431 427 αὐτὸν
463 382 674 438 καθῄρηκε
700 383 772 435 τῆς
805 382 939 436 α’ρχῆς
972 379 993 420 ὅ
1020 382 1175 422 ἐκείνου
1204 386 1301 427 παῖς
1330 379 1350 419 ὗ
1382 383 1637 437 Κοπατΐνος)
1669 380 1724 431 ὥς

300 448 392 496 υἱὸς
421 446 617 501 α’ληθινὸς
647 445 1044 499 τοῦ.αὕτοκρα’τορος
1064 444 1281 499 ῙΙἸανουήλ,
1310 441 1397 501 ᾆλλ’
1426 445 1505 498 οὐχ
1521 442 1576 493 ὥς
1591 446 1725 489 ἐπείσ-

300 529 423 561 ακτος
462 515 534 554 καί
570 512 721 560 πλάνος
758 510 897 567 ἐκείνῳ
942 512 1263 564 προσδιελέγετο.
1351 508 1547 560 πολλάκις
1586 512 1631 552 δὲ
1657 513 1728 554 καί

299 580 534 632 ἐπέπληττε,
562 579 635 620 καί
658 581 740 618 τῶν
760 577 804 618 ἐκ
823 577 900 617 τοῦ
931 577 1058 629 δῆθεν
1090 573 1245 629 πατρὸς
1265 577 1404 632 ἐκεινῳ
1431 571 1505 616 τοῦ
1518 572 1763 630 Μανουὴλῦ

300 644 366 684 ἐπ’
395 644 508 699 αὐτῷ
537 644 811 697 γεγενημένων
837 639 1156 694 ἀναμιμνήσκων
1173 641 1371 682 εὐποιιῶν
1393 635 1621 695 ἀχάριστον
1635 643 1732 695 περὶ

300 707 372 750 τὸν
398 710 616 762 εὐεργέτην
644 705 807 759 ἐκάλει,
852 708 923 747 καί
949 703 992 747 το“
1029 702 1356 760 ἀφιλάνθρωπον
1381 705 1662 758 ἑπωνείδιζεν,
1694 706 1734 748 εἰ

303 770 437 822 οὕτως
465 773 687 825 ἀτυχοῦντι
719 774 843 827 φίλου
872 769 994 812 παιδὶ
1019 771 1092 811 ου’κ
1120 768 1429 823 ἐπικάμπτεται.
1486 769 1506 812 ὅ
1538 771 1583 812 δὲ
1614 773 1731 813 τοῦτο

301 840 379 891 μὲν
402 835 483 878 ὖπὸ
513 841 584 890 τῆς
601 837 815 886 ἆναιδειάς
836 838 954 879 τοῦτο
981 837 1018 878 δ’
1046 837 1090 877 ἐκ
1112 837 1191 877 τῶν
1220 837 1296 877 τοῦ
1309 838 1572 890 χαρακτῆρος
1590 836 1732 878 ἰνδαλ-

264 901 447 956 Ομάτων
484 905 609 956 τιμᾶν
645 902 772 945 αὐτὸν
809 901 1052 956 ἐναγόμενος
1079 899 1227 956 δώροις
1252 916 1294 942 τε
1326 900 1400 942 οὐκ
1428 899 1581 955 ὀλίγοις
1609 897 1732 955 ἥδυνε
1751 915 1796 939 ιο

303 971 375 1011 καί
404 965 585 1022 ἀγαθαῖς
602 969 763 1010 ἐλπίσιν
780 965 1013 1010 ὗπὲσαινεν.
1037 962 1089 1021 ἦν
1117 968 1153 1007 ‹5’
1179 962 1244 1008 ὅτε
1264 967 1335 1008 καί
1349 964 1608 1021 πρεσβευτήν
1631 965 1734 1008 Ῥω-

304 1037 442 1087 μαίων
471 1031 630 1075 ἑστῶτα
669 1035 741 1075 καί
775 1031 1039 1087 α’κροιόμενον
1069 1028 1178 1080 ὅπως
1209 1028 1356 1073 ἑαυτὸν
1381 1033 1431 1088 τῇ
1458 1029 1586 1088 ε”ξόχῳ
1615 1033 1734 1085 ειῖγε.

303 1100 393 1155 νείᾳ
424 1098 655 1150 ἐσέμνυνεν,
682 1094 800 1152 ἤρετο
819 1097 843 1139 ὅ
873 1097 1052 1139 σουλτάν
1077 1098 1117 1138 εἰ
1141 1098 1360 1138 ἐπίσταται
1385 1098 1527 1139 τοῦτον
1553 1097 1628 1138 τοῦ
1655 1098 1734 1138 av'-

307 1163 560 1218 τοκράτορος
590 1161 684 1204 υἱόν
712 1160 935 1217 Μανουηλ.
999 1163 1074 1202 τοῦ
1103 1163 1148 1204 δὲ
1174 1162 1304 1215 μηδὲν
1337 1177 1378 1202 τι
1413 1160 1622 1216 φήσαντος
1651 1162 1734 1205 ἕτε-

309 1243 382 1283 ρον
428 1229 518 1269 ἀλλ’
546 1223 609 1268 ὅτι
644 1225 695 1282 δὴ
741 1228 890 1275 ἐκεῖνος
919 1225 1107 1268 α’πώλετο
1135 1227 1303 1279 α’ληθῶς
1332 1227 1479 1281 φανεὶς
1506 1225 1735 1268 ὑδατόκλυ-
1754 1225 1799 1265 15

308 1308 404 1339 στος
430 1291 503 1332 καί
527 1286 648 1340 οὗτος
672 1289 807 1346 μάτην
836 1292 933 1345 περί
958 1286 1112 1331 ἑαυτοῦ
1145 1288 1196 1332 τοὶ
1222 1288 1280 1344 μὴ
1301 1289 1573 1332 πιστεύεσθαι
1602 1306 1738 1348 πεφυ-

309 1355 409 1398 κότα
451 1355 667 1411 ’ξυντίθησι
706 1357 755 1413 τῇ
781 1357 857 1398 τοῦ
895 1355 1084 1408 κειμένου
1115 1351 1254 1408 κλήσει
1282 1354 1578 1409 ἐποχούμενος,
1610 1357 1737 1411 βράτ-

310 1438 394 1464 των
428 1420 609 1475 ἀτεχνῶς
646 1423 771 1477 θυμῷ
808 1422 881 1463 καί
920 1421 1020 1471 ζέων
1061 1421 1242 1474 ἀκριβῶς
1276 1421 1333 1477 τῷ
1370 1418 1481 1478 χόλῳ
1523 1419 1546 1461 ὅ
1589 1423 1738 1476 μεῖραξ

308 1486 492 1536 Ἀλέξιος
516 1486 669 1541 μικροῦ
695 1481 747 1527 ἂν
766 1489 844 1528 τοῦ
861 1483 1053 1540 πώγωνος
1079 1483 1300 1538 ἐπελάβετο
1329 1487 1404 1526 τοῦ
1431 1485 1737 1539 πρεσβεύοντος,

314 1551 354 1593 εἰ
391 1550 448 1605 μη
499 1550 624 1601 αὐτὸς
652 1549 674 1592 ὅ
705 1554 877 1606 πρέσβις
914 1552 1166 1605 διακινηθεὶς
1201 1553 1244 1598 ἐς
1291 1549 1416 1604 ὀργήν
1454 1548 1738 1605 α’πεκρούσατο
1751 1561 1801 1587 20

313 1618 509 1668 γενναίως
542 1616 661 1668 μάλα
700 1615 774 1658 τὸν
807 1617 1102 1668 Ψευδαλέξιον,
1142 1616 1214 1674 καί
1250 1613 1272 1655 ὖ
1310 1615 1488 1656 σουλτάν
1527 1617 1574 1658 δέ
1601 1613 1637 1656 οἱ
1681 1614 1738 1665 ὥς

270 1674 450 1738 Βᾷτοπα
478 1683 632 1738 δρῶντι
658 1681 1018 1737 ἐμβριμησάμενος
1055 1681 1250 1735 ἀτρεμεῖν
1274 1682 1475 1722 ἐκέλευσε.
1527 1683 1578 1739 τῇ
1603 1683 1739 1739 συχνῇ

406 1802 437 1824 2.
464 1790 486 1825 ἅ
511 1792 663 1827 alterum
687 1803 744 1825 om
771 1793 810 1824 A.
909 1794 941 1827 3.
968 1783 1104 1834 ἀληθὴς
1125 1792 1163 1824 Α.
1281 1793 1312 1826 5.
1336 1790 1400 1829 τοῖς
1422 1812 1467 1818 —
1491 1794 1738 1839 γεγενημένας

407 1840 621 1882 καταλέγων
648 1839 820 1876 εὐποιίας
844 1839 884 1871 Α.
1033 1841 1066 1871 8.
1089 1835 1300 1882 α’τυχοῦντοι
1322 1832 1362 1870 τὸ
1394 1839 1507 1884 φίλου
1537 1840 1671 1874 τέκνον
1697 1841 1736 1873 Α.

407 1897 439 1929 9.
462 1883 553 1931 ὑπὸ]
582 1883 657 1918 α’πό
692 1886 733 1921 Α.
848 1883 903 1931 ἐκ]
930 1882 1004 1917 α’πό
1031 1884 1069 1917 Α.
1191 1895 1240 1917 ιο.
1264 1884 1392 1931 τιμᾶν]
1411 1885 1527 1918 ἐλεεῖν
1550 1886 1590 1919 Α.
1690 1887 1737 1921 15,

409 1932 555 1973 ἀληθῶς
577 1929 750 1964 α’]ιόλωλε
772 1932 811 1965 Α.
946 1941 992 1976 ¹7-
1021 1932 1064 1976 τῇ
1085 1949 1131 1957 --
1155 1930 1298 1977 κλήσει]
1326 1932 1373 1974 τῷ
1402 1949 1447 1957 -
1473 1930 1632 1977 ὀνόματι
1656 1932 1693 1964 Α.

319 2020 512 2054 sericordia
535 2021 776 2053 ministrorum
792 2047 800 2061 ,
828 2021 889 2065 qui
914 2021 1007 2064 patri
1033 2031 1096 2053 suo
1122 2020 1352 2052 iureiurando
1379 2020 1541 2053 obstricti
1565 2020 1740 2060 fuissent,

320 2078 396 2098 esse
419 2073 674 2099 conservatum.
700 2073 736 2099 et
761 2079 838 2099 cum
865 2067 1007 2111 hospite
1032 2078 1096 2099 suo
1124 2067 1283 2098 Iconium
1312 2067 1491 2110 profectus
1515 2077 1634 2099 senem
1659 2066 1740 2098 Sul—

317 2117 441 2145 tanum
464 2112 639 2156 (nondum
668 2114 762 2145 enim
791 2125 811 2146 a
835 2113 910 2146 filio
934 2113 1108 2157 Copatino
1135 2123 1240 2156 regno
1268 2112 1391 2156 pulsus
1417 2111 1508 2157 erat)
1531 2112 1617 2151 adit,
1642 2116 1678 2143 et
1702 2117 1742 2145 ut

318 2169 424 2189 verus
459 2159 553 2191 filius
590 2159 787 2199 Manuelis,
821 2171 893 2192 non
918 2164 957 2191 ut
994 2159 1166 2202 impostor
1200 2163 1236 2190 et
1271 2169 1374 2198 erro,
1403 2157 1608 2201 alloquitur.
1635 2168 1741 2202 saepe

321 2204 429 2235 etiam
466 2210 613 2247 paterna
645 2205 819 2238 beneficia
844 2205 1116 2249 exprobrando,
1148 2205 1387 2237 immemorem
1424 2209 1460 2236 et
1481 2203 1658 2246 ingratum
1679 2215 1743 2237 vo-

321 2253 397 2290 cat3
430 2254 467 2282 et
506 2250 802 2285 inhumanitatem
833 2252 867 2283 ei
901 2251 1044 2292 obiicit,
1079 2249 1176 2295 quod
1201 2250 1402 2282 calamitate
1430 2249 1533 2281 amici
1558 2249 1624 2281 filii
1649 2250 1742 2282 nihil

321 2300 532 2328 moveretur.
560 2297 589 2328 is
613 2308 694 2329 vero
711 2309 789 2329 cum
809 2297 1031 2340 impudentia
1057 2296 1210 2328 hominis
1224 2296 1349 2335 victus,
1372 2300 1446 2328 tum
1472 2307 1515 2327 ex
1544 2295 1742 2328 linteamen..

321 2341 369 2375 tis
395 2342 570 2385 corporis,
604 2348 797 2386 apparente
830 2343 941 2387 patris
981 2344 1019 2375 in
1044 2354 1086 2375 eo
1114 2342 1371 2381 similitudine,
1396 2341 1640 2373 misericordia
1665 2353 1742 2374 mo—

319 2392 379 2420 tus
404 2398 484 2419 eum
514 2392 550 2422 et
589 2389 796 2422 muneribus
820 2400 892 2421 non
917 2389 1038 2433 paucis
1063 2387 1239 2421 exhilarat
1262 2393 1298 2419 et
1323 2398 1385 2430 spe
1412 2387 1506 2419 bona
1531 2387 1638 2420 fovet.
1663 2399 1743 2421 cum

320 2437 442 2470 autem
479 2433 694 2476 aliquande,
735 2435 851 2477 legato
877 2435 1032 2467 Romano
1070 2439 1208 2466 astante
1234 2438 1270 2465 et
1293 2432 1482 2473 audiente,
1510 2434 1743 2466 excellentem

319 2490 422 2517 suam
447 2478 673 2513 nobilitatem
698 2480 856 2520 iactaret,
881 2480 1050 2513 Sultanus
1078 2480 1233 2522 legatum
1259 2479 1453 2521 interrogat
1477 2490 1522 2511 an
1546 2479 1653 2512 istum
1666 2480 1744 2512 Ma-

321 2525 438 2558 nuelis
478 2525 701 2568 imperatoris
737 2526 850 2558 filium
885 2536 960 2558 esse
997 2525 1103 2558 norit.
1137 2525 1199 2569 qui
1224 2524 1287 2557 ubi
1317 2525 1408 2556 nihil
1433 2525 1533 2557 aliud
1558 2525 1744 2570 respondit

320 2571 391 2607 nisi
416 2570 518 2603 illum
545 2571 689 2605 omnino
714 2571 934 2603 submersum
957 2582 1033 2604 esse
1058 2577 1095 2603 et
1118 2571 1224 2603 istum
1249 2581 1303 2603 res
1330 2571 1559 2603 incredibiles
1585 2570 1650 2603 sub
1674 2571 1743 2604 sal-

320 2629 360 2651 so
394 2616 552 2652 defuncti
589 2617 733 2650 nomine
769 2617 1005 2657 comminisci,
1043 2617 1248 2649 adolescens
1274 2617 1417 2650 Alexius
1452 2617 1505 2649 ira
1528 2617 1683 2660 percitus
1707 2622 1744 2650 et

322 2663 397 2700 bile
434 2667 644 2699 exaestuans
677 2674 802 2706 parum
831 2663 949 2696 abfuit
972 2663 1058 2707 quin
1087 2663 1123 2695 in
1148 2663 1254 2705 legati
1281 2663 1428 2695 barbam
1452 2663 1647 2703 involaret,
1671 2663 1741 2695 nisi

320 2709 352 2748 is
376 2714 413 2741 et
435 2710 509 2754 ipse
537 2714 730 2741 commotus
749 2709 919 2754 impetum
934 2709 1157 2743 Pseudalexii
1175 2710 1316 2750 sortiter
1344 2709 1586 2754 propulsasset
1613 2714 1649 2741 et
1661 2709 1742 2741 Sul-

322 2759 426 2797 φῆμις
462 2756 689 2808 intemperias
726 2755 802 2795 eius
833 2755 949 2795 verbis
987 2756 1201 2802 castigasset.
1227 2756 1290 2804 qui
1315 2755 1383 2792 etsi
1407 2754 1638 2792 nihilominus
1667 2765 1741 2792 cre-
