1838 3210
484 215 555 255 ΒΕ
595 206 847 255 MANUELE
885 213 1150 255 comNENo
1190 215 1286 255 mn.
1319 217 1349 254 ι.
1568 197 1639 252 83

194 318 261 373 ’χῳ
304 312 635 371 μητροπαρθένῳ
683 312 864 367 αἳςένῆν
894 311 1204 367 ὃυσμαχτότατα
1235 316 1406 366 θέμενος
1433 310 1482 355 τά
1515 330 1643 369 στρα-

199 379 406 436 τεύματα,
436 379 486 423 τὰ
515 381 594 433 μὲν
613 380 671 428 εἷς
691 377 827 433 ἔρυμα
857 380 1025 432 συνέχει
1054 381 1126 434 τῆς
1153 380 1434 429 καλλιπόλεως
1460 381 1533 422 καί
1559 387 1646 429 τοῖς

200 450 378 501 τείχεσιν
415 447 591 502 ἐφιστᾷ,
636 449 722 492 τοῖς
752 444 791 485 ‹5’
820 442 1061 498 ἐπισκήπτει
1089 447 1143 501 τῇ
1169 446 1350 502 στρατιᾷ
1379 447 1648 500 παρέπεσθαι

200 514 283 554 τῶν
301 512 562 564 Ἀλαμανῶν,
579 508 638 564 μή
668 505 972 565 ἆφισταμένοις
991 510 1063 551 έπί
1089 509 1208 564 πολύ,
1237 507 1317 553 κᾶκ
1343 511 1466 553 τοῦδε
1495 510 1649 567 εἴργειν

168 576 298 627 ὄτούς
324 578 370 619 ἐκ
405 577 487 619 τῶν
523 576 772 627 Ἀλαμανῶν
808 575 852 624 ἐς
878 572 1070 628 ἁρπαγὰς
1107 575 1381 631 παρεξιόντας
1404 579 1476 618 καί
1499 591 1648 631 προνο-

201 644 310 696 μάς,
343 635 558 698 εἰρηνικῶς
586 643 726 694 μέντοι
758 642 833 682 καί
865 639 925 694 μὴ
956 642 1199 693 πολεμικῶς.
1232 641 1338 683 κατὰ
1368 645 1446 695 μὲν
1471 638 1547 684 οὖν
1573 640 1650 696 τὴν

203 710 406 764 α’πωτέρω
451 707 623 762 πορειάν
662 708 784 749 οὐδέν
821 723 863 748 τι
905 708 1136 760 ’ξυνηνέχθη
1179 706 1462 763 ἀξιαφήγητον
1490 707 1652 764 οἷμφοῖν

199 780 286 824 τοῖς
329 771 638 829 στρατεύμασιν
658 789 667 800 ·
736 771 793 821 ὥς
823 772 862 814 δ’
891 773 950 821 εἷς
980 771 1315 815 Φιλιππούπολιν
1357 772 1395 815 οἱ
1419 770 1654 826 Ἀλαμανοί

201 842 517 896 παρενέβαλον,
556 839 653 880 οὐδὲ
698 837 805 880 κατὰ
845 836 917 880 τὸν
964 840 1097 879 ἐκεῖσε
1129 837 1321 892 σταθμὸν
1369 840 1412 887 ἐς
1439 838 1652 895 διαφοράν

143 906 374 948 ιοοῖπεΐδον
402 903 455 946 τοὶ
481 905 683 959 τάγματα.
724 902 745 945 ὅ
778 902 860 959 γὰρ
887 906 959 959 τῆς
983 903 1127 959 χώρας
1155 902 1383 960 α’ρχιερεύς
1411 899 1485 959 (ἦν
1514 906 1552 946 δ”
1581 898 1690 946 οὗ-(ἶ

202 986 273 1022 τος
299 970 321 1012 ὁ
350 969 547 1019 Ἰταλικὸς
574 966 776 1024 Μιχαήλ,
806 969 826 1010 ὃ
858 972 929 1010 καί
952 966 1059 1026 λόγῳ
1089 968 1219 1019 πολύς
1248 971 1322 1012 καί
1346 970 1502 1025 σοφίας
1533 968 1654 1010 ὁποί-

204 1053 254 1087 ας
283 1035 391 1079 εἴποι
418 1051 482 1085 τις
509 1038 703 1091 μέλημα,
738 1035 816 1077 κοῖν
841 1035 934 1084 ταῖς
964 1034 1149 1088 ὁμιλίαις
1174 1034 1219 1078 τὸ
1250 1031 1356 1090 ἦθος
1383 1034 1653 1090 ἐπαγωγότα-

202 1118 272 1153 τος
310 1101 384 1144 καὶ
430 1104 550 1150 λίθος
600 1095 797 1156 ἄντικρυς
827 1100 1089 1157 Μάγνησσα)
1132 1098 1265 1150 οὕτως
1302 1100 1536 1155 ὖπηγοίγετο
1582 1099 1654 1157 τόν

203 1169 316 1225 ῥῆγα
353 1174 447 1217 ταῖς
486 1168 571 1209 τῶν
613 1164 748 1221 λόγων
789 1164 1023 1222 ἑκθηλύνας
1067 1166 1200 1221 ἴυγξι,
1232 1169 1305 1208 καί
1331 1166 1392 1224 τῷ
1416 1168 1553 1219 μέλιτι
1582 1169 1656 1221 τῆς

146 1233 388 1290 ιὸγλώττης
415 1229 752 1288 κατεγοήτευσεν,
782 1231 1071 1288 α’ντιστρόφως
1095 1235 1174 1285 μὲν
1203 1227 1265 1282 οἷς
1295 1233 1539 1289 ἐφθέγγετο,
1568 1238 1656 1283 τοῖς

205 1303 252 1344 δὲ
277 1300 502 1354 Ῥωμαίοις
529 1299 757 1355 ἑπωφελαῖς
784 1296 860 1353 τήν
886 1296 1052 1353 γνώμην
1068 1300 1334 1352 ,ιιεταμειζθων
1361 1300 1433 1340 καί
1458 1298 1564 1341 κατὰ
1586 1298 1656 1341 τὸν

206 1364 372 1422 Φάριον
420 1364 607 1419 Πρωτέα
649 1366 913 1420 δραστηρίως
952 1362 1339 1417 μεταβαλλόμενος,
1387 1364 1444 1412 ὥς
1489 1366 1534 1407 ἐκ
1575 1366 1658 1407 ταῖν
1703 1402 1706 1404 ,

193 1427 324 1475 -οῗὶτων
363 1431 596 1486 ἀναρτῆσαι
623 1429 727 1472 κατὰ
764 1428 862 1480 τούς
885 1426 1115 1487 ἀμφορέων
1144 1431 1360 1479 διακένους
1390 1429 1463 1472 τὸν
1494 1427 1657 1485 ὑψηλό-

206 1513 344 1556 φρονα
390 1497 528 1553 ῥῆγα,
559 1498 632 1538 καί
672 1495 871 1539 σύσσιτον
908 1494 1256 1551 παραλαμβάνειν
1286 1494 1361 1537 καί
1387 1494 1659 1549 μεταδιδόναι

143 1560 471 1620 αοπροπόσεων·
520 1561 584 1612 *ὃς
626 1564 699 1604 καί
740 1561 884 1619 μετῄει
926 1561 1172 1615 ὦμοτάτως,
1207 1561 1323 1618 αὐτῷ’
1352 1561 1656 1617 χαριζόμενος,

206 1629 305 1679 τούς
346 1624 447 1671 ἄνευ
489 1628 755 1676 καταθέσεως
798 1629 1004 1683 οἷργυριόυ
1040 1625 1090 1669 τά
1122 1633 1217 1669 σῖτα
1247 1625 1425 1669 ὅθενοῦν
1452 1626 1658 1683 παρεισά-

206 1711 366 1750 γοντας.
426 1696 509 1751 (5.)
563 1694 629 1735 Ἔν
678 1695 724 1735 δὲ
764 1695 822 1750 τῷ
847 1694 1140 1747 μεθίστασθαι
1168 1694 1332 1735 ἐκεῖθεν
1358 1696 1430 1735 καί
1455 1695 1699 1748 προβῆναιῃ

206 1760 278 1803 τὸν
307 1761 415 1818 ῥῆγα
440 1765 526 1809 τοῖς
556 1759 818 1814 ἔμπροσθεν,
854 1759 900 1800 ἐκ
926 1761 1008 1800 τῶν
1037 1760 1122 1800 κατ’
1152 1754 1282 1812 οὖρὰν
1303 1755 1556 1810 Ἀλαμαναῖν
1588 1757 1661 1799 καὶ

310 1872 358 1906 ¹9.
386 1857 635 1907 μεταδιδόναι
657 1857 738 1937 πρέ
772 1860 968 1905 προτιμᾶν
993 1859 1129 1892 τοῦτον
1146 1858 1199 1894 εἰς
1223 1857 1342 1891 πόσιν
1356 1858 1394 1892 Β.
1516 1868 1569 1894 20.
1594 1867 1662 1904 με-

302 1909 394 1955 τῄει]
433 1906 556 1952 &dues
578 1917 684 1943 τινας
739 1929 748 1938 .
881 1905 937 1938 23.
964 1905 1006 1939 ἐκ
1037 1903 1123 1951 τῶν]
1149 1904 1248 1941 τινὲς
1270 1907 1345 1939 τῶν
1371 1902 1537 1939 ὄπισθεν
1570 1905 1662 1939 εἶλα-

302 1956 380 1988 νῶν
416 1952 591 2000 εὑρόντες
630 1950 740 1989 τινὰς
781 1953 858 1986 τῶν
896 1951 1079 1997 ᾀωμαίων
1108 1952 1269 1985 ἔτυπτον
1300 1951 1396 1996 ὑπὲρ
1434 1944 1488 1987 ὧν
1518 1951 1570 1985 δι’
1596 1951 1664 1985 αὗ-

303 2002 379 2036 τιὸν
425 1997 530 2046 παρὰ
581 2001 652 2033 τοῦ
692 1991 810 2045 ῥηγός
856 2002 981 2036 κακῶς
1026 1999 1186 2032 ἔπαθον.
1226 1999 1290 2031 καὶ
1330 2001 1418 2042 βοῆς
1458 1999 1663 2045 γενομένης

210 2097 347 2141 virgine
371 2094 521 2129 custode
554 2094 655 2127 urbis
684 2094 898 2134 adiuvante,
933 2093 978 2126 ad
1006 2093 1076 2126 vim
1102 2094 1269 2128 hostilem
1300 2093 1581 2140 propulsandam
1607 2094 1663 2126 in-

212 2143 369 2183 structis,
394 2143 483 2175 alias
508 2141 554 2174 ad
583 2142 804 2186 praesidium
829 2141 929 2174 urbis
960 2141 1096 2174 retinet
1120 2147 1231 2187 atque
1256 2144 1294 2175 in
1322 2141 1512 2174 moenibus
1539 2141 1663 2186 dispo—

212 2190 291 2231 nit,
328 2189 417 2222 alias
459 2188 655 2222 exercitum
692 2189 974 2222 Alemannorum
1013 2187 1110 2221 haud
1135 2189 1243 2232 longo
1268 2188 1460 2222 intervallo
1487 2187 1663 2232 subsequi

213 2235 337 2277 iubet,
364 2241 401 2269 et
435 2246 496 2268 eos
531 2246 696 2268 coercere
721 2235 785 2280 qui
810 2239 911 2268 extra
941 2234 1054 2268 aciem
1083 2234 1129 2267 ad
1150 2235 1321 2280 praedam
1351 2240 1388 2268 et
1410 2235 1552 2279 rapinas
1580 2245 1663 2266 eva-

213 2289 366 2328 gentur3
392 2282 502 2328 idque
529 2282 646 2315 facere
685 2287 834 2326 pacate,
862 2292 937 2314 non
963 2281 1158 2315 hostiliter.
1187 2294 1228 2315 ac
1255 2283 1293 2315 in
1318 2281 1504 2315 remotiori
1530 2281 1663 2314 itinere

212 2329 307 2364 nihil
342 2328 578 2362 memorabile
614 2329 710 2361 inter
750 2334 933 2373 utrunque
969 2329 1164 2362 exercitum
1200 2329 1341 2362 accidit.
1369 2333 1411 2362 ut
1431 2333 1553 2361 autem
1575 2327 1663 2361 Ale-

211 2377 336 2411 manni
361 2376 407 2410 ad
419 2375 701 2421 Philippopolim
729 2381 844 2408 castra
867 2376 994 2408 metati
1021 2381 1116 2416 sunt,
1142 2385 1188 2408 ne
1215 2375 1268 2408 ibi
1294 2374 1443 2421 quidem
1471 2373 1664 2407 dissidium

213 2422 354 2457 incidit.
379 2434 461 2457 nam
486 2424 564 2456 eius
592 2422 797 2467 provinciae
826 2422 1008 2467 pontifex,
1031 2422 1179 2456 Italicus
1206 2422 1384 2463 Michael,
1407 2422 1463 2455 vir
1487 2421 1663 2466 eloquens

215 2475 254 2504 et
279 2469 377 2503 omni
413 2468 600 2503 doctrinae
638 2478 768 2514 genere
795 2469 1021 2514 perpolitus,
1063 2470 1101 2502 in
1126 2469 1374 2514 congressibus
1403 2469 1455 2502 ita
1481 2468 1599 2502 suavis
1625 2473 1665 2500 ut

217 2516 262 2549 ab
286 2517 364 2550 eius
404 2527 466 2549 ore
491 2526 614 2549 omnes
639 2515 863 2561 penderent,
904 2516 1039 2549 elatum
1063 2526 1179 2561 regem
1205 2517 1396 2550 verborum
1420 2515 1603 2549 illecebris
1628 2520 1666 2547 et

216 2563 362 2608 linguae
402 2562 620 2603 dulcedine,
665 2563 765 2596 aliud
797 2562 952 2596 dicendo
977 2562 1077 2595 aliud
1106 2562 1318 2603 sentiendo,
1343 2574 1385 2596 ac
1407 2561 1527 2596 Protei
1553 2562 1666 2594 instar

217 2620 283 2654 pro
307 2611 548 2643 Romanorum
574 2609 735 2643 utilitate
761 2621 798 2643 se
825 2609 1138 2651 transformando,
1165 2610 1218 2643 ita
1242 2609 1406 2643 devinxit
1434 2615 1475 2642 ut
1498 2619 1579 2641 eum
1608 2607 1673 2640 ‹li-1

220 2661 277 2688 cto
307 2656 513 2690 audientem
539 2655 711 2698 haberet,
737 2656 783 2689 ad
810 2656 935 2701 epulas
961 2656 1131 2691 invitaret
1168 2662 1206 2690 et.
1243 2657 1465 2702 propinaret.
1491 2655 1556 2699 qui
1582 2653 1665 2698 qui-

220 2702 301 2734 ‹lem
329 2703 366 2736 in
386 2703 462 2736 eius
489 2704 638 2748 gratiam
661 2702 909 2736 crudelissime
942 2703 1120 2736 tractabat
1145 2714 1206 2736 eos
1231 2704 1293 2748 qui
1317 2703 1471 2748 pecunia
1497 2711 1570 2734 non
1597 2711 1665 2733 nu·-

219 2755 355 2782 men-ata
379 2755 616 2784 commeatum
638 2750 809 2783 'alicunde
830 2746 874 2782 'in
911 2755 1025 2784 castra
1050 2748 1287 2784 advehebant.
1337 2750 1399 2794 (5).
1426 2749 1515 2781 Cum
1542 2752 1665 2780 autem

222 2806 282 2827 rex
307 2795 392 2829 inde
413 2796 712 2842 progrederetur,
742 2797 835 2830 inter
858 2802 1055 2831 extremum
1087 2807 1211 2841 agmen
1236 2797 1516 2830 Alemannorum
1545 2801 1580 2828 et
1595 2795 1666 2829 Ro·-
