<?xml version="1.0" encoding="UTF-8"?>
<!DOCTYPE html PUBLIC "-//W3C//DTD XHTML 1.0 Transitional//EN"
    "http://www.w3.org/TR/xhtml1/DTD/xhtml1-transitional.dtd">
<html xmlns="http://www.w3.org/1999/xhtml" xml:lang="en" lang="en">
 <head>
  <title>
</title>
<meta http-equiv="Content-Type" content="text/html;charset=utf-8" />
  <meta name='ocr-system' content='tesseract 3.04.00' />
  <meta name='ocr-capabilities' content='ocr_page ocr_carea ocr_par ocr_line ocrx_word'/>
</head>
<body>
  <div class='ocr_page' id='page_1' title='image "./corpusscriptorum41niebuoft/corpusscriptorum41niebuoft_0736.png"; bbox 0 0 1878 3230; ppageno 0'>
   <div class='ocr_carea' id='block_1_1' title="bbox 287 159 1285 232">
    <p class='ocr_par' dir='ltr' id='par_1_1' title="bbox 287 159 1285 232">
     <span class='ocr_line' id='line_1_1' title="bbox 287 159 1285 232; baseline 0.001 -20"><span class='ocrx_word' id='word_1_1' title='bbox 287 159 397 232; x_wconf 83' lang='lat'><em>706</em></span> <span class='ocrx_word' id='word_1_2' title='bbox 704 171 932 212; x_wconf 76' lang='lat' dir='ltr'><strong>NicE&#39;rAE</strong></span> <span class='ocrx_word' id='word_1_3' title='bbox 972 170 1285 213; x_wconf 80' lang='lat' dir='ltr'>CHONlATAE</span> 
     </span>
    </p>
   </div>
   <div class='ocr_carea' id='block_1_2' title="bbox 142 268 1784 1766">
    <p class='ocr_par' dir='ltr' id='par_1_2' title="bbox 275 268 1720 462">
     <span class='ocr_line' id='line_1_2' title="bbox 391 268 1716 326; baseline -0.002 -9"><span class='ocrx_word' id='word_1_4' title='bbox 391 274 515 318; x_wconf 80' lang='grc' dir='ltr'><em>Κατὰ</em></span> <span class='ocrx_word' id='word_1_5' title='bbox 552 274 598 313; x_wconf 80' lang='grc' dir='ltr'><em>δὲ</em></span> <span class='ocrx_word' id='word_1_6' title='bbox 636 270 734 318; x_wconf 77' lang='grc' dir='ltr'><em>τούς</em></span> <span class='ocrx_word' id='word_1_7' title='bbox 762 269 943 325; x_wconf 85' lang='grc' dir='ltr'><em>χρόνους</em></span> <span class='ocrx_word' id='word_1_8' title='bbox 971 268 1138 319; x_wconf 81' lang='grc' dir='ltr'><em>τούτους</em></span> <span class='ocrx_word' id='word_1_9' title='bbox 1181 270 1309 323; x_wconf 72' lang='grc' dir='ltr'><em>ἔξεισι</em></span> <span class='ocrx_word' id='word_1_10' title='bbox 1354 275 1427 326; x_wconf 79' lang='grc' dir='ltr'><em>τῆς</em></span> <span class='ocrx_word' id='word_1_11' title='bbox 1469 272 1646 323; x_wconf 88' lang='grc' dir='ltr'><em>Μυσίας</em></span> <span class='ocrx_word' id='word_1_12' title='bbox 1693 274 1716 314; x_wconf 79' lang='grc' dir='ltr'>ὅ</span> 
     </span>
     <span class='ocr_line' id='line_1_3' title="bbox 275 334 1718 395; baseline -0.001 -13"><span class='ocrx_word' id='word_1_13' title='bbox 275 339 466 395; x_wconf 78' lang='grc' dir='ltr'><em>Ἰωάννης</em></span> <span class='ocrx_word' id='word_1_14' title='bbox 493 336 672 393; x_wconf 78' lang='grc' dir='ltr'><em>μεγίστῳ</em></span> <span class='ocrx_word' id='word_1_15' title='bbox 699 351 742 378; x_wconf 85' lang='grc' dir='ltr'><em>τε</em></span> <span class='ocrx_word' id='word_1_16' title='bbox 770 335 843 376; x_wconf 83' lang='grc' dir='ltr'><em>καί</em></span> <span class='ocrx_word' id='word_1_17' title='bbox 870 334 1095 394; x_wconf 77' lang='grc' dir='ltr'><em>παγχάλκῳ</em></span> <span class='ocrx_word' id='word_1_18' title='bbox 1124 335 1407 392; x_wconf 74' lang='grc' dir='ltr'><em>στρατεύματι</em></span> <span class='ocrx_word' id='word_1_19' title='bbox 1424 368 1436 390; x_wconf 85' lang='grc'>,</span> <span class='ocrx_word' id='word_1_20' title='bbox 1467 338 1538 379; x_wconf 71' lang='grc' dir='ltr'><em>καὶ</em></span> <span class='ocrx_word' id='word_1_21' title='bbox 1565 340 1718 395; x_wconf 79' lang='grc' dir='ltr'><em>διειλη-</em></span> 
     </span>
     <span class='ocr_line' id='line_1_4' title="bbox 282 401 1720 462; baseline -0.001 -15"><span class='ocrx_word' id='word_1_22' title='bbox 282 405 374 462; x_wconf 74' lang='grc' dir='ltr'><em>φώς</em></span> <span class='ocrx_word' id='word_1_23' title='bbox 411 402 483 458; x_wconf 78' lang='grc' dir='ltr'><em>την</em></span> <span class='ocrx_word' id='word_1_24' title='bbox 511 401 811 444; x_wconf 86' lang='grc' dir='ltr'><em>Κωνστάντιαν</em></span> <span class='ocrx_word' id='word_1_25' title='bbox 836 403 1054 455; x_wconf 74' lang='grc' dir='ltr'><em>χειροῦται</em></span> <span class='ocrx_word' id='word_1_26' title='bbox 1089 402 1244 456; x_wconf 77' lang='grc' dir='ltr'><em>ταύτην</em></span> <span class='ocrx_word' id='word_1_27' title='bbox 1278 402 1383 443; x_wconf 84' lang='grc' dir='ltr'><em>κατά</em></span> <span class='ocrx_word' id='word_1_28' title='bbox 1421 403 1558 444; x_wconf 76' lang='grc' dir='ltr'><em>πᾶσαν</em></span> <span class='ocrx_word' id='word_1_29' title='bbox 1595 405 1720 447; x_wconf 68' lang='grc' dir='ltr'><em>εὐπέ-</em></span> 
     </span>
    </p>

    <p class='ocr_par' dir='ltr' id='par_1_3' title="bbox 143 461 1755 783">
     <span class='ocr_line' id='line_1_5' title="bbox 143 461 1722 523; baseline -0.001 -11"><span class='ocrx_word' id='word_1_30' title='bbox 143 480 177 512; x_wconf 77' lang='lat' dir='ltr'><em>P.</em></span> <span class='ocrx_word' id='word_1_31' title='bbox 202 477 268 523; x_wconf 71' lang='grc'><em>344</em></span> <span class='ocrx_word' id='word_1_32' title='bbox 281 485 420 521; x_wconf 82' lang='grc' dir='ltr'><em>τειαν,</em></span> <span class='ocrx_word' id='word_1_33' title='bbox 453 464 656 522; x_wconf 76' lang='grc' dir='ltr'><em>διάσημον</em></span> <span class='ocrx_word' id='word_1_34' title='bbox 685 461 816 508; x_wconf 77' lang='grc' dir='ltr'><em>οὖσαν</em></span> <span class='ocrx_word' id='word_1_35' title='bbox 843 469 887 508; x_wconf 79' lang='grc' dir='ltr'><em>ἐν</em></span> <span class='ocrx_word' id='word_1_36' title='bbox 915 471 999 516; x_wconf 82' lang='grc' dir='ltr'><em>τοῖς</em></span> <span class='ocrx_word' id='word_1_37' title='bbox 1027 468 1099 521; x_wconf 75' lang='grc' dir='ltr'><em>τῆς</em></span> <span class='ocrx_word' id='word_1_38' title='bbox 1120 466 1322 522; x_wconf 77' lang='grc' dir='ltr'><strong><em>Ῥοδόπης</em></strong></span> <span class='ocrx_word' id='word_1_39' title='bbox 1348 467 1628 521; x_wconf 87' lang='grc' dir='ltr'><em>σχοινίσμασι.</em></span> <span class='ocrx_word' id='word_1_40' title='bbox 1651 469 1722 511; x_wconf 79' lang='grc' dir='ltr'><em>καὶ</em></span> 
     </span>
     <span class='ocr_line' id='line_1_6' title="bbox 280 531 1755 589; baseline -0.003 -12"><span class='ocrx_word' id='word_1_41' title='bbox 280 532 471 577; x_wconf 78' lang='grc' dir='ltr'><em>καθελών</em></span> <span class='ocrx_word' id='word_1_42' title='bbox 498 531 568 574; x_wconf 86' lang='grc' dir='ltr'><em>τὸν</em></span> <span class='ocrx_word' id='word_1_43' title='bbox 599 531 752 586; x_wconf 80' lang='grc' dir='ltr'><strong><em>ταύτης</em></strong></span> <span class='ocrx_word' id='word_1_44' title='bbox 778 533 999 585; x_wconf 75' lang='grc' dir='ltr'><em>περίβολον</em></span> <span class='ocrx_word' id='word_1_45' title='bbox 1027 533 1188 574; x_wconf 82' lang='grc' dir='ltr'><em>ἐκεῖθεν</em></span> <span class='ocrx_word' id='word_1_46' title='bbox 1218 531 1497 574; x_wconf 75' lang='grc' dir='ltr'><em>ἀπανίσταται</em></span> <span class='ocrx_word' id='word_1_47' title='bbox 1526 531 1598 574; x_wconf 74' lang='grc' dir='ltr'><em>καί</em></span> <span class='ocrx_word' id='word_1_48' title='bbox 1621 535 1720 589; x_wconf 79' lang='grc' dir='ltr'><em>περὶ</em></span> <span class='ocrx_word' id='word_1_49' title='bbox 1730 531 1755 573; x_wconf 83' lang='lat'>5</span> 
     </span>
     <span class='ocr_line' id='line_1_7' title="bbox 279 595 1722 656; baseline -0.003 -13"><span class='ocrx_word' id='word_1_50' title='bbox 279 602 356 656; x_wconf 79' lang='grc' dir='ltr'><em>την</em></span> <span class='ocrx_word' id='word_1_51' title='bbox 385 599 559 654; x_wconf 89' lang='grc' dir='ltr'><em>Βάρναν</em></span> <span class='ocrx_word' id='word_1_52' title='bbox 594 595 1000 652; x_wconf 75' lang='grc' dir='ltr'><em>στρατοπεδεύεται,</em></span> <span class='ocrx_word' id='word_1_53' title='bbox 1045 599 1118 638; x_wconf 84' lang='grc' dir='ltr'>καί</span> <span class='ocrx_word' id='word_1_54' title='bbox 1161 602 1378 652; x_wconf 82' lang='grc' dir='ltr'><em>πολιορκεῖ</em></span> <span class='ocrx_word' id='word_1_55' title='bbox 1416 600 1611 651; x_wconf 76' lang='grc' dir='ltr'><em>γενναίως</em></span> <span class='ocrx_word' id='word_1_56' title='bbox 1650 597 1722 640; x_wconf 77' lang='grc' dir='ltr'><em>καὶ</em></span> 
     </span>
     <span class='ocr_line' id='line_1_8' title="bbox 278 660 1722 720; baseline -0.002 -12"><span class='ocrx_word' id='word_1_57' title='bbox 278 664 436 720; x_wconf 78' lang='grc' dir='ltr'><em>ταύτην</em></span> <span class='ocrx_word' id='word_1_58' title='bbox 464 663 570 706; x_wconf 82' lang='grc' dir='ltr'><em>κατὰ</em></span> <span class='ocrx_word' id='word_1_59' title='bbox 597 661 672 718; x_wconf 77' lang='grc' dir='ltr'><em>τὴν</em></span> <span class='ocrx_word' id='word_1_60' title='bbox 698 663 819 717; x_wconf 77' lang='grc' dir='ltr'><em>ἕκτην</em></span> <span class='ocrx_word' id='word_1_61' title='bbox 840 664 919 704; x_wconf 77' lang='grc' dir='ltr'><em>τῶν</em></span> <span class='ocrx_word' id='word_1_62' title='bbox 946 664 1021 704; x_wconf 84' lang='grc' dir='ltr'><em>τοῦ</em></span> <span class='ocrx_word' id='word_1_63' title='bbox 1040 665 1234 718; x_wconf 76' lang='grc' dir='ltr'><em>Χριστοῦ</em></span> <span class='ocrx_word' id='word_1_64' title='bbox 1259 662 1521 718; x_wconf 78' lang='grc' dir='ltr'><em>παθημάτων</em></span> <span class='ocrx_word' id='word_1_65' title='bbox 1547 660 1722 718; x_wconf 75' lang='grc' dir='ltr'><em>ἡμέραν.</em></span> 
     </span>
     <span class='ocr_line' id='line_1_9' title="bbox 279 727 1721 783; baseline -0.003 -10"><span class='ocrx_word' id='word_1_66' title='bbox 279 731 481 773; x_wconf 86' lang='grc' dir='ltr'><em>παντοίαν</em></span> <span class='ocrx_word' id='word_1_67' title='bbox 512 731 550 771; x_wconf 90' lang='grc' dir='ltr'><em>δ’</em></span> <span class='ocrx_word' id='word_1_68' title='bbox 579 727 774 770; x_wconf 76' lang='grc' dir='ltr'><em>ἔνστασιν</em></span> <span class='ocrx_word' id='word_1_69' title='bbox 801 729 1123 781; x_wconf 79' lang='grc' dir='ltr'><em>ἐνδεικνυμένων</em></span> <span class='ocrx_word' id='word_1_70' title='bbox 1155 730 1239 770; x_wconf 75' lang='grc' dir='ltr'><em>τῶν</em></span> <span class='ocrx_word' id='word_1_71' title='bbox 1280 727 1448 781; x_wconf 78' lang='grc' dir='ltr'><em>ἔνδοθι,</em></span> <span class='ocrx_word' id='word_1_72' title='bbox 1488 729 1721 783; x_wconf 85' lang='grc' dir='ltr'><em>κρατίστων</em></span> 
     </span>
    </p>

    <p class='ocr_par' dir='ltr' id='par_1_4' title="bbox 142 794 1784 1309">
     <span class='ocr_line' id='line_1_10' title="bbox 142 794 1721 850; baseline -0.001 -13"><span class='ocrx_word' id='word_1_73' title='bbox 142 803 183 837; x_wconf 86' lang='lat' dir='ltr'><em>V.</em></span> <span class='ocrx_word' id='word_1_74' title='bbox 199 803 264 838; x_wconf 82' lang='lat'><em>283</em></span> <span class='ocrx_word' id='word_1_75' title='bbox 280 794 410 842; x_wconf 82' lang='grc' dir='ltr'><em>ὅντων</em></span> <span class='ocrx_word' id='word_1_76' title='bbox 435 798 519 837; x_wconf 78' lang='grc' dir='ltr'><em>τῶν</em></span> <span class='ocrx_word' id='word_1_77' title='bbox 545 796 745 836; x_wconf 84' lang='grc' dir='ltr'><em>πλείστων</em></span> <span class='ocrx_word' id='word_1_78' title='bbox 771 794 853 836; x_wconf 76' lang='grc' dir='ltr'><em>κάκ</em></span> <span class='ocrx_word' id='word_1_79' title='bbox 881 796 959 834; x_wconf 80' lang='grc' dir='ltr'><em>τοῦ</em></span> <span class='ocrx_word' id='word_1_80' title='bbox 987 796 1220 836; x_wconf 82' lang='grc' dir='ltr'><em>Λατινικοῦ</em></span> <span class='ocrx_word' id='word_1_81' title='bbox 1246 795 1424 850; x_wconf 85' lang='grc' dir='ltr'><em>στίφους</em></span> <span class='ocrx_word' id='word_1_82' title='bbox 1450 809 1721 850; x_wconf 81' lang='grc' dir='ltr'><em>συγκεκροτη-</em></span> 
     </span>
     <span class='ocr_line' id='line_1_11' title="bbox 277 858 1783 918; baseline -0.001 -14"><span class='ocrx_word' id='word_1_83' title='bbox 277 863 414 916; x_wconf 79' lang='grc' dir='ltr'><em>μένων</em></span> <span class='ocrx_word' id='word_1_84' title='bbox 431 893 445 915; x_wconf 83' lang='grc'>,</span> <span class='ocrx_word' id='word_1_85' title='bbox 473 858 775 915; x_wconf 86' lang='grc' dir='ltr'><em>τετράπλευρον</em></span> <span class='ocrx_word' id='word_1_86' title='bbox 803 862 1028 915; x_wconf 83' lang='grc' dir='ltr'><em>συντίθησι</em></span> <span class='ocrx_word' id='word_1_87' title='bbox 1053 858 1248 915; x_wconf 78' lang='grc' dir='ltr'><em>μηχανὴν</em></span> <span class='ocrx_word' id='word_1_88' title='bbox 1275 861 1639 916; x_wconf 84' lang='grc' dir='ltr'><em>συμμηκιζομένην</em></span> <span class='ocrx_word' id='word_1_89' title='bbox 1660 862 1720 918; x_wconf 75' lang='grc' dir='ltr'><em>τῷ</em></span> <span class='ocrx_word' id='word_1_90' title='bbox 1737 875 1783 903; x_wconf 83' lang='lat'><em>10</em></span> 
     </span>
     <span class='ocr_line' id='line_1_12' title="bbox 277 924 1722 985; baseline 0 -17"><span class='ocrx_word' id='word_1_91' title='bbox 277 924 394 982; x_wconf 77' lang='grc' dir='ltr'><em>εὔρει</em></span> <span class='ocrx_word' id='word_1_92' title='bbox 422 928 496 981; x_wconf 81' lang='grc' dir='ltr'><em>τῆς</em></span> <span class='ocrx_word' id='word_1_93' title='bbox 532 927 696 982; x_wconf 87' lang='grc' dir='ltr'><em>τάφρου</em></span> <span class='ocrx_word' id='word_1_94' title='bbox 726 927 800 967; x_wconf 81' lang='grc' dir='ltr'><strong><em>καί</em></strong></span> <span class='ocrx_word' id='word_1_95' title='bbox 833 926 990 981; x_wconf 71' lang='grc' dir='ltr'><em>ἰσοϋψῆ</em></span> <span class='ocrx_word' id='word_1_96' title='bbox 1030 927 1090 982; x_wconf 75' lang='grc' dir='ltr'><em>τῷ</em></span> <span class='ocrx_word' id='word_1_97' title='bbox 1130 924 1262 979; x_wconf 84' lang='grc' dir='ltr'><em>τείχει</em></span> <span class='ocrx_word' id='word_1_98' title='bbox 1304 927 1377 980; x_wconf 78' lang='grc' dir='ltr'><em>τῆς</em></span> <span class='ocrx_word' id='word_1_99' title='bbox 1418 927 1601 985; x_wconf 85' lang='grc' dir='ltr'><em>πόλεως,</em></span> <span class='ocrx_word' id='word_1_100' title='bbox 1648 927 1722 968; x_wconf 79' lang='grc' dir='ltr'><strong><em>καί</em></strong></span> 
     </span>
     <span class='ocr_line' id='line_1_13' title="bbox 277 985 1719 1048; baseline -0.001 -14"><span class='ocrx_word' id='word_1_101' title='bbox 277 991 432 1048; x_wconf 81' lang='grc' dir='ltr'><em>ταύτην</em></span> <span class='ocrx_word' id='word_1_102' title='bbox 458 991 694 1046; x_wconf 78' lang='grc' dir='ltr'><em>ὑπότροχον</em></span> <span class='ocrx_word' id='word_1_103' title='bbox 721 987 854 1033; x_wconf 79' lang='grc' dir='ltr'><em>οὖσαν</em></span> <span class='ocrx_word' id='word_1_104' title='bbox 889 993 965 1045; x_wconf 78' lang='grc' dir='ltr'><em>τῆς-</em></span> <span class='ocrx_word' id='word_1_105' title='bbox 992 990 1160 1047; x_wconf 86' lang='grc' dir='ltr'><em>τάφρου</em></span> <span class='ocrx_word' id='word_1_106' title='bbox 1200 985 1378 1045; x_wconf 68' lang='grc' dir='ltr'><em>ἄγχιστα</em></span> <span class='ocrx_word' id='word_1_107' title='bbox 1411 989 1588 1045; x_wconf 77' lang='grc' dir='ltr'><em>στήσας,</em></span> <span class='ocrx_word' id='word_1_108' title='bbox 1627 987 1719 1034; x_wconf 84' lang='grc' dir='ltr'><em>εἶτα</em></span> 
     </span>
     <span class='ocr_line' id='line_1_14' title="bbox 277 1054 1720 1114; baseline -0.003 -14"><span class='ocrx_word' id='word_1_109' title='bbox 277 1054 517 1111; x_wconf 73' lang='grc' dir='ltr'><em>ἀνατρέψας</em></span> <span class='ocrx_word' id='word_1_110' title='bbox 546 1057 798 1113; x_wconf 74' lang='grc' dir='ltr'><em>ἀμφοτέρων</em></span> <span class='ocrx_word' id='word_1_111' title='bbox 837 1059 918 1099; x_wconf 76' lang='grc' dir='ltr'><em>τῶν</em></span> <span class='ocrx_word' id='word_1_112' title='bbox 945 1054 1134 1112; x_wconf 77' lang='grc' dir='ltr'><em>περάτων</em></span> <span class='ocrx_word' id='word_1_113' title='bbox 1171 1056 1521 1110; x_wconf 78' lang='grc' dir='ltr'><em>ἐπιλαμβάνεται,</em></span> <span class='ocrx_word' id='word_1_114' title='bbox 1558 1058 1632 1106; x_wconf 80' lang='grc' dir='ltr'>καί</span> <span class='ocrx_word' id='word_1_115' title='bbox 1659 1059 1720 1114; x_wconf 67' lang='grc' dir='ltr'><em>τῷ</em></span> 
     </span>
     <span class='ocr_line' id='line_1_15' title="bbox 278 1119 1718 1180; baseline -0.002 -15"><span class='ocrx_word' id='word_1_116' title='bbox 278 1123 395 1180; x_wconf 70' lang='grc' dir='ltr'><em>αὐτῷ</em></span> <span class='ocrx_word' id='word_1_117' title='bbox 422 1122 493 1165; x_wconf 86' lang='grc' dir='ltr'><strong><em>καί</em></strong></span> <span class='ocrx_word' id='word_1_118' title='bbox 519 1120 583 1164; x_wconf 61' lang='lat' dir='ltr'><em>{vl</em></span> <span class='ocrx_word' id='word_1_119' title='bbox 610 1121 884 1178; x_wconf 83' lang='grc' dir='ltr'><em>μηχανήματι</em></span> <span class='ocrx_word' id='word_1_120' title='bbox 919 1121 1123 1176; x_wconf 74' lang='grc' dir='ltr'><em>ζεύγματί</em></span> <span class='ocrx_word' id='word_1_121' title='bbox 1146 1137 1190 1164; x_wconf 89' lang='grc' dir='ltr'><em>τε</em></span> <span class='ocrx_word' id='word_1_122' title='bbox 1217 1123 1290 1177; x_wconf 71' lang='grc' dir='ltr'><em>τῆς</em></span> <span class='ocrx_word' id='word_1_123' title='bbox 1318 1122 1485 1177; x_wconf 89' lang='grc' dir='ltr'><em>τάφρου</em></span> <span class='ocrx_word' id='word_1_124' title='bbox 1503 1119 1718 1176; x_wconf 88' lang='grc' dir='ltr'><em>χρησάμε-</em></span> 
     </span>
     <span class='ocr_line' id='line_1_16' title="bbox 276 1183 1784 1244; baseline -0.001 -13"><span class='ocrx_word' id='word_1_125' title='bbox 276 1204 345 1237; x_wconf 90' lang='grc' dir='ltr'><em>νος</em></span> <span class='ocrx_word' id='word_1_126' title='bbox 372 1190 444 1230; x_wconf 84' lang='grc' dir='ltr'><em>καί</em></span> <span class='ocrx_word' id='word_1_127' title='bbox 469 1191 638 1241; x_wconf 71' lang='grc' dir='ltr'><em>κλιμακι</em></span> <span class='ocrx_word' id='word_1_128' title='bbox 678 1189 943 1244; x_wconf 79' lang='grc' dir='ltr'><em>ἐξικνουμένῃ</em></span> <span class='ocrx_word' id='word_1_129' title='bbox 976 1189 1054 1229; x_wconf 80' lang='grc' dir='ltr'><em>τοῦ</em></span> <span class='ocrx_word' id='word_1_130' title='bbox 1093 1183 1232 1240; x_wconf 71' lang='grc' dir='ltr'><em>ὕψους</em></span> <span class='ocrx_word' id='word_1_131' title='bbox 1267 1189 1342 1242; x_wconf 84' lang='grc' dir='ltr'><em>τῆς</em></span> <span class='ocrx_word' id='word_1_132' title='bbox 1377 1188 1537 1236; x_wconf 88' lang='grc' dir='ltr'><em>πόλεως</em></span> <span class='ocrx_word' id='word_1_133' title='bbox 1582 1186 1718 1242; x_wconf 76' lang='grc' dir='ltr'><em>τρισίν</em></span> <span class='ocrx_word' id='word_1_134' title='bbox 1735 1187 1784 1230; x_wconf 86' lang='lat'><em>15</em></span> 
     </span>
     <span class='ocr_line' id='line_1_17' title="bbox 277 1249 1718 1309; baseline -0.001 -14"><span class='ocrx_word' id='word_1_135' title='bbox 277 1254 455 1309; x_wconf 80' lang='grc' dir='ltr'><em>ἡμέραις</em></span> <span class='ocrx_word' id='word_1_136' title='bbox 482 1255 555 1308; x_wconf 80' lang='grc' dir='ltr'><em>τῆς</em></span> <span class='ocrx_word' id='word_1_137' title='bbox 580 1252 755 1308; x_wconf 83' lang='grc' dir='ltr'><em>Βάρνας</em></span> <span class='ocrx_word' id='word_1_138' title='bbox 782 1260 938 1308; x_wconf 77' lang='grc' dir='ltr'><em>κρατεῖ.</em></span> <span class='ocrx_word' id='word_1_139' title='bbox 998 1249 1094 1295; x_wconf 70' lang='grc' dir='ltr'><em>οὔτε</em></span> <span class='ocrx_word' id='word_1_140' title='bbox 1121 1255 1167 1294; x_wconf 81' lang='grc' dir='ltr'><em>δὲ</em></span> <span class='ocrx_word' id='word_1_141' title='bbox 1197 1254 1271 1307; x_wconf 75' lang='grc' dir='ltr'><em>τῆς</em></span> <span class='ocrx_word' id='word_1_142' title='bbox 1296 1253 1458 1308; x_wconf 79' lang='grc' dir='ltr'><em>ἡμέρας</em></span> <span class='ocrx_word' id='word_1_143' title='bbox 1485 1251 1558 1307; x_wconf 83' lang='grc' dir='ltr'><em>τὴν</em></span> <span class='ocrx_word' id='word_1_144' title='bbox 1590 1252 1718 1294; x_wconf 81' lang='grc' dir='ltr'><em>δύνα-</em></span> 
     </span>
    </p>

    <p class='ocr_par' dir='ltr' id='par_1_5' title="bbox 238 1315 1782 1766">
     <span class='ocr_line' id='line_1_18' title="bbox 238 1315 1719 1375; baseline -0.002 -14"><span class='ocrx_word' id='word_1_145' title='bbox 238 1332 347 1373; x_wconf 84' lang='grc' dir='ltr'><em>Βμιν</em></span> <span class='ocrx_word' id='word_1_146' title='bbox 372 1318 395 1359; x_wconf 80' lang='grc' dir='ltr'><em>ό</em></span> <span class='ocrx_word' id='word_1_147' title='bbox 427 1317 641 1373; x_wconf 83' lang='grc' dir='ltr'><em>βάρβαρος</em></span> <span class='ocrx_word' id='word_1_148' title='bbox 668 1318 862 1373; x_wconf 75' lang='grc' dir='ltr'><em>πτοηθείς</em></span> <span class='ocrx_word' id='word_1_149' title='bbox 893 1315 962 1375; x_wconf 75' lang='grc' dir='ltr'><em>(ἦν</em></span> <span class='ocrx_word' id='word_1_150' title='bbox 989 1320 1037 1360; x_wconf 82' lang='grc' dir='ltr'><em>δὲ</em></span> <span class='ocrx_word' id='word_1_151' title='bbox 1061 1317 1108 1359; x_wconf 88' lang='grc' dir='ltr'><em>τό</em></span> <span class='ocrx_word' id='word_1_152' title='bbox 1139 1315 1520 1373; x_wconf 80' lang='grc' dir='ltr'><em>ὖπερευλογημὲνον</em></span> <span class='ocrx_word' id='word_1_153' title='bbox 1554 1315 1719 1370; x_wconf 81' lang='grc' dir='ltr'><em>σάββα·</em></span> 
     </span>
     <span class='ocr_line' id='line_1_19' title="bbox 275 1378 1719 1442; baseline -0.001 -16"><span class='ocrx_word' id='word_1_154' title='bbox 275 1399 346 1426; x_wconf 93' lang='grc' dir='ltr'><em>τον</em></span> <span class='ocrx_word' id='word_1_155' title='bbox 372 1387 470 1425; x_wconf 84' lang='grc' dir='ltr'><em>καθ’</em></span> <span class='ocrx_word' id='word_1_156' title='bbox 497 1381 521 1425; x_wconf 77' lang='grc' dir='ltr'>ὃ</span> <span class='ocrx_word' id='word_1_157' title='bbox 548 1380 755 1426; x_wconf 72' lang='grc' dir='ltr'><em>ὕπνωττεν</em></span> <span class='ocrx_word' id='word_1_158' title='bbox 783 1385 827 1425; x_wconf 82' lang='grc' dir='ltr'><em>ὲν</em></span> <span class='ocrx_word' id='word_1_159' title='bbox 853 1381 975 1442; x_wconf 76' lang='grc' dir='ltr'><em>τάφῳ</em></span> <span class='ocrx_word' id='word_1_160' title='bbox 1003 1381 1208 1439; x_wconf 86' lang='grc' dir='ltr'><em>Χριστὸς)</em></span> <span class='ocrx_word' id='word_1_161' title='bbox 1240 1378 1332 1424; x_wconf 67' lang='grc' dir='ltr'><em>οὔτε</em></span> <span class='ocrx_word' id='word_1_162' title='bbox 1360 1381 1434 1424; x_wconf 85' lang='grc' dir='ltr'><em>τὸν</em></span> <span class='ocrx_word' id='word_1_163' title='bbox 1458 1380 1719 1438; x_wconf 84' lang='grc' dir='ltr'><em>Χριστιανὸν</em></span> 
     </span>
     <span class='ocr_line' id='line_1_20' title="bbox 281 1444 1720 1505; baseline -0.002 -14"><span class='ocrx_word' id='word_1_164' title='bbox 281 1451 516 1503; x_wconf 85' lang='grc' dir='ltr'><em>αἰδεσθείς,</em></span> <span class='ocrx_word' id='word_1_165' title='bbox 546 1448 591 1491; x_wconf 81' lang='grc' dir='ltr'><em>ὃν</em></span> <span class='ocrx_word' id='word_1_166' title='bbox 621 1447 764 1503; x_wconf 87' lang='grc' dir='ltr'><em>μόνοις</em></span> <span class='ocrx_word' id='word_1_167' title='bbox 792 1451 1018 1505; x_wconf 80' lang='grc' dir='ltr'><em>περιέφερε</em></span> <span class='ocrx_word' id='word_1_168' title='bbox 1046 1451 1256 1503; x_wconf 83' lang='grc' dir='ltr'><em>χείλεσιν,</em></span> <span class='ocrx_word' id='word_1_169' title='bbox 1300 1444 1406 1490; x_wconf 78' lang='grc' dir='ltr'><em>ἄλλα</em></span> <span class='ocrx_word' id='word_1_170' title='bbox 1446 1447 1720 1504; x_wconf 88' lang='grc' dir='ltr'><em>φιλαιμάτοις</em></span> 
     </span>
     <span class='ocr_line' id='line_1_21' title="bbox 280 1511 1782 1570; baseline 0 -14"><span class='ocrx_word' id='word_1_171' title='bbox 280 1516 477 1569; x_wconf 72' lang='grc' dir='ltr'><em>δαᾲιοσιν</em></span> <span class='ocrx_word' id='word_1_172' title='bbox 508 1514 839 1570; x_wconf 80' lang='grc' dir='ltr'><em>ἑλαστρούμενος</em></span> <span class='ocrx_word' id='word_1_173' title='bbox 866 1513 1022 1563; x_wconf 78' lang='grc' dir='ltr'><em>πάντας</em></span> <span class='ocrx_word' id='word_1_174' title='bbox 1050 1511 1125 1563; x_wconf 66' lang='grc' dir='ltr'><em>οὓς</em></span> <span class='ocrx_word' id='word_1_175' title='bbox 1153 1516 1377 1569; x_wconf 84' lang='grc' dir='ltr'><em>συνείληφε</em></span> <span class='ocrx_word' id='word_1_176' title='bbox 1421 1515 1575 1565; x_wconf 74' lang='grc' dir='ltr'><em>ζῶντας</em></span> <span class='ocrx_word' id='word_1_177' title='bbox 1610 1512 1715 1555; x_wconf 74' lang='grc' dir='ltr'><em>κατὰ</em></span> <span class='ocrx_word' id='word_1_178' title='bbox 1730 1529 1782 1556; x_wconf 82' lang='lat'><em>20</em></span> 
     </span>
     <span class='ocr_line' id='line_1_22' title="bbox 279 1579 1718 1636; baseline -0.001 -14"><span class='ocrx_word' id='word_1_179' title='bbox 279 1583 351 1636; x_wconf 74' lang='grc' dir='ltr'><em>τῆς</em></span> <span class='ocrx_word' id='word_1_180' title='bbox 374 1580 539 1636; x_wconf 88' lang='grc' dir='ltr'><em>τάφρου</em></span> <span class='ocrx_word' id='word_1_181' title='bbox 569 1581 696 1634; x_wconf 82' lang='grc' dir='ltr'><em>ω’θεῖ,</em></span> <span class='ocrx_word' id='word_1_182' title='bbox 724 1579 797 1622; x_wconf 84' lang='grc' dir='ltr'><em>καί</em></span> <span class='ocrx_word' id='word_1_183' title='bbox 819 1582 925 1633; x_wconf 79' lang='grc' dir='ltr'><em>χοῦν</em></span> <span class='ocrx_word' id='word_1_184' title='bbox 951 1582 994 1630; x_wconf 79' lang='grc' dir='ltr'><em>ἐς</em></span> <span class='ocrx_word' id='word_1_185' title='bbox 1022 1581 1210 1622; x_wconf 84' lang='grc' dir='ltr'><em>ἰσόπεδον</em></span> <span class='ocrx_word' id='word_1_186' title='bbox 1239 1581 1413 1634; x_wconf 83' lang='grc' dir='ltr'><em>ἐπιχέας</em></span> <span class='ocrx_word' id='word_1_187' title='bbox 1437 1581 1718 1634; x_wconf 86' lang='grc' dir='ltr'><em>πολυάνδριον</em></span> 
     </span>
     <span class='ocr_line' id='line_1_23' title="bbox 279 1643 1718 1700; baseline -0.001 -12"><span class='ocrx_word' id='word_1_188' title='bbox 279 1646 353 1688; x_wconf 86' lang='grc' dir='ltr'><em>τὸν</em></span> <span class='ocrx_word' id='word_1_189' title='bbox 370 1644 492 1689; x_wconf 84' lang='grc' dir='ltr'><em>τόπον</em></span> <span class='ocrx_word' id='word_1_190' title='bbox 510 1648 732 1688; x_wconf 88' lang='grc' dir='ltr'><em>δείκνυσιν.</em></span> <span class='ocrx_word' id='word_1_191' title='bbox 768 1645 911 1688; x_wconf 84' lang='grc' dir='ltr'><em>ἔπειτα</em></span> <span class='ocrx_word' id='word_1_192' title='bbox 939 1646 1012 1687; x_wconf 83' lang='grc' dir='ltr'>καί</span> <span class='ocrx_word' id='word_1_193' title='bbox 1036 1643 1087 1687; x_wconf 77' lang='grc' dir='ltr'><em>τὰ</em></span> <span class='ocrx_word' id='word_1_194' title='bbox 1108 1647 1224 1700; x_wconf 88' lang='grc' dir='ltr'><em>τείχη</em></span> <span class='ocrx_word' id='word_1_195' title='bbox 1245 1643 1639 1699; x_wconf 83' lang='grc' dir='ltr'><em>καταστρεψάμενος</em></span> <span class='ocrx_word' id='word_1_196' title='bbox 1657 1648 1718 1694; x_wconf 89' lang='grc' dir='ltr'><em>εἰς</em></span> 
     </span>
     <span class='ocr_line' id='line_1_24' title="bbox 280 1708 1718 1766; baseline -0.001 -12"><span class='ocrx_word' id='word_1_197' title='bbox 280 1713 460 1754; x_wconf 86' lang='grc' dir='ltr'><em>Μυσίαν</em></span> <span class='ocrx_word' id='word_1_198' title='bbox 486 1709 725 1764; x_wconf 77' lang='grc' dir='ltr'><em>ἐπάνεισιν,</em></span> <span class='ocrx_word' id='word_1_199' title='bbox 754 1712 1006 1766; x_wconf 78' lang='grc' dir='ltr'><em>ἐναγίσμασι</em></span> <span class='ocrx_word' id='word_1_200' title='bbox 1038 1708 1238 1759; x_wconf 79' lang='grc' dir='ltr'><em>τοιούτοις</em></span> <span class='ocrx_word' id='word_1_201' title='bbox 1265 1709 1338 1752; x_wconf 81' lang='grc' dir='ltr'><strong><em>καί</em></strong></span> <span class='ocrx_word' id='word_1_202' title='bbox 1362 1714 1544 1759; x_wconf 86' lang='grc' dir='ltr'><em>τελεταῖς</em></span> <span class='ocrx_word' id='word_1_203' title='bbox 1580 1726 1718 1763; x_wconf 82' lang='grc' dir='ltr'><em>μυσα-</em></span> 
     </span>
    </p>
   </div>
   <div class='ocr_carea' id='block_1_3' title="bbox 371 1816 1718 1962">
    <p class='ocr_par' dir='ltr' id='par_1_6' title="bbox 371 1816 1718 1962">
     <span class='ocr_line' id='line_1_25' title="bbox 374 1816 1718 1870; baseline -0.001 -16"><span class='ocrx_word' id='word_1_204' title='bbox 374 1823 407 1855; x_wconf 85' lang='grc'><em>5.</em></span> <span class='ocrx_word' id='word_1_205' title='bbox 431 1816 500 1856; x_wconf 81' lang='grc' dir='ltr'><em>τὸν</em></span> <span class='ocrx_word' id='word_1_206' title='bbox 522 1820 668 1870; x_wconf 82' lang='grc' dir='ltr'><em>ταύτης]</em></span> <span class='ocrx_word' id='word_1_207' title='bbox 695 1818 736 1856; x_wconf 81' lang='grc' dir='ltr'><em>τὸ</em></span> <span class='ocrx_word' id='word_1_208' title='bbox 761 1821 998 1866; x_wconf 73' lang='grc' dir='ltr'><em>ἐξώκαστρον</em></span> <span class='ocrx_word' id='word_1_209' title='bbox 1018 1822 1061 1859; x_wconf 81' lang='grc' dir='ltr'><em>Β.</em></span> <span class='ocrx_word' id='word_1_210' title='bbox 1208 1833 1239 1865; x_wconf 88' lang='lat'><em>7.</em></span> <span class='ocrx_word' id='word_1_211' title='bbox 1264 1822 1339 1856; x_wconf 74' lang='grc' dir='ltr'><em>τῶν</em></span> <span class='ocrx_word' id='word_1_212' title='bbox 1362 1819 1442 1868; x_wconf 81' lang='grc' dir='ltr'><em>τοῦ]</em></span> <span class='ocrx_word' id='word_1_213' title='bbox 1467 1819 1531 1863; x_wconf 73' lang='grc' dir='ltr'><em>τῆς</em></span> <span class='ocrx_word' id='word_1_214' title='bbox 1551 1820 1718 1866; x_wconf 72' lang='grc' dir='ltr'><em>μεγάλης</em></span> 
     </span>
     <span class='ocr_line' id='line_1_26' title="bbox 371 1865 1718 1914; baseline 0 -14"><span class='ocrx_word' id='word_1_215' title='bbox 371 1866 579 1914; x_wconf 71' lang='grc' dir='ltr'><em>ἑβδομάδος</em></span> <span class='ocrx_word' id='word_1_216' title='bbox 604 1869 640 1900; x_wconf 89' lang='grc' dir='ltr'><em>Β.</em></span> <span class='ocrx_word' id='word_1_217' title='bbox 785 1880 834 1902; x_wconf 91' lang='grc' dir='ltr'><em>ιο.</em></span> <span class='ocrx_word' id='word_1_218' title='bbox 862 1870 946 1911; x_wconf 84' lang='grc' dir='ltr'><em>ἴσην</em></span> <span class='ocrx_word' id='word_1_219' title='bbox 974 1870 1042 1901; x_wconf 86' lang='grc' dir='ltr'><em>τοῦ</em></span> <span class='ocrx_word' id='word_1_220' title='bbox 1066 1870 1272 1912; x_wconf 83' lang='grc' dir='ltr'><em>χαντακίου</em></span> <span class='ocrx_word' id='word_1_221' title='bbox 1298 1869 1333 1900; x_wconf 89' lang='lat' dir='ltr'><em>B.</em></span> <span class='ocrx_word' id='word_1_222' title='bbox 1456 1879 1507 1902; x_wconf 68' lang='grc' dir='ltr'><em>ια.</em></span> <span class='ocrx_word' id='word_1_223' title='bbox 1532 1865 1624 1914; x_wconf 79' lang='grc' dir='ltr'><em>εἶτα]</em></span> <span class='ocrx_word' id='word_1_224' title='bbox 1653 1868 1718 1901; x_wconf 72' lang='grc' dir='ltr'><em>καὶ</em></span> 
     </span>
     <span class='ocr_line' id='line_1_27' title="bbox 373 1911 1290 1962; baseline -0.001 -15"><span class='ocrx_word' id='word_1_225' title='bbox 373 1918 583 1957; x_wconf 79' lang='grc' dir='ltr'><em>κουντήσας</em></span> <span class='ocrx_word' id='word_1_226' title='bbox 609 1915 674 1948; x_wconf 81' lang='grc' dir='ltr'><em>καὶ</em></span> <span class='ocrx_word' id='word_1_227' title='bbox 699 1911 828 1960; x_wconf 83' lang='grc' dir='ltr'><em>οἷνατρ.</em></span> <span class='ocrx_word' id='word_1_228' title='bbox 853 1915 890 1947; x_wconf 84' lang='grc' dir='ltr'><em>Β.</em></span> <span class='ocrx_word' id='word_1_229' title='bbox 991 1926 1040 1960; x_wconf 83' lang='lat'><em>¹7·</em></span> <span class='ocrx_word' id='word_1_230' title='bbox 1067 1913 1122 1962; x_wconf 78' lang='grc' dir='ltr'><em>δὲ]</em></span> <span class='ocrx_word' id='word_1_231' title='bbox 1151 1912 1225 1960; x_wconf 73' lang='grc' dir='ltr'><em>γὰρ</em></span> <span class='ocrx_word' id='word_1_232' title='bbox 1250 1915 1290 1947; x_wconf 88' lang='lat' dir='ltr'><em>A.</em></span> 
     </span>
    </p>
   </div>
   <div class='ocr_carea' id='block_1_4' title="bbox 280 2015 1718 2754">
    <p class='ocr_par' dir='ltr' id='par_1_7' title="bbox 280 2015 1718 2754">
     <span class='ocr_line' id='line_1_28' title="bbox 375 2015 1718 2061; baseline 0.001 -14"><span class='ocrx_word' id='word_1_233' title='bbox 375 2015 449 2048; x_wconf 87' lang='lat' dir='ltr'><em>Sub</em></span> <span class='ocrx_word' id='word_1_234' title='bbox 477 2015 546 2049; x_wconf 88' lang='lat' dir='ltr'><em>hoc</em></span> <span class='ocrx_word' id='word_1_235' title='bbox 569 2020 709 2061; x_wconf 88' lang='lat' dir='ltr'><strong>tempus</strong></span> <span class='ocrx_word' id='word_1_236' title='bbox 738 2015 916 2049; x_wconf 85' lang='lat' dir='ltr'><strong>Iohannes</strong></span> <span class='ocrx_word' id='word_1_237' title='bbox 953 2026 1032 2049; x_wconf 87' lang='lat' dir='ltr'><em>cum</em></span> <span class='ocrx_word' id='word_1_238' title='bbox 1060 2016 1213 2049; x_wconf 82' lang='lat' dir='ltr'><strong>maximo</strong></span> <span class='ocrx_word' id='word_1_239' title='bbox 1242 2020 1278 2048; x_wconf 85' lang='lat' dir='ltr'><strong>et</strong></span> <span class='ocrx_word' id='word_1_240' title='bbox 1310 2015 1416 2047; x_wconf 80' lang='lat' dir='ltr'><strong>armis</strong></span> <span class='ocrx_word' id='word_1_241' title='bbox 1444 2015 1718 2048; x_wconf 83' lang='lat' dir='ltr'><strong>instructissimo</strong></span> 
     </span>
     <span class='ocr_line' id='line_1_29' title="bbox 283 2061 1718 2107; baseline 0.001 -13"><span class='ocrx_word' id='word_1_242' title='bbox 283 2064 442 2095; x_wconf 80' lang='lat' dir='ltr'><strong>exercitu</strong></span> <span class='ocrx_word' id='word_1_243' title='bbox 468 2063 584 2106; x_wconf 83' lang='lat' dir='ltr'><strong>Mysia</strong></span> <span class='ocrx_word' id='word_1_244' title='bbox 608 2074 767 2107; x_wconf 85' lang='lat' dir='ltr'><strong>egressus</strong></span> <span class='ocrx_word' id='word_1_245' title='bbox 794 2062 1037 2096; x_wconf 75' lang='lat' dir='ltr'>Constantiam</span> <span class='ocrx_word' id='word_1_246' title='bbox 1062 2063 1236 2106; x_wconf 85' lang='lat' dir='ltr'><strong>insignem</strong></span> <span class='ocrx_word' id='word_1_247' title='bbox 1263 2062 1387 2094; x_wconf 87' lang='lat' dir='ltr'><strong>urbem</strong></span> <span class='ocrx_word' id='word_1_248' title='bbox 1413 2061 1620 2106; x_wconf 84' lang='lat' dir='ltr'><strong>Rhodopaei</strong></span> <span class='ocrx_word' id='word_1_249' title='bbox 1645 2067 1718 2095; x_wconf 85' lang='lat' dir='ltr'><strong>ter-</strong></span> 
     </span>
     <span class='ocr_line' id='line_1_30' title="bbox 284 2107 1718 2154; baseline 0.001 -14"><span class='ocrx_word' id='word_1_250' title='bbox 284 2109 401 2141; x_wconf 84' lang='lat' dir='ltr'><strong>ritorii</strong></span> <span class='ocrx_word' id='word_1_251' title='bbox 426 2109 503 2141; x_wconf 87' lang='lat' dir='ltr'><strong>sine</strong></span> <span class='ocrx_word' id='word_1_252' title='bbox 529 2110 604 2142; x_wconf 88' lang='lat' dir='ltr'><strong>ulla</strong></span> <span class='ocrx_word' id='word_1_253' title='bbox 632 2109 840 2142; x_wconf 78' lang='lat' dir='ltr'><strong>difficultate</strong></span> <span class='ocrx_word' id='word_1_254' title='bbox 866 2110 981 2154; x_wconf 81' lang='lat' dir='ltr'><strong>capit,</strong></span> <span class='ocrx_word' id='word_1_255' title='bbox 1007 2114 1044 2142; x_wconf 83' lang='lat' dir='ltr'><strong>et</strong></span> <span class='ocrx_word' id='word_1_256' title='bbox 1067 2109 1255 2141; x_wconf 77' lang='lat' dir='ltr'><strong>moenibus</strong></span> <span class='ocrx_word' id='word_1_257' title='bbox 1284 2107 1410 2140; x_wconf 86' lang='lat' dir='ltr'><strong>dirutis</strong></span> <span class='ocrx_word' id='word_1_258' title='bbox 1438 2108 1590 2140; x_wconf 69' lang='lat' dir='ltr'><em>Van-nam</em></span> <span class='ocrx_word' id='word_1_259' title='bbox 1617 2107 1718 2142; x_wconf 69' lang='lat' dir='ltr'><strong>sexto&#39;</strong></span> 
     </span>
     <span class='ocr_line' id='line_1_31' title="bbox 282 2154 1718 2200; baseline 0.001 -14"><span class='ocrx_word' id='word_1_260' title='bbox 282 2154 341 2186; x_wconf 89' lang='lat' dir='ltr'><em>die</em></span> <span class='ocrx_word' id='word_1_261' title='bbox 368 2156 542 2199; x_wconf 82' lang='lat' dir='ltr'><strong>passionis</strong></span> <span class='ocrx_word' id='word_1_262' title='bbox 570 2156 781 2189; x_wconf 86' lang='lat' dir='ltr'><strong>Dominieae</strong></span> <span class='ocrx_word' id='word_1_263' title='bbox 806 2156 949 2188; x_wconf 81' lang='lat' dir='ltr'><strong>fortiter</strong></span> <span class='ocrx_word' id='word_1_264' title='bbox 970 2161 1162 2200; x_wconf 82' lang='lat' dir='ltr'>oppugnat.</span> <span class='ocrx_word' id='word_1_265' title='bbox 1192 2154 1254 2188; x_wconf 83' lang='lat' dir='ltr'><strong>sed</strong></span> <span class='ocrx_word' id='word_1_266' title='bbox 1272 2166 1350 2187; x_wconf 86' lang='lat' dir='ltr'><em>cum</em></span> <span class='ocrx_word' id='word_1_267' title='bbox 1376 2155 1402 2186; x_wconf 92' lang='lat' dir='ltr'><em>ii</em></span> <span class='ocrx_word' id='word_1_268' title='bbox 1429 2155 1492 2199; x_wconf 88' lang='lat' dir='ltr'><em>qui</em></span> <span class='ocrx_word' id='word_1_269' title='bbox 1518 2155 1642 2187; x_wconf 87' lang='lat' dir='ltr'><strong>urbem</strong></span> <span class='ocrx_word' id='word_1_270' title='bbox 1662 2161 1718 2188; x_wconf 81' lang='lat' dir='ltr'><strong>te-</strong></span> 
     </span>
     <span class='ocr_line' id='line_1_32' title="bbox 280 2201 1717 2246; baseline 0.001 -14"><span class='ocrx_word' id='word_1_271' title='bbox 280 2201 438 2242; x_wconf 83' lang='lat' dir='ltr'><strong>nebant,</strong></span> <span class='ocrx_word' id='word_1_272' title='bbox 466 2202 631 2246; x_wconf 80' lang='lat' dir='ltr'><strong>plerique.</strong></span> <span class='ocrx_word' id='word_1_273' title='bbox 658 2202 843 2235; x_wconf 83' lang='lat' dir='ltr'><strong>fortissimi</strong></span> <span class='ocrx_word' id='word_1_274' title='bbox 871 2202 938 2234; x_wconf 91' lang='lat' dir='ltr'><strong>viri</strong></span> <span class='ocrx_word' id='word_1_275' title='bbox 963 2209 998 2235; x_wconf 87' lang='lat' dir='ltr'><strong>et</strong></span> <span class='ocrx_word' id='word_1_276' title='bbox 1022 2203 1141 2235; x_wconf 84' lang='lat' dir='ltr'><strong>Latini</strong></span> <span class='ocrx_word' id='word_1_277' title='bbox 1165 2202 1327 2246; x_wconf 82' lang='lat' dir='ltr'><strong>generis,</strong></span> <span class='ocrx_word' id='word_1_278' title='bbox 1359 2212 1494 2233; x_wconf 88' lang='lat' dir='ltr'><strong>summa</strong></span> <span class='ocrx_word' id='word_1_279' title='bbox 1529 2212 1596 2245; x_wconf 86' lang='lat' dir='ltr'><strong>ope</strong></span> <span class='ocrx_word' id='word_1_280' title='bbox 1628 2202 1717 2234; x_wconf 81' lang='lat' dir='ltr'><strong>resi-</strong></span> 
     </span>
     <span class='ocr_line' id='line_1_33' title="bbox 282 2246 1718 2293; baseline 0.001 -14"><span class='ocrx_word' id='word_1_281' title='bbox 282 2252 434 2287; x_wconf 77' lang='lat' dir='ltr'><strong>sterent,</strong></span> <span class='ocrx_word' id='word_1_282' title='bbox 461 2248 737 2292; x_wconf 77' lang='lat' dir='ltr'><strong>quadrilaterum</strong></span> <span class='ocrx_word' id='word_1_283' title='bbox 763 2247 964 2281; x_wconf 82' lang='lat' dir='ltr'><strong>machinam</strong></span> <span class='ocrx_word' id='word_1_284' title='bbox 994 2249 1168 2289; x_wconf 81' lang='lat' dir='ltr'>fabricat,</span> <span class='ocrx_word' id='word_1_285' title='bbox 1203 2259 1295 2293; x_wconf 86' lang='lat' dir='ltr'><strong>quae</strong></span> <span class='ocrx_word' id='word_1_286' title='bbox 1331 2246 1558 2291; x_wconf 80' lang='lat' dir='ltr'><strong>longitudine</strong></span> <span class='ocrx_word' id='word_1_287' title='bbox 1590 2247 1718 2281; x_wconf 82' lang='lat' dir='ltr'><strong>latitu-</strong></span> 
     </span>
     <span class='ocr_line' id='line_1_34' title="bbox 283 2293 1716 2339; baseline 0.001 -14"><span class='ocrx_word' id='word_1_288' title='bbox 283 2293 361 2325; x_wconf 88' lang='lat' dir='ltr'><strong>dini</strong></span> <span class='ocrx_word' id='word_1_289' title='bbox 387 2293 498 2326; x_wconf 81' lang='lat' dir='ltr'><strong>fossae</strong></span> <span class='ocrx_word' id='word_1_290' title='bbox 523 2300 559 2327; x_wconf 87' lang='lat' dir='ltr'><strong>et</strong></span> <span class='ocrx_word' id='word_1_291' title='bbox 585 2295 778 2328; x_wconf 80' lang='lat' dir='ltr'><strong>altitudine</strong></span> <span class='ocrx_word' id='word_1_292' title='bbox 805 2295 946 2339; x_wconf 83' lang='lat' dir='ltr'><strong>fastigio</strong></span> <span class='ocrx_word' id='word_1_293' title='bbox 972 2296 1154 2328; x_wconf 89' lang='lat' dir='ltr'><strong>moenium</strong></span> <span class='ocrx_word' id='word_1_294' title='bbox 1188 2293 1446 2338; x_wconf 81' lang='lat' dir='ltr'><strong>responderet3</strong></span> <span class='ocrx_word' id='word_1_295' title='bbox 1481 2298 1518 2325; x_wconf 87' lang='lat' dir='ltr'><strong>et</strong></span> <span class='ocrx_word' id='word_1_296' title='bbox 1550 2304 1591 2326; x_wconf 87' lang='lat' dir='ltr'><strong>ea</strong></span> <span class='ocrx_word' id='word_1_297' title='bbox 1628 2295 1716 2327; x_wconf 86' lang='lat' dir='ltr'><strong>rotis</strong></span> 
     </span>
     <span class='ocr_line' id='line_1_35' title="bbox 283 2339 1717 2384; baseline 0.002 -13"><span class='ocrx_word' id='word_1_298' title='bbox 283 2339 455 2372; x_wconf 82' lang='lat' dir='ltr'><strong>subiectis</strong></span> <span class='ocrx_word' id='word_1_299' title='bbox 488 2341 649 2384; x_wconf 78' lang='lat' dir='ltr'><strong>proxime</strong></span> <span class='ocrx_word' id='word_1_300' title='bbox 686 2342 816 2374; x_wconf 84' lang='lat' dir='ltr'><strong>fossam</strong></span> <span class='ocrx_word' id='word_1_301' title='bbox 850 2342 1023 2374; x_wconf 84' lang='lat' dir='ltr'><strong>collocata</strong></span> <span class='ocrx_word' id='word_1_302' title='bbox 1049 2347 1085 2374; x_wconf 83' lang='lat' dir='ltr'><strong>et</strong></span> <span class='ocrx_word' id='word_1_303' title='bbox 1121 2340 1252 2374; x_wconf 86' lang='lat' dir='ltr'><strong>deinde</strong></span> <span class='ocrx_word' id='word_1_304' title='bbox 1282 2350 1402 2372; x_wconf 86' lang='lat' dir='ltr'><strong>eversa</strong></span> <span class='ocrx_word' id='word_1_305' title='bbox 1429 2344 1600 2384; x_wconf 81' lang='lat' dir='ltr'><strong>utrosque</strong></span> <span class='ocrx_word' id='word_1_306' title='bbox 1626 2341 1717 2374; x_wconf 74' lang='lat' dir='ltr'><strong>fines</strong></span> 
     </span>
     <span class='ocr_line' id='line_1_36' title="bbox 283 2385 1718 2432; baseline 0.001 -14"><span class='ocrx_word' id='word_1_307' title='bbox 283 2385 544 2430; x_wconf 78' lang='lat' dir='ltr'><strong>apprehendit3</strong></span> <span class='ocrx_word' id='word_1_308' title='bbox 571 2386 768 2432; x_wconf 81' lang='lat' dir='ltr'><strong>eademque</strong></span> <span class='ocrx_word' id='word_1_309' title='bbox 797 2387 959 2420; x_wconf 82' lang='lat' dir='ltr'><strong>machina</strong></span> <span class='ocrx_word' id='word_1_310' title='bbox 986 2393 1022 2421; x_wconf 86' lang='lat' dir='ltr'><strong>et</strong></span> <span class='ocrx_word' id='word_1_311' title='bbox 1046 2388 1092 2420; x_wconf 85' lang='lat' dir='ltr'><em>ad</em></span> <span class='ocrx_word' id='word_1_312' title='bbox 1113 2385 1323 2431; x_wconf 84' lang='lat' dir='ltr'><strong>explendam</strong></span> <span class='ocrx_word' id='word_1_313' title='bbox 1347 2385 1477 2417; x_wconf 85' lang='lat' dir='ltr'><strong>fossam</strong></span> <span class='ocrx_word' id='word_1_314' title='bbox 1502 2391 1538 2418; x_wconf 87' lang='lat' dir='ltr'><strong>et</strong></span> <span class='ocrx_word' id='word_1_315' title='bbox 1561 2386 1606 2418; x_wconf 79' lang='lat' dir='ltr'><em>ad</em></span> <span class='ocrx_word' id='word_1_316' title='bbox 1631 2398 1718 2420; x_wconf 86' lang='lat' dir='ltr'><strong>con-</strong></span> 
     </span>
     <span class='ocr_line' id='line_1_37' title="bbox 284 2432 1717 2478; baseline 0 -12"><span class='ocrx_word' id='word_1_317' title='bbox 284 2432 487 2466; x_wconf 86' lang='lat' dir='ltr'><strong>scendenda</strong></span> <span class='ocrx_word' id='word_1_318' title='bbox 514 2434 656 2472; x_wconf 82' lang='lat' dir='ltr'><strong>moenia</strong></span> <span class='ocrx_word' id='word_1_319' title='bbox 680 2446 743 2478; x_wconf 87' lang='lat' dir='ltr'><em>pro</em></span> <span class='ocrx_word' id='word_1_320' title='bbox 771 2434 875 2466; x_wconf 79' lang='lat' dir='ltr'><strong>scalis</strong></span> <span class='ocrx_word' id='word_1_321' title='bbox 904 2446 987 2466; x_wconf 85' lang='lat' dir='ltr'><strong>usus</strong></span> <span class='ocrx_word' id='word_1_322' title='bbox 1016 2434 1138 2467; x_wconf 83' lang='lat' dir='ltr'><strong>triduo</strong></span> <span class='ocrx_word' id='word_1_323' title='bbox 1163 2434 1298 2465; x_wconf 83' lang='lat' dir='ltr'><strong>Bamae</strong></span> <span class='ocrx_word' id='word_1_324' title='bbox 1322 2432 1471 2476; x_wconf 83' lang='lat' dir='ltr'><strong>potitur.</strong></span> <span class='ocrx_word' id='word_1_325' title='bbox 1498 2443 1617 2477; x_wconf 80' lang='lat' dir='ltr'><strong>neque</strong></span> <span class='ocrx_word' id='word_1_326' title='bbox 1641 2433 1717 2467; x_wconf 80' lang='lat' dir='ltr'><strong>diei</strong></span> 
     </span>
     <span class='ocr_line' id='line_1_38' title="bbox 283 2479 1716 2524; baseline 0.001 -13"><span class='ocrx_word' id='word_1_327' title='bbox 283 2479 536 2512; x_wconf 82' lang='lat' dir='ltr'><strong>solennitatem</strong></span> <span class='ocrx_word' id='word_1_328' title='bbox 563 2479 655 2524; x_wconf 83' lang='lat' dir='ltr'><strong>(erat</strong></span> <span class='ocrx_word' id='word_1_329' title='bbox 679 2480 774 2512; x_wconf 89' lang='lat' dir='ltr'><strong>enim</strong></span> <span class='ocrx_word' id='word_1_330' title='bbox 799 2480 837 2512; x_wconf 86' lang='lat' dir='ltr'><em>id</em></span> <span class='ocrx_word' id='word_1_331' title='bbox 860 2481 1120 2513; x_wconf 83' lang='lat' dir='ltr'><strong>sanctissimum</strong></span> <span class='ocrx_word' id='word_1_332' title='bbox 1145 2479 1352 2518; x_wconf 76' lang='lat' dir='ltr'><strong>sabbatum,</strong></span> <span class='ocrx_word' id='word_1_333' title='bbox 1381 2489 1452 2522; x_wconf 88' lang='lat' dir='ltr'><em>quo</em></span> <span class='ocrx_word' id='word_1_334' title='bbox 1477 2479 1652 2513; x_wconf 87' lang='lat' dir='ltr'><strong>Dominus</strong></span> <span class='ocrx_word' id='word_1_335' title='bbox 1677 2481 1716 2513; x_wconf 87' lang='lat' dir='ltr'><em>in</em></span> 
     </span>
     <span class='ocr_line' id='line_1_39' title="bbox 283 2525 1716 2572; baseline 0.001 -15"><span class='ocrx_word' id='word_1_336' title='bbox 283 2525 446 2570; x_wconf 87' lang='lat' dir='ltr'><strong>sepulcro</strong></span> <span class='ocrx_word' id='word_1_337' title='bbox 472 2525 653 2572; x_wconf 80' lang='lat' dir='ltr'><strong>dormivit)</strong></span> <span class='ocrx_word' id='word_1_338' title='bbox 676 2537 795 2571; x_wconf 87' lang='lat' dir='ltr'><strong>neque</strong></span> <span class='ocrx_word' id='word_1_339' title='bbox 820 2526 1060 2559; x_wconf 81' lang='lat' dir='ltr'><strong>Christianum</strong></span> <span class='ocrx_word' id='word_1_340' title='bbox 1089 2536 1220 2558; x_wconf 87' lang='lat' dir='ltr'><strong>nomen</strong></span> <span class='ocrx_word' id='word_1_341' title='bbox 1247 2525 1379 2557; x_wconf 82' lang='lat' dir='ltr'><strong>veritus</strong></span> <span class='ocrx_word' id='word_1_342' title='bbox 1407 2525 1589 2566; x_wconf 76' lang='lat' dir='ltr'><strong>barbarus,</strong></span> <span class='ocrx_word' id='word_1_343' title='bbox 1617 2525 1716 2572; x_wconf 79' lang='lat' dir='ltr'><strong>qnod</strong></span> 
     </span>
     <span class='ocr_line' id='line_1_40' title="bbox 284 2571 1715 2616; baseline 0.001 -11"><span class='ocrx_word' id='word_1_344' title='bbox 284 2572 370 2605; x_wconf 89' lang='lat' dir='ltr'><strong>solis</strong></span> <span class='ocrx_word' id='word_1_345' title='bbox 395 2572 504 2605; x_wconf 84' lang='lat' dir='ltr'><strong>labiis</strong></span> <span class='ocrx_word' id='word_1_346' title='bbox 533 2572 713 2612; x_wconf 76' lang='lat' dir='ltr'><strong>iactabat,</strong></span> <span class='ocrx_word' id='word_1_347' title='bbox 741 2572 804 2605; x_wconf 86' lang='lat' dir='ltr'><strong>sed</strong></span> <span class='ocrx_word' id='word_1_348' title='bbox 835 2573 1058 2616; x_wconf 86' lang='lat' dir='ltr'><strong>intemperiis</strong></span> <span class='ocrx_word' id='word_1_349' title='bbox 1092 2571 1309 2615; x_wconf 79' lang='lat' dir='ltr'><strong>sanguinarii</strong></span> <span class='ocrx_word' id='word_1_350' title='bbox 1346 2571 1498 2604; x_wconf 85' lang='lat' dir='ltr'><strong>alicuius</strong></span> <span class='ocrx_word' id='word_1_351' title='bbox 1532 2572 1715 2606; x_wconf 78' lang='lat' dir='ltr'><strong>daemonis</strong></span> 
     </span>
     <span class='ocr_line' id='line_1_41' title="bbox 285 2618 1715 2664; baseline 0.001 -14"><span class='ocrx_word' id='word_1_352' title='bbox 285 2624 406 2660; x_wconf 79' lang='lat' dir='ltr'><strong>actus,</strong></span> <span class='ocrx_word' id='word_1_353' title='bbox 435 2629 557 2652; x_wconf 88' lang='lat' dir='ltr'><strong>omnes</strong></span> <span class='ocrx_word' id='word_1_354' title='bbox 581 2630 670 2664; x_wconf 88' lang='lat' dir='ltr'><strong>quos</strong></span> <span class='ocrx_word' id='word_1_355' title='bbox 699 2619 796 2651; x_wconf 93' lang='lat' dir='ltr'><strong>vivos</strong></span> <span class='ocrx_word' id='word_1_356' title='bbox 822 2624 964 2664; x_wconf 85' lang='lat' dir='ltr'><strong>ceperat</strong></span> <span class='ocrx_word' id='word_1_357' title='bbox 987 2619 1026 2651; x_wconf 91' lang='lat' dir='ltr'><em>in</em></span> <span class='ocrx_word' id='word_1_358' title='bbox 1057 2618 1187 2651; x_wconf 81' lang='lat' dir='ltr'><strong>fossam</strong></span> <span class='ocrx_word' id='word_1_359' title='bbox 1211 2618 1482 2662; x_wconf 80' lang='lat' dir='ltr'><strong>praecipitavit,</strong></span> <span class='ocrx_word' id='word_1_360' title='bbox 1508 2619 1715 2664; x_wconf 77' lang='lat' dir='ltr'><strong>iniectaque</strong></span> 
     </span>
     <span class='ocr_line' id='line_1_42' title="bbox 285 2664 1714 2710; baseline 0.002 -14"><span class='ocrx_word' id='word_1_361' title='bbox 285 2664 393 2697; x_wconf 85' lang='lat' dir='ltr'><strong>humo</strong></span> <span class='ocrx_word' id='word_1_362' title='bbox 424 2670 459 2698; x_wconf 87' lang='lat' dir='ltr'><strong>et</strong></span> <span class='ocrx_word' id='word_1_363' title='bbox 483 2666 624 2709; x_wconf 83' lang='lat' dir='ltr'><strong>expleta</strong></span> <span class='ocrx_word' id='word_1_364' title='bbox 648 2666 886 2709; x_wconf 81' lang='lat' dir='ltr'><strong>sepulcretum</strong></span> <span class='ocrx_word' id='word_1_365' title='bbox 924 2665 1040 2697; x_wconf 87' lang='lat' dir='ltr'><strong>locum</strong></span> <span class='ocrx_word' id='word_1_366' title='bbox 1075 2665 1178 2697; x_wconf 85' lang='lat' dir='ltr'><strong>illum</strong></span> <span class='ocrx_word' id='word_1_367' title='bbox 1217 2665 1324 2705; x_wconf 48' lang='lat' dir='ltr'><strong>facim</strong></span> <span class='ocrx_word' id='word_1_368' title='bbox 1363 2675 1430 2697; x_wconf 88' lang='lat' dir='ltr'><strong>nec</strong></span> <span class='ocrx_word' id='word_1_369' title='bbox 1463 2666 1576 2698; x_wconf 83' lang='lat' dir='ltr'><strong>multo</strong></span> <span class='ocrx_word' id='word_1_370' title='bbox 1614 2671 1714 2710; x_wconf 82' lang='lat' dir='ltr'><strong>post,</strong></span> 
     </span>
     <span class='ocr_line' id='line_1_43' title="bbox 286 2710 1715 2754; baseline 0.001 -10"><span class='ocrx_word' id='word_1_371' title='bbox 286 2712 394 2744; x_wconf 81' lang='lat' dir='ltr'><strong>etiam</strong></span> <span class='ocrx_word' id='word_1_372' title='bbox 417 2711 605 2746; x_wconf 87' lang='lat' dir='ltr'><strong>moenibus</strong></span> <span class='ocrx_word' id='word_1_373' title='bbox 633 2713 762 2746; x_wconf 80' lang='lat' dir='ltr'><strong>eversis</strong></span> <span class='ocrx_word' id='word_1_374' title='bbox 790 2712 826 2744; x_wconf 90' lang='lat' dir='ltr'><em>in</em></span> <span class='ocrx_word' id='word_1_375' title='bbox 851 2712 1000 2754; x_wconf 73' lang='lat' dir='ltr'><strong>Mysiam</strong></span> <span class='ocrx_word' id='word_1_376' title='bbox 1025 2712 1232 2752; x_wconf 68' lang='lat' dir='ltr'><strong>revertitur,</strong></span> <span class='ocrx_word' id='word_1_377' title='bbox 1259 2710 1464 2744; x_wconf 82' lang='lat' dir='ltr'><strong>huiusmodi</strong></span> <span class='ocrx_word' id='word_1_378' title='bbox 1495 2713 1647 2746; x_wconf 82' lang='lat' dir='ltr'><strong>victimis</strong></span> <span class='ocrx_word' id='word_1_379' title='bbox 1678 2717 1715 2746; x_wconf 81' lang='lat' dir='ltr'><strong>et</strong></span> 
     </span>
    </p>
   </div>
  </div>
 </body>
</html>
