1838 3210
236 185 270 237 9
279 185 308 217 s.)
661 179 890 223 NICETAE
930 177 1092 220 CHONI
1101 180 1241 220 ATAE

232 283 315 333 μοῦ
330 283 600 336 (ῙΠαιῖινδρος
630 273 749 326 οὗτος
772 273 841 333 ἦν)
873 278 946 318 οὐκ
975 276 1070 320 εἴων
1097 275 1199 327 ὅλως
1227 276 1278 318 τὰ
1300 276 1505 319 Λατινικὰ
1534 294 1662 331 στρα-

232 343 415 398 τεύματα
455 347 650 385 διελθεῖν.
717 340 806 383 ἔστι
838 343 873 383 δ’
902 337 1023 391 οὗτος
1060 345 1132 384 καί
1173 342 1243 385 τὸν
1272 344 1347 395 μὲν
1375 339 1534 384 ἅπαντα
1560 343 1661 396 χρό-

230 425 298 451 νον
323 410 375 450 ου’
405 406 545 466 ῥᾴδιος
573 406 822 460 ἁπανταχοῦ
859 405 934 461 τήν
961 410 1206 463 περαίωσιν,
1242 406 1330 450 τότε
1354 410 1400 450 δὲ
1431 406 1503 448 καί
1528 410 1664 449 τέλεον

232 469 282 528 ἦν
319 469 472 527 ἄπορος
484 505 496 524 ,
546 473 605 521 εἰς
643 473 758 520 δι’νας
800 468 1056 525 ἑλιττόμενος
1080 472 1153 514 καὶ
1177 474 1430 528 μεταχωρῶν
1457 474 1516 521 εἰς
1543 487 1663 527 στρο-

233 538 453 594 φάλιγγας,
483 534 551 578 ὅτε
580 537 660 579 κάκ
684 538 768 579 τῶν
793 536 1043 592 πραγμάτων
1072 538 1221 580 αὐτῶν
1241 538 1283 580 αἱ
1314 540 1516 591 δυσμικαί
1539 537 1702 580 δυνά-5

232 619 328 654 μεις
355 603 576 652 ὑπέδειξαν
606 601 664 651 ὥς
702 603 841 644 αὐτῶν
869 603 1127 657 ἀνεχομένων
1155 603 1197 646 αἱ
1228 603 1435 659 φάλαγγες
1448 603 1666 656 Ῥωμαίων

191 674 220 706 D
234 669 292 716 εἰς
311 666 522 723 προνομήν
539 667 616 709 οὐκ
627 668 824 719 ἐξέκειντο
848 669 922 710 καί
933 667 977 710 αἱ
994 669 1147 711 τούτων
1164 668 1302 718 πόλεις
1319 669 1500 724 ᾱδήωτοι
1511 685 1666 724 παριπ-

230 730 398 774 πεύοντα
412 764 424 783 ,
449 733 547 776 οὐδὲ
563 732 836 788 βοσκημάτων
854 732 970 789 δίκην
989 733 1027 776 οἱ
1054 732 1208 777 τούτων
1237 736 1445 790 οἰκήτορες
1467 731 1666 788 α’ναιρού-

227 813 343 850 μενοι
374 799 660 853 ἐσφακέλιζον.
696 797 752 846 ὥς
771 796 852 853 γὰρ
880 800 933 855 τῇ
959 794 1067 855 ὄχθῃ
1082 801 1155 840 τοῦ
1173 801 1362 852 ποταμοῦ
1390 797 1664 854 προσάγοντος

226 865 306 903 τοῦ
336 861 463 918 ῥηγὸς
510 858 605 904 οὗτε
634 865 726 918 νήες
764 865 958 917 παρῆσαν
999 863 1203 916 ποτάμιαι
1242 859 1347 905 οὔτε·
1367 866 1529 920 γέφυρα
1558 863 1726 918 πρόςιο

227 926 423 981 διάβασιν
461 927 628 980 ἔζευκτο
647 960 658 979 ,
699 929 770 968 καί
812 927 850 969 οἱ
899 931 1077 983 Τοῦρκοι
1105 928 1257 981 ἀναμίξ
1285 928 1403 980 πεζοὶ
1427 928 1499 970 καί
1526 924 1668 978 ἱππεῖς

226 995 269 1041 ἐς
297 991 343 1034 τὸ
389 992 610 1047 ἀντιπέραν
657 992 899 1048 φαινόμενοι
928 995 1043 1047 δῆλοι
1070 989 1176 1048 ἦσαν
1202 994 1560 1049 οἷκροβολίζοντες,
1590 996 1663 1035 καί

222 1057 271 1099 τά
305 1058 540 1111 τοξεύματα
578 1060 772 1100 διικνεῖτο
811 1061 891 1100 τῶν
916 1056 1149 1113 παριόντων
1175 1058 1244 1101 τὸν
1271 1058 1460 1112 ποταμὸν
1485 1061 1557 1100 καί
1576 1059 1661 1101 ἐνὲἁ

221 1138 368 1165 πιπτον
395 1125 455 1171 εἷς
479 1122 523 1165 τὸ
555 1125 625 1178 τῆς
646 1120 858 1178 φάλαγγος
883 1126 1084 1177 μέτωπον,
1116 1125 1210 1165 τότε
1235 1126 1313 1176 μὲν
1346 1121 1482 1178 ὀλίγον
1508 1126 1659 1166 ἐπανα-

220 1187 358 1242 γαγιὸν
394 1187 476 1230 ἀπὸ
516 1191 588 1243 τῆς
627 1184 760 1242 ὅχθής
798 1191 872 1230 τοῦ
905 1192 1094 1241 ποταμοῦ
1137 1189 1534 1243 στρατοπεδεύεται,
1564 1185 1724 1234 &covus

219 1251 280 1307 μή
311 1249 418 1295 εἶναι
443 1255 591 1306 βέλους
634 1251 770 1306 ἐντός,
800 1253 872 1295 καί
898 1254 1107 1295 ἐπιτάττει
1136 1253 1294 1303 πάντας
1324 1252 1660 1309 δειπνοποιήσαν-

219 1334 295 1366 τας
322 1317 630 1374 ἱπποκορυστὰς
679 1318 871 1371 γενέσθαι
898 1321 971 1361 καί
1014 1321 1097 1360 τῶν
1125 1319 1322 1373 ἁρμάτων
1350 1317 1488 1361 αὕτῶν
1514 1321 1657 1372 ἐπιμε-

218 1385 399 1438 ληθῆναι
427 1383 485 1432 ὥς
514 1385 556 1433 ἐς
588 1386 720 1426 νέωτα
761 1389 848 1434 τοῖς
881 1383 1081 1438 Τούρκοις
1108 1383 1415 1439 πολεμήσοντας
1439 1388 1658 1439 πρωϊαίτε-

221 1462 308 1502 ρον.
378 1454 567 1498 σκοταῖος
605 1452 743 1490 τοίνυν
777 1447 1022 1502 διαναστάς,
1070 1451 1142 1490 καί
1186 1451 1262 1491 τοῦ
1297 1449 1417 1504 ἧλιόυ
1448 1447 1574 1503 μήπω
1605 1449 1652 1491 τὸ

219 1508 338 1567 ἅρμα
388 1513 628 1567 ζεύξαντος,
669 1514 796 1563 αὐτός
829 1529 874 1556 τε
919 1514 976 1562 ὥς
1022 1512 1126 1569 πρὸς
1172 1512 1348 1567 πόλεμον
1388 1513 1556 1556 ἔσταλτο
1585 1516 1658 1557 καί
1668 1533 1720 1560 20

219 1577 247 1632 ἦ
275 1576 396 1634 λοιπή
426 1577 477 1620 τὰ
510 1575 619 1620 ὅπλα
648 1580 865 1620 ἐνεδέδυτο
894 1578 1082 1634 στρατιά.
1139 1581 1211 1620 καί
1237 1578 1275 1621 οἱ
1302 1578 1511 1635 βάρβαροι
1540 1578 1654 1632 ὅμοι’-

106 1655 140 1687 P.
162 1653 206 1698 46
221 1658 277 1691 ως
302 1641 653 1698 διαπραττόμενοι
683 1643 755 1685 καί
781 1644 905 1686 αὐτοὶ
930 1643 1228 1699 παρετάττοντο
1252 1676 1264 1697 ,
1292 1643 1389 1693 τούς
1419 1661 1464 1687 τε
1489 1641 1656 1696 τοξότας

103 1713 146 1746 V.
162 1716 206 1749 36
219 1708 269 1764 τῇ
301 1703 410 1765 ὄχθῃ
440 1711 697 1763 παρέτειναν,
742 1711 814 1750 καί
840 1708 885 1750 τὸ
916 1707 1084 1751 ἱππικὸν
1112 1709 1169 1758 ὥς
1197 1710 1336 1759 αὐτοῖς
1362 1707 1498 1751 ἐδόκει
1525 1725 1656 1764 παρε-

308 1831 341 1865 3.
369 1828 569 1874 ἄπανταχῆ
592 1831 630 1862 A.
729 1842 778 1864 ιο.
805 1829 903 1877 νῆες]
931 1831 1089 1874 καράβια
1118 1831 1152 1862 Β.
1279 1833 1329 1865 13.
1355 1829 1550 1877 διικνεῖτο]
1577 1828 1654 1864 δει-

307 1875 479 1911 κνύντων
502 1876 541 1909 A.
623 1878 672 1911 15.
698 1875 792 1909 ὅσον
817 1874 869 1922 μή
897 1876 1067 1920 ᾳθτίνειν
1091 1879 1250 1921 σαγίταν
1275 1877 1379 1914 ἐντός
1406 1878 1442 1909 Β.
1543 1879 1592 1911 18.
1617 1878 1655 1915 ἐς

309 1932 367 1955 om
391 1922 431 1955 A.
571 1924 867 1969 πολεμήσίονιας
892 1924 929 1955 Α.
1047 1934 1101 1956 20.
1131 1922 1295 1970 ἔσταλτο]
1326 1923 1527 1969 ήρματιόθή
1552 1923 1591 1956 Α.

218 2038 391 2071 stinentes
420 2038 618 2071 lacessendi
643 2043 755 2079 erant,
778 2049 844 2071 nec
868 2038 913 2071 ad
939 2040 1038 2078 iram,
1065 2038 1110 2071 ad
1133 2039 1260 2071 caedes
1287 2038 1499 2072 concitandi.
1528 2049 1654 2072 verum.

217 2085 273 2118 illi
297 2084 445 2117 densata
480 2084 657 2128 phalange
689 2085 727 2116 in
755 2084 842 2128 ripis
866 2085 1051 2117 Maeandri
1089 2085 1244 2117 fluminis
1282 2090 1416 2118 stantes
1443 2084 1652 2118 Latinorum

218 2131 414 2163 exercitum
449 2131 605 2163 transitu
641 2130 902 2175 prohibebant3
936 2131 997 2174 qui
1042 2141 1121 2163 cum
1144 2131 1310 2164 omnibus
1349 2131 1570 2175 temporibus
1602 2132 1650 2164 ob

217 2177 369 2210 vortices
405 2181 441 2209 et
476 2177 592 2210 varios
618 2177 796 2209 anfractus
822 2187 894 2209 non
923 2176 1059 2221 ubique
1080 2177 1185 2209 facile
1210 2182 1415 2221 superetur,
1442 2182 1517 2210 tum
1540 2177 1650 2222 plane

217 2223 360 2257 transiri
383 2233 457 2255 non
479 2228 631 2266 poter-at.
655 2222 708 2255 ibi
735 2222 985 2256 occidentales
1017 2223 1140 2267 copiae
1166 2224 1244 2267 ipsa
1273 2234 1309 2255 re
1333 2223 1560 2256 declararunt
1583 2235 1650 2268 pa-

216 2270 345 2302 tientia
378 2281 443 2302 sua
475 2269 608 2302 factum
645 2280 722 2302 esse
752 2280 823 2313 quo
856 2270 972 2302 minus
1000 2270 1236 2302 Romanorum
1273 2269 1466 2314 phalanges
1491 2269 1647 2315 praedae

217 2320 336 2348 essent
367 2326 564 2360 eorumque
599 2315 705 2348 urbes
730 2315 1021 2348 exscinderentur
1059 2322 1095 2348 et
1119 2316 1211 2349 cives
1235 2316 1413 2360 pecudum
1437 2316 1551 2349 instar
1571 2328 1647 2349 ma-

215 2367 406 2395 ctarentur.
444 2373 526 2394 nam
568 2372 647 2394 cum
667 2372 764 2405 rege
798 2361 844 2394 ad
869 2362 1025 2394 fluminis
1059 2362 1154 2406 ripas
1182 2362 1374 2395 accedente
1398 2373 1516 2407 neque
1538 2373 1646 2396 naves

213 2413 356 2453 praesto
385 2413 506 2441 essent
537 2418 655 2452 neque
687 2419 794 2452 pons,
830 2413 867 2440 et
887 2408 996 2440 Turci
1032 2409 1172 2452 equites
1199 2414 1234 2441 et
1257 2408 1398 2452 pedites
1422 2409 1583 2453 permisti
1607 2409 1646 2442 in

215 2454 387 2487 ulteriore
418 2455 494 2499 ripa
531 2465 568 2487 se
597 2454 641 2486 ad
674 2465 827 2498 pugnam
865 2459 1008 2499 paratos
1043 2465 1119 2487 esse
1156 2455 1405 2495 ostenderent,
1448 2460 1485 2487 et
1508 2455 1645 2498 sagittis

213 2500 368 2534 frontem
392 2501 567 2533 exercitus
581 2500 728 2533 fluvium
742 2500 1002 2544 praetereuntis
1028 2501 1256 2544 attingerent,
1282 2506 1357 2534 tum
1384 2500 1530 2546 quidem
1555 2512 1645 2545 pau-

213 2547 288 2580 lum
323 2547 401 2579 acie
431 2557 452 2580 a
480 2546 589 2579 fluvio
628 2546 804 2580 subducta
839 2552 936 2579 extra
968 2545 1033 2579 teli
1057 2547 1191 2579 iactum
1228 2552 1342 2580 castra
1365 2547 1506 2592 posuit,
1535 2552 1645 2592 atque

214 2603 336 2626 omnes
361 2592 426 2625 ubi
452 2594 661 2633 coenarint‚
684 2593 722 2626 in
747 2593 850 2637 equis
877 2597 1030 2626 armatos
1058 2603 1135 2626 esse
1160 2597 1197 2626 et
1219 2604 1341 2626 currus
1368 2604 1490 2626 curare
1515 2593 1643 2634 iussit,

213 2644 255 2672 ut
282 2638 443 2672 diluculo
479 2650 559 2673 cum
582 2639 708 2672 Tui-cis
746 2639 987 2672 dimicaturos.
1020 2640 1133 2684 surgit
1155 2639 1266 2683 igitur
1289 2645 1372 2673 ante
1394 2645 1511 2672 ortum
1536 2639 1645 2680 solis,

214 2686 251 2731 ixi
283 2685 442 2719 tenebris
473 2685 590 2720 adhuc
623 2686 758 2730 etipse
786 2685 832 2718 nd
856 2696 1010 2730 pugnam
1045 2691 1236 2718 exornatus
1270 2691 1306 2718 et
1328 2686 1504 2719 exercitus
1528 2685 1646 2718 omnis

216 2737 381 2767 armatus.
410 2731 505 2768 idem
538 2738 573 2767 et
606 2731 749 2765 barbari
776 2731 954 2778 fecerunt,
994 2731 1237 2778 instructaque
1266 2732 1363 2773 acie,
1391 2738 1425 2765 et
1451 2731 1645 2776 sagittariis
