1878 3230
319 166 428 235 848
735 186 963 230 Nicss‘rAE
1002 186 1311 238 cnoNiATAss

314 290 604 343 κατέστρεψεν.
675 288 728 328 ου’
769 290 913 330 τοῦτον
955 290 1001 330 δὲ
1041 287 1169 340 μόνον
1211 284 1505 341 ἀπανθρώπως
1531 282 1639 329 οὕτω
1667 286 1741 329 τοῦ

315 354 387 407 ζῆν
411 352 615 407 ἐξήγαγεν,
648 352 754 394 α’λλὰ
774 353 844 394 καί
863 352 933 402 οὓς
957 356 1149 407 καθεῖρξε
1171 353 1406 404 Ῥωμαίους
1430 352 1596 405 οἰκτρῶς
1627 351 1742 392 ‹inui-

314 421 432 469 λεσε,
465 415 522 471 μή
568 416 711 473 φωνήν
752 420 852 472 μηδ’
886 416 1044 459 ἱκεσίαν
1082 420 1126 468 ἐξ
1152 417 1291 458 αὐτῶν
1332 413 1437 465 δ’λως
1464 413 1742 468 α’νασχόμενος

315 482 607 524 ἐνωτίσασθαι.
683 485 727 524 ἐν
760 478 820 531 οἷς
851 482 923 524 καί
962 482 1035 525 τὸν
1070 484 1142 524 τοῦ
1180 479 1339 537 δρόμου
1368 481 1590 534 λογοθέτην
1621 481 1740 521 Κων-

313 552 522 588 σταντῖνον
549 546 621 590 τόν
646 550 854 603 Τορνίκην,
875 547 1269 602 ὖποδρηστεύσαντα
1299 547 1377 598 μὲν
1397 544 1538 587 οἷκοντὶ
1568 543 1612 586 τὸ
1646 546 1777 586 πλέ-5

314 626 360 652 ον
386 610 488 664 μετὰ
517 611 591 667 τήν
618 616 688 667 τῆς
716 613 873 662 πόλεως
914 610 1071 654 ἅλωσιν
1100 614 1158 668 τῷ
1183 614 1353 665 βασιλεῖ
1373 609 1617 666 Βαλδουίνῳ
1636 641 1648 661 ,
1673 607 1745 650 καὶ

311 675 380 717 τὸν
405 678 448 717 ἐκ
464 680 642 731 πολέμου
661 679 894 732 διαδράντα
922 679 1110 720 κίνδυνον
1138 678 1234 718 καθ’
1265 674 1311 717 ὃν
1342 673 1422 716 ὑπὸ
1438 676 1613 716 Σκυθῶν
1638 676 1744 715 ἐκεῖ-

311 756 380 790 νος
418 740 623 796 ἑάλωκεν,
663 745 922 798 προσρυέντα
964 744 1004 784 δ’
1045 741 1188 784 ἔπειτα
1232 743 1290 798 τῷ
1316 741 1478 796 Ἰωάννῃ
1525 738 1596 780 καί
1624 737 1739 794 παρὰ

310 806 442 864 τούτῳ
473 809 702 862 δυνηθῆναι
721 806 773 849 τὰ
791 808 967 862 μέγιστα
997 804 1307 864 φανταζόμενον
1335 801 1396 853 οἷς
1424 802 1619 852 πολλάκις
1643 806 1741 858 παρ’

310 872 462 913 ἐκεῖνον
493 868 572 913 ἀπὸ
598 873 815 925 Ῥωμαίων
843 875 1016 927 πρέσβις
1043 872 1360 927 ἑπιπεφοίτηκε,
1390 871 1525 921 ξενιάν
1550 870 1585 910 δ’
1613 869 1739 923 εὕρά-
1757 887 1804 916 10

267 945 299 979 D
309 951 433 989 μενον
462 935 507 979 τὸ
538 936 690 987 πολλὰς
721 937 802 979 ὑπὸ
834 940 965 994 ξιφῶν
992 935 1096 979 κατὰ
1126 935 1273 985 παντὸς
1299 937 1374 977 τοῦ
1398 934 1590 988 σώματος
1623 934 1742 985 δέξα-

310 1005 413 1045 σθαι
439 1005 512 1043 καί
538 1004 637 1057 μηδ’
665 1002 784 1052 ὄσιάς
813 1007 955 1057 τυχεῖν
982 1001 1087 1056 μετὰ
1117 1000 1190 1057 τήν
1219 999 1446 1055 α’ναίρεσιν.

421 1066 471 1109 Οἱ
504 1069 552 1109 δέ
576 1083 622 1122 γε
642 1072 817 1110 Λατῖνοι
847 1071 920 1110 καί
945 1066 997 1110 τὰ
1027 1066 1157 1109 πάλαι
1182 1064 1367 1124 ᾀδόμενα
1394 1063 1641 1119 στοιχειώδη
1667 1065 1741 1119 τῆς

306 1131 467 1182 πόλεως
498 1132 762 1189 φυλακτήρια
790 1132 982 1175 καὶκατὰ
1014 1138 1149 1186 τεῖχος
1178 1133 1250 1173 καί
1275 1129 1436 1187 τάφρον
1463 1130 1739 1184 προσεξευρη-

306 1199 410 1249 μένα
437 1203 522 1246 τοῖς
549 1202 637 1239 κατ’
675 1200 802 1253 αὕτ’ἧς
846 1197 1111 1248 ξυντάττουσι
1129 1197 1359 1253 ,φάλαγγας
1389 1196 1462 1236 καί
1486 1193 1638 1248 λόχους
1663 1210 1738 1235 κα-
1755 1198 1803 1240 15

305 1263 474 1313 θίζουσι
504 1263 749 1316 δυσμενέσιν
796 1265 855 1318 (εἰ
881 1265 927 1304 δὲ
966 1264 1037 1304 καί
1066 1261 1254 1316 άληθῶς,
1284 1261 1358 1303 οὔκ
1388 1259 1472 1314 ἔχω
1499 1262 1630 1313 λέγειν
1661 1275 1738 1300 σα·-

306 1330 415 1383 φαῖς)
444 1330 663 1382 καθαιρεῖν
689 1328 942 1383 ἐγνώκεσαν,
985 1327 1056 1369 καί
1074 1325 1235 1368 τούτων
1261 1327 1440 1380 μάλιστα
1469 1323 1604 1365 <indua
1628 1322 1733 1366 κατὰ

303 1393 380 1434 τοῦ
409 1395 527 1448 σφῶν
566 1393 881 1448 ἅνεστηλῶσθαι
920 1395 1061 1447 γένους
1090 1391 1336 1444 ἐμάνθανον.
1403 1386 1500 1431 ὅθεν
1525 1392 1622 1442 μεθ’
1647 1384 1735 1430 ἑτέ-

304 1472 388 1511 ρων
427 1456 700 1511 ἆνδρεικέλων
739 1459 784 1500 ἐκ
829 1459 988 1511 χαλκοῦ
1020 1457 1321 1511 πεποιημένων,
1361 1453 1388 1496 ἃ
1414 1456 1496 1496 τῶν
1525 1455 1734 1509 προτέρων

302 1519 588 1577 κατενήνεκται
616 1522 780 1575 βάσεων
807 1524 879 1564 καί
898 1525 1002 1577 πυρὶ
1028 1522 1335 1576 παρεδόθησαν,
1364 1520 1464 1561 οὐδὲ
1489 1517 1560 1573 τὴν
1580 1520 1732 1578 ἐμπρο-
1745 1537 1799 1564 20

301 1589 429 1628 σθίαν
455 1583 671 1640 εὐώνυμον
697 1587 829 1643 χηλήν
858 1589 932 1630 τοῦ
961 1590 1088 1630 ἵππου
1118 1583 1439 1641 ἇπεριέργαστον
1484 1582 1630 1626 εἴασαν
1648 1615 1660 1637 ,
1689 1582 1735 1633 ὃς

302 1653 374 1693 ἐπὶ
406 1654 571 1693 λιθίνου
598 1653 747 1694 λευκοῦ
779 1650 1084 1708 τετραπλεύρου
1104 1650 1206 1693 κατὰ
1232 1650 1307 1693 τὸν
1331 1650 1544 1704 λεγόμενον
1573 1651 1736 1704 Ταῦρον

301 1719 486 1769 χαλκοῦς
513 1715 733 1769 ἱστάμενος
760 1716 939 1772 ἡρωϊκόν
970 1734 1061 1759 τινα
1088 1716 1161 1771 τήν
1193 1714 1315 1769 ἰσχὺν
1339 1710 1472 1769 ἄνδρα
1497 1715 1570 1755 καί
1597 1712 1641 1755 τὸ
1675 1711 1734 1755 εἶ·

171 1783 374 1834 Ρ.4ι4δος
411 1781 657 1832 ἀξιοθέατον
687 1784 757 1824 ἐπὶ
785 1785 870 1825 τῶν
899 1781 1040 1825 νώτων
1065 1779 1168 1836 ὀχεῖ,
1196 1782 1293 1836 μηδ’
1325 1778 1449 1829 αὐτὸς
1475 1779 1642 1833 ἀπέχων
1661 1780 1734 1821 τοῦ

301 1954 477 1987 Romanos
517 1954 622 1987 etiam
654 1955 812 1999 captivos
838 1954 963 1987 eadem
989 1954 1200 1988 crudelitate
1233 1954 1436 1995 interfecit,
1461 1952 1558 1986 omni
1586 1962 1671 1986 voce
1697 1956 1734 1986 et

302 2001 457 2045 supplici
482 2006 582 2045 gestu
622 2000 807 2046 repudiato
831 2013 871 2034 ac
894 2003 988 2034 inter
1025 2002 1113 2034 alios
1139 2001 1261 2034 Dronii
1286 2000 1507 2044 logothetam
1528 1999 1734 2032 Constanti-

300 2058 387 2079 num
416 2047 626 2088 Tor-uicem,
650 2048 713 2092 qui
736 2047 824 2080 urbe
860 2053 962 2092 capta
986 2048 1116 2080 invitus
1146 2048 1220 2080 fere
1244 2047 1418 2079 Balduino
1443 2045 1671 2086 inservierat,
1695 2049 1734 2078 et

300 2091 391 2125 belli
417 2093 593 2136 Scythici,
627 2105 697 2138 quo
725 2095 755 2126 is
784 2100 907 2138 captus
937 2100 1010 2134 est,
1034 2095 1194 2139 periculo
1223 2094 1354 2126 evitato
1378 2093 1423 2125 ad
1446 2094 1561 2138 ipsum
1586 2102 1623 2124 se
1647 2102 1732 2124 con-

299 2139 453 2179 tulerat,
482 2151 644 2183 maguam
671 2142 918 2174 auctoritatem
944 2152 1041 2173 suam
1065 2152 1141 2173 esse
1162 2146 1270 2180 ratus,
1294 2139 1392 2184 quod
1417 2139 1559 2183 saepius
1581 2136 1627 2170 nd
1650 2147 1731 2170 eum

298 2186 443 2217 nomine
467 2186 702 2218 Romanorum
727 2187 863 2231 legatus
886 2187 1018 2219 ivisset.
1053 2193 1231 2219 caeterum
1265 2197 1341 2218 eam
1366 2185 1648 2229 hospitalitatem
1675 2188 1732 2216 est

302 2236 481 2274 expertus,
509 2238 549 2264 ut
572 2238 648 2265 toto
677 2244 823 2278 corpore
840 2233 963 2266 multis
988 2233 1118 2266 ictibus
1138 2238 1368 2277 compunctus
1395 2237 1479 2276 post
1501 2229 1646 2264 caedem
1672 2229 1730 2262 in·-

300 2277 462 2321 sepultus
491 2277 716 2312 abiiceretur.
1492 2284 1494 2286 ’

391 2322 510 2355 Latini
540 2335 645 2367 porro
669 2325 732 2357 ina
760 2325 845 2357 olim
872 2324 1058 2359 decantata
1082 2325 1181 2359 urbis
1206 2325 1447 2363 munimenta,
1472 2332 1564 2366 quae
1588 2332 1608 2354 a
1633 2326 1730 2355 certa

299 2369 456 2413 partium
492 2370 584 2402 serie
613 2370 827 2403 Stoechiode
866 2371 1056 2412 dicuntur,
1087 2372 1180 2404 muri
1215 2382 1255 2403 ac
1295 2370 1380 2403 valli
1418 2369 1496 2401 loco
1531 2369 1730 2411 excogitata

301 2420 425 2447 contra
452 2415 572 2448 hostes
595 2416 653 2448 vel
678 2423 800 2460 aperta
837 2417 872 2449 vi
904 2418 961 2451 vel
997 2417 1138 2451 insidiis
1178 2421 1375 2461 grassantes
1408 2416 1504 2458 (vere
1531 2426 1577 2447 an
1601 2415 1701 2446 secus
1718 2439 1729 2455 ,

302 2461 421 2494 dicere
448 2460 546 2494 haud
571 2463 752 2506 possum),
780 2468 937 2496 evertere
962 2469 1183 2504 statuerunt,
1222 2473 1264 2495 ea
1288 2461 1496 2506 praesertim
1525 2471 1617 2505 quae
1642 2470 1729 2492 con-

300 2512 356 2540 tra
379 2519 478 2540 suam
505 2513 645 2552 gentem
678 2509 846 2542 facerent.
881 2509 975 2541 unde
1000 2521 1079 2542 cum
1110 2510 1191 2542 aliis
1215 2508 1336 2541 aeneis
1359 2507 1484 2540 statuis
1503 2531 1512 2547 ,
1541 2517 1633 2551 quae
1660 2506 1728 2539 ba-

301 2553 401 2586 sibus
426 2560 564 2587 emotae
589 2561 626 2588 et
662 2555 701 2588 in
728 2555 846 2599 ignem
867 2556 1050 2588 coniectae
1077 2560 1182 2595 sunt,
1211 2565 1277 2586 nec
1311 2554 1527 2586 anteriorem
1549 2553 1727 2585 sinistram

298 2601 468 2643 ungulam
505 2601 588 2645 equi
625 2601 749 2642 aenei,
787 2601 911 2645 quiin
949 2601 1031 2633 albo
1074 2600 1319 2646 quadrangulo
1343 2610 1516 2632 marmore
1543 2599 1581 2630 in
1606 2598 1725 2630 Tauro

298 2650 390 2686 stat,
430 2647 543 2680 virum
576 2647 752 2691 quendam
783 2646 927 2680 heroico
961 2647 1088 2680 robore
1128 2653 1165 2680 et
1198 2646 1386 2691 spectabili
1421 2646 1522 2680 vultu
1546 2650 1643 2687 tergo
1663 2654 1725 2676 ve-

298 2690 405 2732 hens,
431 2703 497 2725 nec
519 2693 595 2737 ipse
629 2693 870 2727 admirationis
897 2704 1020 2737 expers
1055 2694 1100 2726 ob
1126 2694 1341 2737 exquisitum
1366 2692 1523 2724 omnium
1547 2690 1724 2723 membro-

298 2748 374 2771 rum
394 2739 592 2781 artificium,
620 2740 775 2787 phaleris
809 2738 969 2785 undique
1002 2745 1117 2774 tectus
1133 2765 1142 2781 ,
1169 2738 1358 2780 hinniens,
1385 2737 1530 2772 auribus
1555 2737 1654 2774 velut
1678 2735 1723 2769 ad
