1878 3230
292 150 404 216 400
694 163 919 207 NICETAE
957 163 1266 207 CHONlATAE

291 265 617 318 μεταναστεῦσαι
646 264 721 316 τῆς
747 261 903 312 πόλεως
930 260 990 304 ἔτι
1016 265 1098 305 τῶν
1124 261 1330 321 πολεμιων
1357 263 1710 318 προσδοκωμένων-

290 332 397 384 μηδὲ
421 324 774 382 περικαθισάντων
803 326 960 381 αὐτήν,
986 329 1104 369 τοῦτο
1130 329 1208 381 μὲν
1235 328 1428 379 ου’δαμῶς
1456 328 1703 386 ἔδικαώοσεν,

290 394 402 447 εἴπερ
434 393 560 433 αὐτοῦ
583 391 1056 446 συμπαραμεμενηκότος
1082 396 1263 434 πλεῖστοι
1291 390 1457 444 ἔμελλον
1484 391 1704 448 σώζεσθαι,

288 455 517 509 ἕνειρχθείς
549 457 594 496 δὲ
625 458 675 511 τῇ
704 455 822 497 πόλει
851 452 955 499 ἑκών
983 454 1058 498 οὔκ
1086 455 1295 498 ἐπαύσατο
1331 456 1620 511 συνδιαφέρων
1653 457 1706 500 τοὶ

289 520 454 575 α’λγεινὰ
488 525 577 569 τοῖς
603 519 864 574 πάσχουσιν,
896 520 952 571 ὥς
978 523 1055 574 μὲν
1083 523 1140 578 τῷ
1162 525 1259 563 καθ’
1286 519 1411 563 αὑτὸν
1438 518 1740 579 ὑποδείγματιᾷ

287 586 551 637 συμπείθων,
585 582 641 634 αἷς
668 586 714 626 δὲ
743 587 981 639 παραινῶν,
1010 582 1089 628 ὅσα
1126 584 1198 627 καὶ
1235 585 1392 642 πατρὸς
1430 584 1588 640 ἧμὲρου
1631 584 1708 640 δήμ-

250 666 423 704 Βγματα
437 683 449 702 ,
477 647 525 691 τά
554 652 629 691 τοῦ
655 652 759 691 θεοῦ
784 653 1097 707 καθυποφέρειν
1123 649 1340 706 πλήγματα
1367 650 1437 692 καὶ
1462 648 1535 704 τήν
1562 652 1607 692 ἐκ
1630 650 1708 692 τοῦ

286 713 540 764 πατάξαντος
567 717 813 770 προσμένειν
843 711 971 764 αὖθις
996 713 1125 757 ἴασιν.
1179 717 1248 768 ,,ει’
1269 714 1349 769 γάρ
1367 715 1439 757 καί
1468 712 1575 757 οἶδε’”
1603 730 1718 771 φησι,

286 777 543 833 ,,πατάσσειν
567 777 762 827 πολλάκις
779 811 791 831 ,
821 778 927 820 α’λλά
955 772 1030 821 καῖ
1042 780 1189 822 ἰᾶσθαι
1216 778 1454 828 πλειστάκις
1482 783 1606 835 φιλεῖ,
1636 780 1710 821 καί

286 845 467 897 μάλιστα
497 846 538 886 εἰ
568 841 712 899 πράως
740 846 860 899 φέρει
887 860 951 892 τις
988 846 1061 886 καί
1085 845 1344 899 εὐχαρίστως
1380 843 1430 886 τὰ
1467 847 1677 886 λυποῦντα
1693 862 1775 897 ,m

287 907 360 950 καὶ
379 909 435 963 μὴ
467 908 571 962 πρὸς
598 907 643 950 τό
675 908 802 963 δριμύ
830 908 987 951 τούτων
1014 911 1085 950 καί
1108 909 1259 962 βάλλον
1284 908 1359 964 τήν
1374 907 1570 963 αἴσθησιν
1587 910 1706 963 ‹1⁷73ae-

289 972 458 1026 ζόμενος
486 970 750 1027 οἷποστόργως
775 971 863 1027 ἔχει
891 972 996 1028 πρὸς
1021 973 1087 1016 τὸν
1105 972 1328 1028 ἐπάγοντα,
1355 974 1427 1015 καί
1456 971 1707 1016 καταστενά-

289 1040 351 1089 ζει
377 1040 455 1091 μὲν
480 1040 551 1093 τῆς
577 1039 793 1092 προνοιάς,
822 1037 1036 1092 κριμάτων
1067 1040 1113 1080 δὲ
1142 1037 1271 1092 βάθος
1297 1038 1532 1081 ἀποσείεται
1558 1041 1708 1080 θεϊκῶν

290 1098 357 1144 οἷα
385 1106 442 1160 τῷ
469 1105 596 1159 κυρίῳ
625 1105 965 1156 ἐξομολογεῖσθαι
990 1102 1242 1158 μεμαθηκώς
1277 1104 1320 1145 ἐν
1355 1103 1468 1160 μόνῳ
1504 1105 1563 1160 τῷ
1603 1102 1710 1157 ‹lya-

288 1168 520 1221 θύνεσθαι,
550 1167 622 1209 καὶ
651 1165 746 1209 ὅταν
774 1170 818 1219 ἐξ
846 1164 993 1222 οὖρίας
1024 1168 1250 1224 φερόμενον
1275 1167 1322 1210 τὸ
1356 1171 1434 1209 τοῦ
1471 1170 1568 1221 βίου
1605 1165 1707 1217 α’κά-
1725 1173 1771 1214 15

289 1248 375 1274 τιον
401 1231 619 1289 διακομίζῃ
651 1233 922 1287 οἷναυαγήτως
954 1234 1092 1290 ἐκείνῳ
1121 1233 1191 1275 καί
1217 1233 1308 1288 ῥεῖα
1341 1234 1413 1275 καί
1447 1231 1614 1288 κου’φοος
1655 1231 1705 1275 τὰ

289 1297 442 1353 ἔφετά,
470 1297 526 1346 ὥς
554 1296 598 1338 αἱ
623 1299 715 1352 νῆες
743 1297 955 1354 μακρόθεν
979 1298 1032 1340 τά
1069 1299 1296 1352 ἄγιόγιμα.”
1351 1299 1500 1340 ου’κοῦν
1527 1299 1600 1340 καί
1622 1303 1710 1348 τοῖς

252 1368 527 1418 Οστρατηγοῖς
555 1358 856 1416 ὀπτανόμενος,
887 1362 959 1411 οὒς
987 1361 1171 1412 Κόντους
1208 1362 1302 1419 εἴπῃ
1329 1379 1391 1412 τις
1420 1359 1473 1405 ἂν
1499 1363 1710 1419 Λατινικῇ

291 1430 489 1484 διαλέκτῳ
519 1425 757 1482 χριόμενος,
795 1429 1010 1482 ἐμετρίαζε
1050 1427 1099 1469 τά
1142 1429 1271 1484 χείρω
1306 1434 1390 1477 τοῖς
1434 1425 1706 1480 πεπονθόσιν,

288 1489 549 1545 ἐπιτάγματα
576 1493 732 1533 ἐκεῖθεν
760 1491 919 1547 χορηγοὶ
949 1494 1128 1545 κομίζων
1156 1494 1336 1543 ἀνέσεως
1362 1492 1434 1534 καί
1459 1493 1539 1533 πᾶν
1567 1491 1707 1547 ἕτερον
1719 1510 1772 1537 20

288 1558 549 1612 πρυτανεῦον
575 1557 716 1605 αὐτοῖς
736 1555 1006 1612 παράκλησιν·
1058 1557 1168 1611 τάχα
1194 1556 1274 1613 γάρ
1295 1556 1368 1599 καὶ
1390 1558 1541 1612 πέτρας
1563 1552 1710 1612 οἷγελά-

288 1638 389 1663 στου
419 1620 442 1662 ὅ
482 1619 639 1663 ἐκείνου
666 1620 782 1675 λόγος
816 1625 1028 1675 καθίκετο,
1066 1626 1137 1664 καί
1183 1623 1235 1663 δι’
1282 1624 1427 1671 αἰδοῦς
1469 1623 1541 1663 καί
1583 1619 1709 1674 μόνον

287 1685 438 1741 ὄφθεὶς
464 1691 547 1735 τοῖς
585 1686 835 1741 ἀλλοφύλοις
870 1682 986 1741 ἤγετο
1004 1719 1016 1740 ,
1045 1689 1118 1729 καί
1142 1686 1291 1729 θώκων
1317 1687 1607 1738 ὗπεξίσταντο,
1637 1687 1712 1727 καί

286 1748 420 1805 ἡδέως
446 1751 577 1794 αὐτοῖ
603 1747 764 1806 ἤκουον,
789 1753 860 1794 καί
886 1750 990 1807 πρὸς
1016 1750 1058 1794 τὸ
1088 1750 1315 1808 πραότερον
1338 1751 1417 1813 καὶι
1431 1749 1709 1807 χρηστότερον

376 1885 409 1918 5.
431 1881 571 1929 ἄλγητα
594 1885 633 1918 Α.
660 1895 705 1918 an
731 1883 916 1930 ἄλγιστα.9
992 1895 1043 1930 ¹7·
1072 1883 1281 1932 μακρόθεν]
1309 1884 1510 1931 πόρρωθεν
1532 1884 1572 1918 Α.

286 2010 392 2054 affligi
418 2020 524 2054 quam
560 2012 796 2044 mercenarios
820 2012 977 2053 imitari,
1018 2011 1080 2056 qui
1104 2012 1198 2056 lupis
1217 2011 1491 2046 adventantibus
1517 2022 1619 2055 grege
1643 2011 1706 2044 de-

286 2062 380 2089 serto
404 2057 616 2100 aufugiunt,
647 2058 807 2101 quamvis
843 2058 926 2091 dum
965 2058 1086 2091 hostes
1111 2058 1228 2091 adhuc
1252 2057 1530 2102 expectabantur
1553 2057 1705 2090 necdum

286 2101 410 2134 urbem
443 2102 760 2144 circumsederunt,
794 2104 976 2136 discedere
1021 2105 1207 2144 licuisset,
1240 2104 1279 2136 id
1302 2104 1373 2137 sibi
1398 2104 1544 2136 minime
1570 2104 1706 2136 facien-

286 2147 370 2180 dum
405 2148 567 2188 censuit,
601 2149 699 2193 quod
735 2160 798 2182 sua
836 2150 1038 2194 praesentia
1073 2151 1242 2182 nimirum
1276 2149 1407 2183 multos
1437 2154 1704 2183 conservaturus

286 2199 381 2234 erat,
405 2193 468 2226 sed
503 2194 596 2227 ultro
631 2195 669 2227 in
696 2194 784 2227 urbe
821 2200 991 2240 tanquam
1023 2207 1161 2228 carcere
1191 2195 1347 2228 inclusus
1373 2206 1557 2228 aerumnas
1581 2206 1704 2229 omnes

285 2251 356 2272 una
383 2240 537 2272 tolerare
561 2250 634 2272 non
659 2240 816 2281 destitit,
839 2246 915 2274 tum
941 2253 1004 2274 suo
1043 2242 1204 2286 exemplo
1230 2241 1478 2286 persuadendo
1493 2266 1503 2282 ,
1526 2247 1600 2274 tum
1627 2252 1706 2274 mo-

284 2285 404 2319 nendo
429 2285 487 2318 dei
506 2285 665 2327 verbera,
685 2292 726 2319 ut
747 2287 891 2330 benigni
915 2288 1024 2332 patris
1047 2288 1326 2331 castigationem,
1353 2287 1476 2332 aequis
1500 2287 1627 2320 animis
1652 2288 1707 2320 fe-

286 2332 396 2364 renda
421 2337 458 2365 et
492 2331 537 2363 ab
560 2331 686 2364 eodem
719 2332 930 2366 medicinam
955 2333 1208 2377 expectandam
1234 2344 1322 2366 esse.
1350 2345 1432 2366 nam
1457 2333 1487 2366 si
1513 2344 1640 2378 saepe,
1664 2338 1706 2366 ut

286 2378 360 2418 ait,
383 2382 587 2422 percutere,
610 2383 647 2411 at
673 2379 879 2423 saepissime
920 2380 1026 2412 etiam
1051 2379 1184 2412 mederi
1213 2384 1417 2419 consuevit,
1442 2380 1649 2423 praesertim
1674 2379 1704 2412 si

287 2424 367 2468 quis
388 2424 519 2456 leniter
556 2428 592 2456 et
626 2435 704 2457 cum
728 2426 919 2468 gratiarum
957 2426 1098 2458 actione
1129 2425 1308 2458 molestias
1333 2425 1485 2470 perfert,
1509 2436 1628 2470 neque
1651 2425 1705 2458 ‘ob

289 2470 519 2503 acerbitatem
547 2480 666 2502 earum
702 2481 782 2503 eum
807 2483 827 2503 a
860 2481 930 2516 quo
965 2472 1236 2515 proficiscuntur
1259 2471 1343 2504 odio
1366 2471 1610 2516 persequitur,
1638 2482 1706 2504 nec

288 2527 367 2548 cum
405 2515 629 2560 providentia
654 2517 878 2561 expostulat3
913 2528 978 2550 nec
1006 2517 1130 2549 iudicii
1155 2517 1267 2549 divini
1290 2517 1534 2561 profunditate
1561 2518 1705 2559 reiecta,

288 2563 326 2595 in
351 2562 514 2595 secundis
537 2561 710 2596 duntaxat
732 2563 837 2596 rebus
862 2568 898 2596 et
911 2574 1080 2608 prospero
1104 2564 1266 2596 fortunae
1281 2563 1365 2596 ssatu
1391 2563 1523 2596 bonum
1542 2574 1578 2596 se
1601 2573 1705 2608 prae-

288 2609 374 2641 bere
410 2608 546 2641 didicit.
580 2609 609 2641 is
633 2609 742 2653 igitur
776 2609 881 2642 duces
916 2610 1111 2650 exercitus,
1149 2610 1210 2653 qui
1243 2610 1369 2642 Latine
1394 2610 1489 2643 conti
1517 2609 1704 2650 dicuntur,

289 2654 413 2688 adiens
439 2654 553 2688 edicta
577 2655 808 2699 impetrabat,
833 2655 964 2700 quibus
989 2665 1178 2688 aerumnae
1202 2655 1439 2696 leniebatur,
1463 2666 1580 2700 neque
1604 2656 1705 2700 quic-

291 2714 395 2747 quam
419 2701 727 2749 praetermittebat
744 2701 840 2747 quod
865 2701 910 2735 ad
934 2701 1213 2736 consolationem
1237 2713 1377 2736 suorum
1395 2703 1599 2747 pertineret.
1622 2711 1703 2736 nam
