1878 3230
316 178 388 219 m:
422 175 618 218 ALFXIO
659 174 855 216 isAAcu
901 175 1098 217 ANGEu
1126 177 1211 218 Fu.
1253 178 1353 218 Lm.
1382 179 1454 218 111.
1522 157 1634 213 685

198 278 376 332 ἢθέτουν
403 276 478 330 τὴν
509 274 696 331 ἔγερσιν,
731 273 915 331 ἔφασκον
948 277 1116 331 (εἰδεῖεν
1153 277 1193 316 δ’
1226 274 1281 318 ἂν
1316 273 1447 332 ὅπως)
1491 276 1638 318 ἐκεῖνοι

198 341 390 385 ἐσεῖσθαι
417 342 530 396 ἡμᾶς
557 340 661 394 μετὰ
692 340 766 395 τήν
793 338 1020 384 ἀνάστασιν
1063 342 1157 399 ἁφῇ
1199 357 1244 384 τε
1279 344 1354 385 καί
1380 340 1526 396 ὁράσει
1567 344 1639 382 καὶ

198 409 388 463 σχήματι
415 407 663 463 ἀνθρωπείῳ
692 407 897 460 μηδαμῶς
923 407 1253 462 ὑποπίπτοντας,
1284 405 1390 450 ἀλλὰ
1427 404 1533 448 κατὰ
1563 405 1639 455 τὰς

198 471 448 526 ἀσωμάτους
474 470 596 520 σκιὰς
624 472 868 524 α’ἴσσοντας,
906 473 979 513 καί
1003 470 1079 526 τὴν
1119 472 1187 514 διὰ
1230 475 1312 515 τῶν
1345 473 1639 526 κεκλεισμένων

159 541 344 595 ὂθυρῶν
373 539 604 580 εἶσέλευσιν
631 539 709 577 τοῦ
734 535 903 589 Κυρίου
928 536 987 591 μὴ
1023 539 1175 590 θαῦμα
1212 540 1495 593 ἶσχυρίζοντες
1530 533 1638 579 εἶναι

195 605 303 647 ἀλλά
328 620 368 646 τι
396 604 611 657 προσφυὲς
636 603 709 642 καί
727 600 995 658 ἐφάρμοστον
1020 609 1110 651 τοῖς
1139 604 1430 655 ἀνισταμένας
1471 605 1518 645 ἐκ
1555 604 1638 644 τῶν

193 671 362 725 νεκρῶν.
418 670 603 711 τοιοῦτον
630 669 707 719 μὲν
733 669 779 709 ἐν
804 673 892 716 τοῖς
919 673 1144 724 γραφεῖσιν
1180 669 1257 709 οὐκ
1285 668 1398 710 ἔστιν
1425 665 1529 717 ὅλως
1565 668 1638 709 εὖ-

194 741 283 788 ρεῖν
313 735 460 786 οὐδέν,
490 730 757 786 καταδρομήν
782 733 830 774 δέ
856 748 947 775 τινα
978 729 1134 788 ἇναιδῆ
1169 733 1242 776 καὶ
1269 731 1538 787 α’μάρτυρον,
1577 731 1677 781 ake

195 796 267 843 οἷα
297 799 500 854 λεγόντων
525 799 570 849 ἐξ
601 798 732 852 αὐτῆς
758 794 944 847 ἑνώσεως
976 801 1051 840 καί
1084 803 1298 848 κοινωνίας
1339 798 1634 854 ἤφθαρτίσθαι

131 865 262 910 ιοτόν
288 862 488 920 κυριακὸν
515 859 737 918 ἄνθρωπον
767 865 840 905 καὶ
865 865 1130 919 α’ναλυθῆναι
1153 865 1214 913 εἰς
1241 863 1436 918 θεότητα,
1464 863 1539 905 καί
1559 865 1631 906 διὰ

190 933 315 973 τοῦτο
345 931 594 987 φρονοῦντες
621 928 695 971 καὶ
722 927 770 971 τὸ
801 927 1226 984 μεταλαμβανόμενον
1250 926 1480 986 ἄφθαρτον.

296 998 336 1052 4.
381 992 436 1039 “O
458 1011 506 1050 γε
524 995 611 1050 μὴν
638 995 836 1048 βασιλεὺς
862 998 912 1052 τῇ
939 998 1143 1051 κρείττονι
1170 998 1416 1048 προστεθεὶς
1437 996 1531 1052 δόξῃ
1551 1013 1631 1037 πα-

189 1064 429 1117 ραγέγονεν,
462 1061 520 1110 ὥς
553 1060 684 1118 ἔφην,
714 1062 756 1111 ἒς
784 1061 834 1103 τὰ
870 1060 1101 1115 Κύψελλα,
1137 1065 1212 1103 καί
1240 1061 1284 1104 τὸ
1317 1065 1631 1117 συναθροισθὲν

188 1131 322 1171 ἐκεῖσε
347 1127 618 1183 παρειληφώς
643 1127 885 1180 στράτευμα
919 1123 1076 1170 ἄνεισιν
1110 1131 1172 1177 εἰς
1200 1128 1468 1181 Ὀρεστιιέόα·
1524 1126 1629 1169 ἔνθα

128 1197 261 1241 ι5καί
286 1196 454 1243 πλείους
483 1193 643 1249 ἡμέρας
681 1193 956 1248 ἔνδιατρίψας
993 1193 1210 1249 ἀμηχανίᾳ
1251 1195 1523 1248 συνείληπτο,
1555 1193 1629 1234 τὸν

184 1261 263 1312 μὲν
303 1258 542 1314 ἀποστάτην
590 1258 702 1313 ὄρῶν
742 1258 1104 1312 δυσμαχώτατον,
1149 1260 1196 1301 τὸ
1241 1261 1288 1301 δὲ
1338 1258 1468 1301 συνὸν
1513 1258 1628 1315 αὐτῷ

186 1327 430 1381 στράτευμα
458 1324 683 1375 ἀντιθέτως
711 1322 808 1378 ἔχον
836 1327 908 1367 καί
933 1324 1039 1380 πρὸς
1055 1326 1188 1380 μόνην
1207 1327 1430 1380 ἐκθνῆσκον
1449 1324 1524 1379 τὴν
1547 1328 1671 1366 τῶνΙ)

183 1392 391 1443 πολεμίων
417 1389 631 1446 ἑνήχησιν.
687 1396 774 1439 τοῖς
799 1392 845 1431 δὲ
872 1394 1036 1439 πολλοῖς
1061 1394 1135 1434 καί
1161 1386 1293 1443 ὄνομα
1317 1389 1627 1444 χλευαζόμενον

182 1456 208 1511 ἦ
238 1457 451 1510 βασίλειος
477 1459 634 1499 ἐκεῖθεν
661 1456 916 1511 α’νελογίζετο
947 1453 1088 1513 ἄφιξις
1098 1490 1110 1510 ,
1144 1460 1217 1499 καί
1241 1458 1374 1511 μηδὲν
1411 1473 1450 1498 τι
1487 1458 1625 1511 μηδα-

118 1523 275 1574 ῃομῶς
300 1521 487 1577 χρηστὸν
528 1524 786 1577 κατορθοῦν,
828 1521 902 1564 καί
938 1521 1006 1564 τὸν
1042 1522 1257 1578 βάρβαρον
1288 1524 1449 1575 μᾶλλον
1487 1524 1529 1563 ἐν
1570 1524 1627 1577 τῷ

184 1587 514 1630 ὑποστέλλεσθαι
542 1591 902 1643 προσεπαίρεσθαι
935 1590 994 1637 εἰς
1032 1589 1290 1643 θρασύτητα.
1349 1585 1370 1629 ὁ
1396 1589 1440 1629 δὲ
1468 1587 1511 1628 τὸ
1544 1588 1625 1628 τῶν

281 1698 331 1721 ιι.
357 1698 402 1720 au
426 1687 698 1734 φρονοὺντωνὲ
798 1689 848 1733 14.
871 1683 1101 1735 Ὀρεστιιέὃα]
1129 1687 1429 1733 α’δριανούπολιν
1448 1687 1484 1718 B.

182 1766 388 1799 vecordiam
414 1777 452 1799 se
479 1767 707 1799 coniunxisse
730 1767 941 1800 faterentur.
969 1778 1052 1800 nam
1079 1766 1259 1811 baptisma
1284 1777 1350 1812 pro
1383 1765 1622 1799 similitudine

183 1814 309 1846 mortis
333 1813 467 1846 Christi
492 1813 678 1858 sepultura
705 1818 759 1846 est
785 1819 820 1846 et
845 1815 1005 1847 emersio.
1036 1815 1243 1859 quicunque
1268 1814 1363 1846 enim
1387 1814 1424 1845 in
1443 1812 1623 1846 Christum

184 1860 362 1905 baptizati
391 1871 533 1901 sumus,
559 1859 739 1893 Christum
766 1859 972 1901 induimus,
1009 1866 1046 1894 et
1076 1861 1115 1894 in
1148 1866 1299 1893 mortem
1334 1860 1410 1892 eius
1448 1859 1624 1904 baptizati

184 1918 304 1940 sumus
322 1932 332 1947 ,
357 1911 394 1939 et
420 1906 621 1940 divinorum
647 1907 897 1950 mysteriorum
922 1907 1083 1940 efficacia
1111 1918 1176 1952 per
1203 1907 1262 1940 dei
1302 1906 1550 1939 adorationem
1588 1913 1626 1940 et

184 1953 449 1986 invocationem
480 1959 517 1986 et
541 1955 675 1998 gratiae
702 1954 869 1987 coelestis
905 1953 1116 1987 descensum
1151 1954 1346 1999 perficitur.
1382 1964 1476 1997 quae
1512 1958 1548 1986 et
1586 1953 1624 1985 id

183 2011 296 2044 genus
323 2000 394 2032 alia
420 2001 668 2045 improborum
693 2001 879 2034 hominum
906 2001 1014 2034 verba
1031 2007 1072 2034 ut
1097 2002 1207 2046 impia
1235 2006 1271 2034 et
1294 2000 1441 2032 inutilia
1464 2005 1625 2044 praeter-

183 2047 358 2080 misimus.
396 2058 477 2079 nam
502 2048 605 2092 quasi
641 2047 749 2081 etiam
788 2059 975 2092 corporum
1008 2049 1318 2081 resuscitationem
1353 2046 1623 2091 improbarent,

184 2093 376 2126 dicebant:
403 2093 473 2139 ipsi
496 2093 655 2127 viderint
677 2093 858 2139 quomodo
882 2105 948 2127 nos
972 2101 1054 2139 post
1073 2095 1368 2128 resurrectionem
1391 2093 1493 2125 nullo
1516 2093 1624 2126 modo

185 2140 251 2173 sub
280 2146 414 2174 tactum
442 2146 623 2185 aspectum
660 2147 697 2174 et
732 2141 879 2185 figuram
916 2141 1106 2174 humanam
1140 2152 1284 2175 casuros
1327 2140 1527 2180 affirment,
1561 2139 1626 2172 sed

183 2192 225 2220 ut
249 2188 286 2220 in
311 2198 499 2232 corporeas
523 2187 667 2220 umbras
689 2188 879 2221 volaturos.
907 2193 944 2220 et
968 2188 1103 2222 Christi
1127 2199 1192 2233 per
1215 2189 1373 2221 clausam
1397 2187 1542 2219 ianuam
1567 2187 1626 2219 iu—

183 2243 343 2278 gressum
371 2245 444 2266 non
472 2235 702 2275 miraculum,
729 2233 792 2267 sed
816 2234 957 2279 aliquid
979 2241 1168 2280 cognatum
1197 2241 1234 2268 et
1257 2241 1380 2280 aptum
1406 2233 1626 2278 resurgenti-

182 2280 250 2313 bus
277 2291 322 2313 ex
346 2281 496 2314 mortuis
523 2292 600 2314 esse
624 2281 842 2314 asserebant.
869 2292 911 2314 ac
933 2282 1007 2315 tale
1031 2282 1124 2315 nihil
1153 2293 1298 2327 prorsus
1323 2281 1362 2313 in
1390 2280 1534 2324 scriptis
1568 2291 1624 2312 re-

183 2327 338 2370 peritur,
363 2326 427 2359 sed
452 2328 646 2372 exagitatio
674 2327 864 2373 impudens
889 2333 928 2362 et
950 2328 1060 2362 nullis
1082 2329 1166 2362 nixa
1193 2329 1369 2367 testibus,
1395 2327 1500 2372 quasi
1524 2326 1625 2359 dice-

186 2379 266 2406 rent
285 2385 329 2406 ex
356 2374 434 2418 ipsa
460 2375 594 2408 unione
618 2380 655 2408 et
678 2375 928 2412 communione
957 2375 1177 2409 dominicum
1201 2375 1383 2408 hominem
1406 2374 1625 2418 incorrupti·

186 2418 296 2452 bilem
321 2431 398 2453 esse
428 2421 559 2454 factum
578 2447 587 2462 ,
615 2427 878 2467 proptereaque
905 2423 1083 2456 sentirent
1106 2422 1144 2455 id
1168 2423 1277 2456 etiam
1302 2419 1401 2468 quod
1419 2420 1624 2465 percipere-

187 2471 246 2498 tur
275 2477 352 2500 esse
376 2467 663 2513 incorruptibile.

279 2514 311 2556 4.
360 2513 546 2547 Caeterum
583 2516 777 2560 imperator
813 2516 955 2549 meliori
993 2526 1157 2549 assensus
1198 2515 1311 2560 parti,
1354 2513 1539 2558 Cypsella,
1582 2517 1624 2545 ut

188 2557 276 2597 dixi,
299 2559 490 2603 profectus,
515 2567 552 2595 et
574 2569 787 2607 congregato
812 2563 864 2596 ibi
889 2563 1047 2596 exercitu
1067 2569 1261 2607 assumpto,
1285 2560 1510 2594 Orestiadem
1536 2569 1624 2591 con-

188 2604 332 2646 tendit3
361 2605 485 2651 ibique
513 2609 714 2653 complures
744 2609 821 2642 dies
850 2615 1084 2643 commoratus
1116 2610 1221 2654 inops
1246 2607 1389 2641 consilii
1421 2611 1508 2638 erat.
1542 2616 1624 2637 nam

188 2651 406 2684 desertorem
446 2661 652 2698 oppugnatu
690 2655 942 2689 difficillimum
978 2667 1078 2698 esse3
1124 2655 1319 2689 exercitum
1358 2664 1461 2685 suum
1496 2651 1623 2684 timore

187 2698 391 2743 perculsum
416 2699 539 2732 audita
564 2701 734 2735 duntaxat
756 2714 844 2735 voce
872 2702 1029 2736 hostium
1056 2703 1186 2744 emori,
1228 2699 1451 2745 imperatoris
1490 2697 1624 2730 adven-

187 2751 264 2778 tum
290 2745 395 2789 vulgo
420 2745 611 2780 ridiculum
634 2748 770 2790 haberi,
799 2760 931 2782 nomen
955 2750 1033 2782 sine
1057 2749 1142 2782 ullis
1167 2745 1401 2786 successibus,
1421 2750 1458 2778 et
1479 2743 1622 2777 barbari
