1878 3230
460 196 685 238 ALExms
724 194 993 238 MANUEHS
1031 195 1275 240 comm-:Nl
1322 198 1368 238 F.
1524 175 1635 233 313

200 310 288 351 ροις
317 298 402 345 τοῖς
428 296 598 350 μέρεσιν
624 293 648 336 ὅ
673 296 804 348 μέγας
833 294 934 346 δούξ
959 294 1219 350 Ἀνδρόνικος
1246 294 1676 350 ὄΚοντοστέφανος,(;

200 358 222 400 ὅ
250 362 379 415 μέγας
406 358 698 415 ἑταιρειάρχης
720 360 914 413 Ἰωάννης
953 358 976 400 ὅ
1006 358 1195 413 Δούκας,
1224 361 1298 402 καί
1325 361 1479 413 συχνοί
1504 360 1639 413 ἕτεροι

197 424 243 467 τὸ
272 427 386 480 γένος
411 424 656 480 ἄριπρεπεῖς
685 426 759 467 καί
784 429 995 478 μεγίστοις
1021 426 1290 480 περίβλεπτοι
1312 421 1538 478 ἀξιώμασι.
1565 425 1641 466 καί

198 489 294 532 τότε
321 492 400 544 μὲν
427 492 545 532 νυκτί
567 490 727 542 μᾶλλον
757 486 1036 545 πεισθέντεςῆ
1055 496 1148 540 ταῖς
1173 494 1452 544 καταλλαγαῑς
1483 491 1639 542 τεθαρ-

134 549 138 553 ’
163 556 366 611 5ρηκότες
392 555 463 598 τὸν
489 557 631 610 ἀγῶνα
659 556 870 608 διέλυσαν,
897 558 951 612 τῇ
982 556 1022 597 δ’
1046 554 1254 612 ὑστεραίᾳ
1278 554 1354 598 καί
1377 551 1509 604 αὖθις
1533 553 1639 609 πρὸς

198 619 380 674 πόλεμον
405 622 692 676 διηρρένωντο.
750 621 834 662 τῶν
869 621 907 661 δ’
936 620 1074 662 αὐτῶν
1102 621 1175 662 καί
1199 620 1327 663 πάλιν
1353 621 1638 674 παραγενομέ-

197 701 279 728 νων
302 686 492 739 ἀνδρῶν,
523 685 599 727 καί
620 687 777 733 πίστεις
804 682 960 727 δόντων
990 687 1042 741 τῇ
1061 686 1334 742 Καισαρίσσῃ
1352 687 1426 727 καί
1449 687 1507 741 τῷ
1534 682 1639 727 ταῦ-

196 766 268 805 της
296 750 442 806 ἀνδρί,
474 750 547 792 καὶ
570 747 706 804 ὅρκοις
732 752 1053 804 κρατυναμένων
1081 751 1225 804 αΰτάς,
1252 752 1326 793 καί
1351 753 1640 806 πληροφορίαν

197 819 528 871 παρασχομένων
565 814 624 866 ὥς
656 817 732 856 ov'x
758 811 812 858 ἄν
839 831 880 858 τι
914 814 1092 858 πάθοιεν
1116 817 1241 871 αήδὲς
1268 811 1365 858 οὔτε
1392 815 1477 870 μὴν
1506 817 1638 870 ‹ispan-

138 892 186 927 10
198 884 361 937 ρεθεῖεν
392 881 470 936 τήν
498 881 654 924 οἰκείαν
681 881 892 934 ἐπιτιμίαν
920 879 1025 936 πρὸς
1053 883 1130 923 τοῦ
1157 882 1346 937 α’δελφοῦ
1372 880 1444 923 καί
1468 882 1638 934 βασιλέ-

126 983 137 993 .
197 962 255 996 ως
283 942 312 1001 ἢ
337 948 408 1001 τῆς
436 948 646 1002 μητρυιᾶς
663 947 882 1001 δεσποίνης
903 942 933 1001 ἢ
959 948 1034 988 τοῦ
1065 948 1415 1002 πρωτοσεβαστοῦ
1439 946 1638 999 Ἀλεξίου,

196 1010 302 1054 ἀλλὰ
331 1011 379 1067 δν)
415 1013 488 1053 καί
510 1013 742 1067 α’μνηστίας
777 1013 910 1053 κακοῦ
946 1011 1141 1066 δοθείσης
1167 1012 1287 1064 οἷπερ
1319 1007 1461 1061 αὐτοῖς
1488 1026 1639 1066 προσε-

195 1075 394 1133 χώρησαν
421 1076 493 1119 καὶ
518 1079 579 1126 εἰς
605 1075 859 1131 συμμάχους
885 1075 1197 1133 ἐνεγράφησαν,
1227 1073 1336 1118 οὕτω
1358 1076 1411 1132 δὴ
1438 1078 1511 1131 τῆς
1540 1079 1680 1122 dev-D

195 1145 319 1199 τέρας
348 1142 577 1197 ἀπέσχοντο
608 1145 866 1196 συμπλοκῆς.
921 1141 996 1184 καί
1021 1140 1061 1184 οἱ
1089 1145 1168 1194 μὲν
1189 1142 1379 1199 ἀπῄεσαν
1403 1141 1538 1192 εὐθύς
1561 1157 1639 1195 με-

140 1207 246 1253 ιότὰ
272 1207 344 1264 τὴν
371 1209 454 1250 τῶν
493 1205 628 1261 ὅρκων
658 1209 732 1249 καί
762 1209 847 1250 τῶν
877 1209 1065 1250 σπονδῶν
1091 1205 1392 1262 ἐκπερὰτωσιν,
1421 1206 1571 1257 νυκτὸς
1597 1209 1640 1249 δ’

136 1317 138 1319 ,
198 1273 422 1328 ἐπιστάσης
459 1272 483 1315 ὅ
515 1276 686 1328 Καῖσαρ
730 1275 804 1315 καί
827 1270 853 1328 ἦ
883 1272 1032 1315 τούτου
1062 1271 1255 1324 ξύνευνος
1293 1272 1429 1324 ἐξίασι
1454 1275 1534 1315 τοῦ
1558 1271 1639 1315 νεώ

196 1341 269 1380 καί
293 1338 568 1395 ἀφικνοῦνται
595 1337 701 1395 πρὸς
726 1337 774 1381 τό
800 1340 910 1392 μέγα
929 1338 1158 1393 παλάτιον,
1185 1340 1282 1381 καθ’
1306 1336 1332 1380 ὃ
1351 1337 1446 1381 τότε
1471 1339 1509 1380 οἱ
1539 1355 1640 1393 κρα-

195 1406 358 1454 τοῦντες
385 1406 608 1460 διέτριβον.

303 1472 344 1512 8.
406 1471 579 1512 Τοιοῦτο
601 1472 680 1524 μὲν
721 1465 796 1513 οὖν
822 1471 872 1512 τὰ
905 1470 1008 1513 κατά
1040 1469 1112 1512 τὸν
1141 1472 1344 1526 Καίσαρα
1366 1472 1498 1526 πέρας
1528 1471 1639 1526 εἰλή-

135 1553 186 1581 20
198 1551 306 1593 φασι
322 1570 334 1589 ,
374 1537 447 1578 καί
492 1538 546 1578 δι’
584 1538 723 1585 αἰτίας
759 1537 920 1586 ταύτας
961 1534 983 1578 ὁ
1028 1535 1231 1591 δυσκλεὴς
1272 1538 1425 1585 ἐκεῖνος
1464 1538 1640 1592 συνέστη

197 1600 396 1655 πόλεμος,
435 1605 510 1644 καί
546 1600 623 1656 τὴν
674 1604 798 1645 θείαν
843 1604 1062 1656 ἐπενέγκας
1102 1604 1198 1644 καθ’
1236 1601 1356 1657 ἡμῶν
1398 1604 1557 1656 κίνησιν
1582 1603 1641 1643 δι’

199 1663 278 1709 ὅσα
317 1668 422 1709 κατὰ
464 1666 512 1709 τὸ
553 1665 668 1722 ἱερὸν
705 1668 1010 1722 ἐπισυνέβησαν
1043 1663 1228 1721 ἄθεσμα.
1304 1660 1400 1708 οὔτε
1438 1665 1518 1722 γὰρ
1562 1666 1640 1721 τήν

198 1737 477 1787 προσρυεῖσαν
514 1731 814 1787 Καισάρισσαν
854 1733 1011 1786 α’φιήμι
1039 1734 1116 1773 τοῦ
1142 1730 1421 1786 ἐγκλήματος,
1451 1733 1512 1781 εἰς
1537 1731 1641 1774 ἀτά-

199 1801 338 1840 σθαλα
365 1795 466 1853 ἔργα
509 1797 706 1852 ῥέψασαν
737 1795 811 1838 καὶ
845 1798 1159 1852 διακυκήσασαν
1181 1795 1226 1838 τὸ
1254 1796 1511 1849 πολίτευμα·
1568 1795 1646 1839 καί

295 1900 495 1988 1⁶7.¹719‹3;}³
508 1909 544 1946 ἐς
573 1909 610 1942 Α.
734 1919 782 1954 ¹9·
817 1906 1022 1955 εἰλήφεσαν
1054 1910 1094 1942 Α.
1228 1919 1282 1942 2¹.
1306 1908 1526 1957 ἐπενέγκας]
1555 1909 1639 1944 ἔπι-

289 1964 439 1993 σπασας
499 1980 507 1988 0

199 2057 366 2091 ficatione
406 2057 595 2089 nuntiavit.
629 2067 775 2100 magnus
799 2057 923 2101 itaque
949 2056 1022 2089 dux
1053 2057 1278 2092 Andronicus
1304 2056 1638 2101 Contostephanus,

198 2116 346 2149 maguus
369 2103 616 2137 haeteriarcha
639 2103 816 2136 Iohannes
841 2104 971 2144 Ducas,
1004 2107 1040 2136 et
1070 2104 1133 2136 alii
1157 2104 1378 2148 complures,
1403 2103 1472 2136 viri
1495 2103 1639 2136 nobiles

199 2157 236 2184 et
264 2151 426 2184 maximis
462 2150 580 2183 ornati
612 2149 869 2194 dignitatibus,
912 2150 957 2182 ad
993 2150 1064 2182 iras
1088 2151 1259 2195 utrinque
1283 2149 1550 2194 componendas
1574 2149 1639 2183 ad-

199 2204 292 2231 sunt.
316 2209 358 2230 ae
380 2202 455 2230 tum
495 2196 642 2241 quidem
677 2198 722 2231 ob
747 2202 889 2230 noctem
927 2197 1056 2241 magiS,
1082 2208 1189 2241 quam
1213 2197 1312 2241 quod
1335 2196 1490 2229 invicem
1515 2196 1639 2229 crede-

200 2250 300 2285 rent,
328 2244 373 2276 ab
398 2244 504 2276 armis
531 2243 782 2276 discesserunt.
806 2243 980 2288 postridie
1001 2242 1047 2276 ad
1072 2243 1384 2287 redintegrandam
1402 2254 1558 2287 pugnam
1580 2244 1640 2277 in..

199 2291 312 2331 citati,
340 2301 420 2323 cum
444 2290 554 2322 iidem
577 2290 646 2324 viri
670 2290 800 2323 iterum
828 2290 1008 2330 adessent,
1029 2295 1065 2324 et
1091 2289 1315 2325 Caesarissae
1341 2301 1382 2322 ac
1405 2290 1534 2323 marito
1560 2290 1638 2323 eius

199 2338 307 2371 fidem
331 2336 516 2372 dedissent
537 2335 631 2369 nihil
655 2337 706 2369 eis
728 2337 815 2370 mali
837 2336 1035 2373 timendum
1060 2347 1138 2369 esse
1163 2337 1221 2369 vel
1244 2349 1264 2370 a
1287 2337 1397 2369 fratre
1422 2336 1638 2381 imperatore

199 2385 256 2418 vel
283 2395 302 2416 a
327 2383 473 2416 domina
498 2394 650 2416 noverca
685 2384 743 2416 vel
770 2395 790 2416 a
814 2383 1064 2428 protosebasto
1089 2383 1237 2423 Alexin,
1269 2394 1389 2427 neque
1425 2383 1637 2427 dignitatem

200 2432 252 2464 eis
281 2436 442 2475 ereptum
465 2430 533 2470 iri,
571 2430 622 2462 ita
647 2429 801 2471 demum,
827 2429 910 2462 data
935 2430 1043 2465 etiam
1067 2431 1174 2463 sociis
1197 2434 1235 2462 et
1261 2429 1490 2463 adiutoribus
1514 2441 1638 2465 eorum

199 2478 327 2517 venia,
351 2475 508 2510 secundo
534 2476 672 2521 praelio
700 2477 964 2510 abstinuerunt.
991 2488 1031 2509 ac
1056 2477 1120 2508 alii
1142 2475 1374 2509 iureiurando
1403 2475 1487 2509 dato
1514 2481 1552 2509 et
1573 2486 1637 2520 pa-

201 2523 402 2556 efficatione
428 2529 571 2568 peracta
607 2524 730 2556 statim
755 2523 941 2556 abierunt:
967 2523 1097 2556 Caesar
1126 2534 1210 2556 vero
1239 2528 1275 2555 et
1300 2523 1502 2556 Caesarissa
1526 2526 1636 2561 noctu

199 2570 335 2615 templo
369 2575 598 2603 excesserunt
633 2576 669 2603 et
691 2570 730 2602 in
756 2581 920 2615 maguum
956 2570 1132 2615 palatium
1159 2581 1197 2602 se
1217 2570 1470 2610 contulerunt,
1498 2569 1536 2602 in
1561 2579 1635 2613 quo

200 2621 277 2650 tum
300 2617 532 2660 imperatores
557 2616 746 2661 degebant.

276 2664 326 2698 ,8.
374 2662 477 2695 Hunc
500 2663 662 2696 Caesaris
689 2674 743 2696 res
772 2664 906 2696 exitum
931 2663 1154 2703 habuerunt,
1192 2667 1228 2695 et
1250 2662 1307 2695 his
1330 2661 1374 2694 de
1391 2660 1506 2693 causis
1532 2660 1635 2703 igno-

201 2709 393 2742 miniosum
420 2708 511 2741 inud
538 2709 676 2742 bellum
700 2715 755 2743 est
777 2710 992 2750 conflatum,
1017 2721 1089 2754 quo
1119 2709 1241 2742 divina
1263 2707 1464 2752 indignatio
1487 2711 1634 2750 propter

200 2767 298 2803 merci
325 2753 465 2802 polluta
489 2760 612 2790 contra
635 2767 699 2792 nos
724 2762 900 2793 commota
925 2762 987 2795 est.
1025 2766 1143 2801 neque
1164 2756 1260 2791 enim
1289 2754 1526 2791 Caesarissanx
1548 2763 1633 2799 sup-
