1878 3230
404 197 473 236 DE
512 196 829 238 ANDRomco
878 187 1137 237 commo
1176 196 1272 238 Lm.
1306 197 1360 235 11.
1516 175 1583 241 4ι
1603 194 1621 228 ι

453 349 691 391 ΤΟΙΙῙΟΣ
726 350 766 389 Β
813 348 950 388 ΤΗΣ
980 347 1384 390 ΒΑΣΙΛΕΙΑΣ

325 469 830 519 ΑΝΛΡΟΝῙΚΟΤ
864 469 1011 517 ΤΟΥ
1039 468 1495 519 KOMNHNOT.

311 624 346 651 ι.
408 591 480 648 Τὸ
511 609 558 650 δέ
584 622 632 661 γε
657 605 871 648 Σικελικόν
898 608 1140 660 στράτευμα
1177 608 1301 662 τριχῇ
1333 608 1572 660 διαιρεθέν,
1603 604 1678 651 ὃν.
1697 620 1756 666 167

194 676 272 727 μὲν
297 676 348 732 τῇ
377 675 654 728 Θεσσαλονίκῃ
682 673 932 725 προσέμενε,
958 673 1039 713 τῶν
1071 672 1109 713 δ’
1134 666 1194 713 αὖ
1220 669 1375 727 ἐτέρων
1403 672 1480 713 δύο
1506 674 1665 726 mol-B

158 738 281 783 ὄδων
306 740 331 794 ἧ
359 741 437 793 μὲν
463 737 673 792 εἰσβάλλει
700 737 804 778 κατὰ
834 735 908 786 τάς
935 737 1096 792 Σέρρας
1121 738 1194 778 καί
1223 736 1276 779 τά
1312 739 1446 780 ἐκεῖσε
1491 737 1628 781 πάντα

191 807 443 862 χειροῦσθαι
472 805 543 845 καί
570 805 744 856 πορθεῖν
774 799 971 856 ἔγνωκεν,
1004 801 1031 857 ἧ
1071 804 1119 845 δὲ
1157 802 1215 852 ὥς
1256 801 1327 844 διά
1371 806 1484 851 λείας
1525 802 1629 846 ὁδοῦ

194 871 404 927 φερομένη
439 871 512 911 καί
537 868 698 923 μηδένα
734 866 807 910 τὸν
838 868 899 917 εἷς
930 873 1076 923 χεῖρας
1116 867 1233 910 ι’ὀντα
1270 865 1296 923 ἢ
1336 869 1627 912 α’ντιπίπτοντα

193 935 350 991 ἔχουσα
372 936 433 985 εἰς
453 933 588 990 αὐτὴν
613 933 689 988 τήν
707 932 1004 976 Μοσυνόπολιν
1023 932 1306 988 κατεσκήνωσε
1325 936 1398 975 καί
1422 933 1468 976 τὸ
1491 933 1626 993 κύκλῳ

191 999 431 1058 ὑποχείριον
469 999 606 1044 ἔθετο.
674 999 921 1056 Ἀνδρονίκῳ
971 999 1018 1040 δὲ
1054 997 1103 1040 τὰ
1150 1001 1229 1051 μὲν
1267 1000 1411 1054 πρῶτα
1451 1001 1624 1055 ἐμέλησε
1638 1010 1754 1056 P.2o.5

133 1079 180 1106 ιο
190 1070 350 1109 ’στεῖλαι
377 1067 450 1108 τὸν
477 1062 715 1122 φυλάξοντα
746 1064 821 1120 τήν
842 1064 1107 1117 Ἐπίδαμνον,
1141 1062 1213 1106 καί
1238 1063 1409 1120 άφίκετο
1439 1067 1573 1107 έκεΐσε
1601 1063 1624 1106 ὅ

191 1133 364 1187 Βρανᾶς
386 1130 601 1186 Ἰωάννης·
661 1134 856 1186 βραχεῖαι
890 1131 937 1171 δὲ
971 1129 1147 1184 ἡμέραι,
1184 1131 1256 1171 καί
1291 1128 1330 1171 οἱ
1367 1131 1444 1182 μὲν
1475 1127 1628 1173 Ἰταλοὶ

183 1191 436 1251 Ἐπιδάμνου
462 1198 667 1251 ἐπέβησαν
690 1193 794 1237 «sose
820 1194 966 1250 πτηνοὶ
990 1196 1064 1237 καί
1089 1194 1238 1250 άέριοι,
1263 1197 1416 1251 μικροῦ
1435 1210 1477 1238 τε
1495 1194 1624 1237 θάτε-

190 1278 265 1318 ρον
296 1263 378 1305 τῶν
406 1263 547 1304 ποδῶν
574 1261 800 1317 περιβάδην
841 1260 1092 1310 ἐκτείναντες
1133 1257 1412 1316 ἀπραγμόνως
1449 1260 1502 1303 τὰ
1542 1263 1624 1303 τῶν

189 1328 422 1384 περιβόλων
450 1326 712 1382 ὑπερέβησαν
735 1327 972 1383 κρήδεμνα,
1007 1326 1029 1368 ὅ
1064 1328 1110 1369 δὲ
1137 1327 1309 1383 Βρανιῖς
1343 1329 1402 1377 εἰς
1432 1329 1624 1370 Σικελίαν

131 1391 177 1433 15
191 1394 449 1448 αἰχμάλωτος
476 1395 764 1446 μετατίθεται.
822 1391 963 1435 ἔπειτα
990 1395 1048 1451 τῷ
1076 1394 1232 1435 διέπειν
1261 1393 1431 1447 λαχόντι
1462 1394 1624 1435 Θεσσα-

187 1460 351 1515 λονίκην
381 1460 522 1513 Δαβίδ
557 1459 787 1513 ἐπέστελλε,
816 1461 888 1501 καί
915 1459 1129 1501 ἐπέτελλεν
1158 1459 1434 1515 ἐπαγρυπνεῖν
1463 1459 1514 1515 τῇ
1551 1460 1626 1514 τῆς

187 1522 347 1574 πόλεως
375 1526 543 1581 φυλακῇ
569 1526 641 1566 καὶ
665 1525 763 1579 μηδ’
795 1519 902 1574 ὅλως
933 1525 1116 1566 δεδιέναι
1156 1524 1254 1573 τούς
1290 1517 1626 1580 πεδιλορράφους

188 1591 428 1643 Λατίνους,
458 1591 595 1632 πνδᾶν
627 1591 674 1632 δὲ
702 1592 774 1632 καί
800 1590 965 1632 δάκνειν
990 1591 1063 1632 καί
1090 1595 1267 1643 κεντεῖν,
1299 1592 1353 1632 ἵν’
1385 1589 1514 1639 αὐτάς
1550 1589 1625 1639 τὰς

280 1723 311 1757 7.
338 1711 546 1759 duantum]
575 1711 856 1758 ἀνθιστάμενον
883 1713 920 1747 Δ.
1057 1716 1088 1749 8.
1114 1711 1413 1759 μωσυνούπολιν
1433 1713 1472 1745 A.
1572 1712 1624 1746 15.

278 1757 533 1812 μετατίθεται]
561 1758 811 1800 α’πενήνεκται
838 1760 877 1792 A.
1043 1758 1166 1805 emm]
1191 1757 1262 1801 τὴν
1287 1762 1395 1792 θεσσ.
1422 1759 1460 1791 Α.
1574 1769 1623 1803 ¹7·

280 1815 369 1843 τους
391 1805 435 1839 τά
463 1803 571 1842 στενὰ
599 1806 804 1841 σκαλπέτια
827 1805 1043 1852 φοροῦντας
1065 1806 1101 1838 Β.

747 1928 1061 1962 IMPERII

340 2018 933 2061 ANDRONICI
1003 2017 1472 2061 COMNENI

609 2122 806 2162 LIBER
843 2121 1193 2162 SECUNDUS.

305 2262 332 2284 ι.
379 2222 487 2284 Hoc
513 2252 613 2285 urbis
653 2253 888 2297 imperatricis
927 2257 1024 2286 statu
1050 2253 1249 2286 Siciliensis
1283 2255 1461 2287 exercitus
1485 2255 1524 2288 in
1549 2261 1622 2290 tres

185 2301 304 2342 partes
329 2302 385 2330 est
411 2297 564 2340 divisus,
586 2309 737 2344 quarum
769 2310 841 2332 una
867 2298 1147 2333 Thessalonicae
1169 2300 1312 2340 mansit,
1338 2301 1452 2333 altera
1478 2302 1517 2334 in
1540 2302 1621 2335 Ser-

187 2354 311 2376 ranum
335 2355 458 2387 agrum
483 2346 750 2390 impressionem
766 2347 854 2379 fecit
881 2351 922 2379 ut
942 2346 1023 2379 loca
1046 2347 1110 2379 illa
1136 2347 1257 2379 omnia
1279 2352 1459 2380 vastatura
1475 2353 1513 2381 et
1535 2348 1623 2381 suh-

186 2394 327 2430 actura,
349 2392 455 2424 tertia
482 2393 584 2436 quasi
611 2393 719 2437 plana
741 2394 798 2426 via
825 2393 1000 2438 processit
1015 2418 1025 2433 ‚
1050 2404 1170 2438 neque
1194 2393 1270 2425 ullo
1294 2393 1398 2427 hoste
1425 2400 1623 2439 apparente

187 2434 234 2467 ad
259 2436 371 2480 ipsam
405 2438 670 2483 Mosynopolim
711 2440 869 2473 tentoria
905 2439 984 2472 fixit
1021 2445 1058 2472 et
1081 2440 1370 2473 circumiacentia
1398 2441 1477 2474 loca
1501 2442 1624 2474 omnia

187 2481 338 2526 subegit.
363 2483 565 2518 Andronico
589 2497 672 2518 vero
696 2486 874 2531 principio
899 2497 1004 2518 curae
1029 2486 1100 2519 fuit
1125 2486 1345 2531 praesidium
1366 2489 1511 2521 mittere
1536 2488 1624 2532 Epi-

189 2527 367 2565 damnum.
406 2531 469 2563 sed
495 2533 618 2575 paucis
663 2533 791 2565 diebus
816 2538 898 2576 post
922 2544 1028 2577 quam
1063 2534 1192 2566 Branas
1216 2533 1394 2567 Iohannes
1424 2545 1467 2566 eo
1496 2544 1622 2578 perve-

186 2574 318 2615 nisset,
342 2575 426 2608 Itali
458 2578 572 2611 veluti
607 2579 731 2613 volatu
755 2590 822 2623 per
853 2583 972 2612 aerem
999 2579 1138 2612 advecti
1165 2580 1253 2613 citra
1271 2580 1432 2613 laborem
1457 2585 1493 2612 et
1517 2579 1619 2623 quasi

185 2631 250 2665 per
274 2621 389 2653 otium
411 2625 592 2657 moenium
618 2626 814 2670 pinnacula
839 2626 1148 2658 transcenderunt,
1190 2626 1369 2659 Iohannes
1398 2628 1530 2659 Branas
1556 2636 1619 2656 ca-

184 2667 304 2711 ptivus
328 2667 366 2699 in
380 2667 538 2702 Siciliam
555 2677 609 2704 est
632 2671 818 2705 abductus.
844 2671 976 2705 deinde
1001 2672 1280 2705 Thessalonicae
1305 2672 1463 2716 praesidi
1486 2670 1618 2704 Davidi

184 2724 249 2757 per
273 2713 412 2746 litteras
446 2716 628 2750 mandavit
666 2723 706 2751 ut
729 2718 828 2751 urbis
859 2719 1044 2752 custodiae
1071 2719 1230 2752 intentus
1256 2724 1366 2758 esset,
1391 2729 1458 2750 nec
1481 2717 1617 2749 calcea-

185 2759 256 2794 rio·
281 2759 426 2795 Latinos
460 2762 651 2809 quicquam
675 2764 903 2806 formidaret,
927 2770 1039 2810 utque
1067 2765 1234 2806 saltaret,
1260 2764 1440 2799 morderet
1463 2768 1500 2797 et
1521 2773 1615 2808 pun-
