1838 3210
250 151 315 204 72
379 167 381 170 ·
664 147 891 190 NICETAE
939 145 1250 187 CHONIA'I'AE

183 284 187 288 .
243 246 401 302 πατρὸς
454 247 646 290 ’Ἰωάννου
691 242 1103 300 φιλοκινδυνότερος,
1160 244 1211 284 ου’
1212 261 1239 298 χ
1288 243 1428 300 ᾑρεῖτο
1479 245 1672 296 γενέσθαι

241 316 569 368 παλίνστροφος,
600 310 688 350 οὐδ’
733 307 919 351 ἐπείθετό
951 308 987 350 οἱ
1014 316 1097 359 τοῖς
1127 308 1461 362 συμβουλεύουσι
1488 309 1672 362 μνησθῆ-

241 395 310 420 ναι
353 379 426 418 καί
465 376 612 418 νόστου
656 375 779 426 ποτέ,
822 372 972 427 μήπως
1009 372 1301 422 ἑπισυστάντες
1339 373 1377 414 οἱ
1417 375 1587 427 Πέρσαι
1616 371 1673 419 ὥς

240 439 323 497 ἤδη
352 440 551 496 περὶτῶν
582 435 688 480 ὅλων
705 436 1055 492 ἀπογινώσκοντες
1081 442 1215 488 κακῶς
1242 440 1288 481 τὸ
1311 442 1400 481 κατ’
1428 435 1552 480 αὐτὸν
1582 434 1671 477 ‹5212-

242 511 398 548 θωνται
439 502 694 559 στράτευμα.
763 506 909 558 α’μέλει
952 504 1024 546 καί
1052 504 1096 546 τὸ
1138 504 1357 560 πρόθυμον
1397 504 1604 550 ἐπιτείνας
1629 502 1708 549 ἐς5

242 569 344 612 αὐτὸ
370 569 416 612 τὸ
442 569 610 612 Ἰκόνιον
637 564 804 623 ἤλασεν.
863 569 991 619 αὐτὸς
1019 572 1096 622 μὲν
1125 565 1200 612 οὖν
1229 570 1250 611 ὃ
1281 568 1465 611 Μασοὺτ
1491 582 1695 620 μεταναωμ

241 633 417 683 στεύσας
450 637 610 676 ἐκεῖθεν
636 637 917 689 παρενέβαλεν
944 635 1002 683 εἷς
1028 635 1078 677 τὰ
1111 634 1280 689 Τάξαρα
1297 666 1308 688 ,
1339 631 1365 676 ἅ
1394 636 1506 676 ἐστιν
1534 633 1559 686 ἡ
1591 629 1672 672 πᾶ-

242 706 311 743 λαι
339 702 532 754 λεγομένη
565 698 809 741 Κολώνεια·
878 701 959 742 τῶν
987 702 1033 741 ὸὲ
1055 702 1298 756 θυγατέρων
1327 696 1460 740 αὐτοῦ
1487 700 1564 750 μία
1591 699 1675 739 τῶν

204 767 389 820 Βτειχῶν
415 762 578 806 ἄνωθεν
620 766 950 817 διεκκύπτουσα,
979 763 1067 819 ἥτις
1103 764 1175 806 καί
1209 766 1484 822 συνῳκηκέναι
1514 764 1674 816 ἐλέγετο

239 833 296 888 τῷ
325 831 539 887 ἐξαδέλφῳ
564 832 639 871 τοῦ
667 831 872 883 βασιλέως
900 828 1062 885 Ἰωάννῃ
1087 833 1146 886 τῷ
1167 832 1384 886 Κομνηνῷ,
1419 827 1465 870 ὃν
1495 827 1516 869 ὅ
1547 830 1672 879 σεβα-
1690 848 1735 873 10

240 895 479 951 στοκράτωρ
501 897 678 949 ἐγείνατο
698 892 914 945 Ἰσαὰκιος,
941 893 1046 935 κατὰ
1072 896 1119 935 δὲ
1145 894 1422 949 μικρολυηίαν
1451 894 1525 934 τοῦ
1551 894 1673 933 θείου

239 964 311 1004 καί
338 962 544 1014 βασιλέως
583 956 779 1003 Ἰωάννου
827 961 903 1000 τοῦ
931 961 1159 1013 Κομνηνοῧ
1188 955 1376 1014 ἀποδράς
1405 961 1464 1015 τῷ
1491 956 1673 999 Μασούτ

239 1024 476 1082 προσερρύη
493 1057 505 1079 ,
534 1026 641 1079 ὑπὲρ
670 1027 744 1066 τοῦ
773 1023 929 1079 πατρὸς
955 1026 1027 1066 καί
1052 1023 1280 1066 σουλτάνου
1309 1023 1490 1065 πιθανὸν
1517 1023 1672 1064 ἐτίθετο

238 1093 309 1135 τὸν
337 1090 555 1145 ἀπόλογον.
612 1088 813 1144 βασιλευς
841 1091 887 1131 δὲ
915 1090 1048 1143 ἀγχοῦ
1073 1092 1155 1131 τῶν
1180 1087 1411 1144 περιβόλων
1437 1090 1512 1129 τοῦ
1533 1088 1673 1130 Ἰκονί-

242 1174 290 1199 ου
319 1158 537 1212 γενόμενος
565 1155 638 1197 καί
655 1155 704 1197 τοὶ
733 1157 852 1210 τείχη
882 1157 941 1212 τῷ
956 1158 1118 1211 στρατῷ
1139 1153 1366 1206 διαζώσας,
1392 1151 1491 1204 τόξα
1519 1168 1566 1194 τε
1591 1154 1671 1195 τεί-
1690 1161 1735 1199 15

241 1239 324 1265 νειν
353 1223 425 1263 ἐπὶ
445 1222 520 1271 τοὶς
549 1223 738 1272 ἐπάλξεις
766 1223 817 1276 τῇ
843 1222 1008 1276 νεολαίᾳ
1033 1218 1178 1270 ἐνδοὺς
1202 1222 1274 1261 καί
1302 1225 1385 1267 τοῖς
1416 1219 1676 1272 νεκροὸόχοις

240 1288 422 1343 σήμασιν
464 1288 695 1342 ἐνυβρίζειν
735 1284 794 1340 μὴ
831 1287 1086 1340 συγχωρῶν,
1118 1282 1251 1334 οὕτως
1278 1287 1436 1326 ἐκεῖθεν
1462 1281 1583 1336 μόλις
1610 1286 1674 1333 ἐξ·

241 1353 411 1408 ω’ρμησε
450 1353 523 1394 καί
545 1354 784 1404 παλιζιιπους
811 1352 993 1406 ἐφέρετο.
1066 1352 1109 1391 ὲν
1139 1351 1185 1392 δὲ
1212 1352 1263 1406 τῇ
1303 1350 1484 1405 οἷπάρσει
1521 1350 1675 1403 λόχους

238 1418 587 1460 ὑποκαθισοξντων
618 1417 702 1458 τῶν
742 1417 951 1469 πολεμίων
991 1417 1063 1456 καί
1087 1414 1138 1457 τὰ
1167 1416 1395 1471 ἀμφιλαφῆ
1409 1417 1548 1471 χωρία
1572 1428 1674 1468 προ-

199 1482 466 1539 Εειληφότων
523 1481 695 1534 μείζους
751 1483 835 1523 τῶν
886 1481 1097 1536 προτέρων
1150 1477 1438 1536 ἀνερράγησαν
1488 1481 1738 1534 namnet-20

238 1549 471 1603 ἐναγωνίως
520 1549 567 1588 δὲ
594 1549 668 1589 καί
700 1545 859 1589 τούτων
894 1548 1155 1606 διῳκημένων
1191 1547 1233 1595 ἐς
1261 1545 1336 1601 τὴν
1365 1544 1674 1599 βασιλεύουσαν

237 1613 359 1658 πόλιν
388 1614 614 1664 α’νέζευξεν.
891 1668 895 1669 ⁷

340 1677 543 1733 Ἠγάγετο
591 1680 638 1719 δὲ
682 1683 859 1733 γυναῖκα
901 1677 921 1720 ὅ
951 1676 1149 1732 βασιλεὺς
1185 1672 1305 1726 οὗτος
1331 1678 1375 1728 ἐξ
1402 1679 1673 1730 Ἀλαμανῶν,

330 1776 363 1808 9.
392 1767 631 1804 συνωκηκυῖα
655 1758 699 1804 ἢν
722 1764 762 1797 A.
862 1774 912 1796 10.
937 1763 1100 1797 ἰωάννου
1124 1763 1163 1794 A.
1250 1763 1301 1796 13.
1324 1759 1484 1795 σουλτάν
1507 1762 1546 1793 Α.
1625 1761 1675 1794 16.

330 1811 396 1842 καῖ
418 1814 495 1846 τοῖς
524 1809 639 1856 vexo.)
668 1811 731 1843 καὶ
766 1802 855 1846 τοῦς
895 1808 1040 1854 τάφους
1075 1809 1149 1842 τῶν
1185 1810 1331 1853 νεκρῶν
1378 1806 1563 1853 σωμάτων
1596 1806 1678 1846 ἐξα-

329 1856 595 1897 νασκοὶψανῐες
634 1856 668 1887 Β.
792 1867 840 1900 ¹7·
875 1854 991 1892 οὕτως
1025 1856 1171 1889 ἐκεῖθεν
1196 1865 1254 1887 om
1283 1854 1323 1887 A.
1458 1856 1507 1889 18.
1542 1853 1677 1897 λόχους

330 1901 673 1948 ὕποκαθισοὶντων]
707 1903 761 1940 εἰς
795 1901 1020 1946 κλεισούρας
1062 1903 1126 1934 καὶ
1163 1901 1326 1946 λόγγους
1365 1900 1606 1936 καθισάντων
1642 1900 1678 1932 Β.

332 1960 385 1983 20.
410 1947 623 1994 ἐρράγησαν
645 1948 684 1980 A.
778 1958 833 1980 21.
860 1947 1158 1994 διωκομένωνΑ..

240 2023 361 2059 tendis
400 2033 480 2054 acer
512 2027 621 2067 atque
660 2021 777 2053 audax
803 2027 838 2053 et
871 2027 972 2065 patre
998 2020 1158 2053 Iohanne
1193 2020 1401 2052 bellicosior
1434 2018 1599 2052 hostibus
1622 2018 1676 2050 vi-

241 2069 406 2108 deretur,
438 2068 605 2100 recedere
628 2068 765 2108 noluit3
793 2078 911 2111 neque
936 2068 1055 2111 paruit
1082 2067 1125 2099 iis
1153 2067 1215 2110 qui
1241 2066 1437 2098 monebant
1463 2070 1504 2097 ut
1530 2064 1675 2098 tandem

241 2116 386 2149 domum
419 2119 677 2154 reverteretur,
706 2125 752 2147 ne
785 2114 909 2145 Persae
936 2124 980 2145 ex
1004 2112 1255 2157 desperatione
1282 2112 1407 2144 salutis
1430 2112 1677 2156 conspirantes

242 2162 437 2196 exercitum
472 2160 549 2192 eius
588 2160 682 2192 male
720 2164 924 2194 tractarent.
962 2159 1027 2191 sed
1063 2164 1165 2191 aucta
1189 2159 1309 2203 potius
1351 2158 1535 2190 alacritate
1558 2157 1676 2202 ipsum

240 2208 403 2241 Iconium
438 2206 554 2251 petiit.
582 2205 677 2238 unde
705 2207 867 2241 Masutus
905 2205 1081 2249 digressus
1108 2205 1254 2237 Taxaris
1278 2210 1391 2237 castra
1415 2204 1557 2248 posuit,
1582 2210 1675 2247 quae

242 2255 330 2287 olim
371 2252 522 2286 Colonia
562 2251 765 2285 vocabatur.
800 2263 871 2284 una
904 2262 987 2284 vero
1015 2263 1057 2284 ex
1092 2251 1236 2283 filiabus
1263 2252 1360 2291 eius,
1394 2261 1486 2295 quae
1520 2248 1674 2283 Iohanni

243 2300 425 2334 Comneno
460 2299 587 2332 Isaacii
629 2298 922 2332 sebastocratoris
954 2298 1051 2338 filio,
1092 2298 1317 2342 imperatoris
1349 2297 1524 2341 patrueli,
1561 2301 1674 2340 nupta

243 2358 321 2380 esse
354 2345 555 2384 ferebatur,
597 2345 660 2389 qui
688 2355 731 2377 ex
757 2345 828 2378 levi
853 2346 988 2376 offensa
1013 2356 1033 2376 a
1056 2349 1184 2388 patruo
1211 2349 1247 2377 et
1270 2344 1486 2388 imperatore
1513 2341 1674 2375 Iohanne

242 2393 288 2426 ad
313 2394 494 2426 Masutum
532 2391 730 2432 defecerat,
765 2402 784 2423 e
810 2390 999 2423 moenibus
1023 2396 1253 2435 prospectans
1281 2391 1320 2422 in
1344 2389 1591 2422 defensionem
1609 2399 1675 2432 pa-

242 2440 307 2473 tris
343 2439 484 2472 Sultani
522 2438 720 2470 orationem
755 2437 854 2469 haud
878 2437 1037 2480 ineptam
1071 2436 1210 2469 habuit.
1246 2442 1283 2469 at
1319 2437 1513 2484 imperator
1538 2434 1603 2478 ubi
1627 2434 1675 2467 ad

242 2485 358 2519 Iconii
381 2485 523 2520 moenia
550 2485 741 2524 successit,
762 2494 876 2530 eaque
900 2483 1056 2515 exercitu
1081 2482 1328 2522 circumdedit,
1354 2488 1390 2515 et
1414 2482 1593 2514 iuventuti
1619 2492 1676 2513 ar-

243 2544 304 2566 cus
331 2537 454 2564 contra
490 2530 758 2575 propugnacula
784 2529 971 2565 intendere
1001 2529 1194 2569 concessit,
1224 2528 1407 2573 prohibita
1431 2527 1675 2572 sepulcrorum

241 2578 462 2617 violatione,
495 2578 555 2610 vix
590 2577 675 2612 inde
700 2576 872 2609 discessit.
911 2575 974 2610 sed
999 2576 1084 2619 quia
1106 2575 1144 2607 in
1170 2575 1326 2607 discessu
1350 2574 1469 2607 hostes
1495 2573 1674 2617 angustias

243 2624 387 2661 insidiis
409 2629 641 2669 occuparant,
666 2634 806 2667 pugnae
842 2622 1086 2666 superioribus
1114 2622 1264 2654 maiores
1294 2625 1512 2665 eruperunt3
1543 2620 1675 2664 quibus

244 2682 318 2706 non
341 2671 418 2704 sine
444 2669 649 2705 discrimine
671 2669 858 2709 confectis,
885 2669 921 2701 in
945 2668 1069 2700 urbem
1095 2669 1356 2712 imperatricem
1382 2666 1500 2698 rediit.

339 2719 491 2751 Uxorem
518 2715 616 2749 ducit
641 2716 891 2756 Alamannam,
932 2726 973 2748 ex
999 2715 1129 2748 illustri
1149 2714 1350 2759 principum
1374 2713 1509 2746 familia
1537 2717 1671 2753 natam5
