1878 3230
308 218 420 293 370
718 230 945 275 moeni:
980 230 1290 274 cuomAm:

237 364 247 368 -
304 337 350 378 ἐκ
376 333 527 387 ταύτης
564 332 692 374 καλοῦ
729 331 1150 385 περιδραττομένους,
1189 327 1263 383 τήν
1300 326 1419 383 ἱερὰν
1453 327 1572 383 ἕρέαν
1607 328 1729 379 ἐνδύς

303 399 377 442 καί
403 396 481 440 ἀνά
505 402 652 451 χεῖρας
678 394 730 438 τά
757 399 854 437 θεῖα
883 393 1104 448 δεξάμενος
1128 393 1249 448 λόγια
1277 394 1458 436 ἕπεσθαί
1479 391 1516 435 οἱ
1533 393 1630 445 τούς
1656 397 1729 447 ζα-

303 462 453 518 κόρους
479 461 635 504 κελεύει
660 460 734 503 καὶ
756 459 801 503 τό
831 458 977 503 λοιπὸν
1005 461 1077 514 τῆς
1105 458 1261 508 πόλεως
1290 458 1510 514 πλήρωμα,
1542 455 1597 508 ὥς
1624 463 1731 515 μηδὲ

301 533 498 582 γυναῖκας
529 523 557 582 ἢ
586 524 815 582 νηπιάχους
841 526 1148 582 ἀπολειφθῆναι
1174 525 1248 579 τῆς
1274 522 1540 578 ἐξελεύσεως,
1576 523 1732 574 Υπάντας

300 591 632 648 γυμνητεύοντας
672 588 801 633 ὅπλου
831 589 999 644 παντός,
1045 591 1221 639 κλάδους
1257 587 1487 644 ἱκετηριόυς
1521 591 1767 644 σειόντας,5

301 658 534 714 άκαλυφεῖς
561 657 636 712 τήν
660 656 815 712 κάραν,
844 651 1281 711 ἆκρηπιδιότουςντούς
1305 653 1458 707 πόδας,
1486 652 1560 703 τάς
1584 660 1732 709 χεῖρας
1791 672 1794 674 ·

300 724 547 776 λελυμένους
575 724 658 764 τῶν
680 721 881 775 ἱματίων,
909 720 1018 762 κατά
1048 722 1180 776 μηδὲν
1207 717 1277 760 τὸν
1303 718 1361 768 ὥς
1387 719 1554 774 ‹ian-9054-
1579 718 1733 762 ἱκέσιον

299 789 609 841 ψευδομένους,
647 783 753 829 ἀλλὰ
797 789 870 829 καί
897 786 1107 840 σχήμασιν
1145 786 1334 834 ἐλεεινοῖς
1381 784 1454 827 καί
1491 782 1733 842 ὖφειμένοις

262 854 540 909 ῦφθέγμασιν
570 853 881 905 ἑπισπωμένους
907 849 981 893 τόν
1016 847 1305 903 οἰκτιζόμενον.
1359 848 1432 892 καὶ
1458 848 1495 892 οἱ
1522 851 1600 904 μὲν
1620 848 1731 893 οὕτω

166 926 206 961 V.
226 921 371 973 ι5ιτῆς
398 917 556 967 πόλεως
591 914 873 971 ἐξεχύθησαν,
914 914 938 957 ὅ
968 913 1168 968 βασιλεύς
1212 915 1248 956 δ’
1275 913 1540 971 Ἀνδρόνικος
1569 916 1626 973 τῷ
1661 916 1731 971 τῆς
1747 938 1794 965 10

298 983 403 1032 θέας
429 984 588 1040 α’έλπτῳ
611 983 885 1036 καταπλαγείς
910 980 1106 1028 πολλάκις
1129 977 1226 1028 τούς
1253 979 1502 1035 ὀφθαλμούς
1525 981 1583 1029 εἰς
1611 981 1732 1037 α’κρι-

297 1051 353 1102 βῆ
389 1050 472 1090 τῶν
509 1049 733 1100 θεωμένων
771 1043 1010 1088 διεσάλευεν
1051 1042 1221 1101 ὅρασιν·
1278 1045 1461 1099 ἀτεχνῶς
1499 1046 1580 1100 γὰρ
1625 1039 1728 1101 ’ὄναρ

297 1111 432 1155 ἐδόκει
459 1114 626 1166 βλέπειν
652 1110 706 1154 τὰ
736 1110 831 1154 τότε
859 1109 1100 1164 τελούμενα.
1160 1112 1253 1153 ἐπεὶ
1272 1112 1318 1153 δὲ
1350 1111 1487 1165 ἀληθῆ
1527 1109 1602 1166 τὴν
1631 1106 1732 1164 ὄψιν

292 1181 369 1231 ικαί
394 1177 497 1233 πρὸς
522 1179 653 1232 μηδὲν
671 1178 892 1218 πλανῶσαν
919 1173 1005 1230 εἶχε
1029 1176 1300 1230 καταμαθών,
1329 1173 1376 1218 τὸ
1406 1182 1492 1225 τοῖς
1509 1178 1730 1229 βασιλεῦσι

297 1245 500 1299 προσῆκον
527 1243 766 1297 ἐλευθέριον
795 1239 993 1297 φρόνημα
1019 1240 1094 1283 καί
1119 1239 1164 1283 τό
1196 1243 1270 1296 τῆς
1296 1239 1460 1296 γνώμης
1492 1239 1727 1296 α’καπήλευ-
1746 1245 1794 1288 ι5

296 1323 366 1352 τον
392 1305 693 1364 παρωσάμενος
719 1305 968 1348 ὑπονοθεύει
996 1304 1069 1348 τόν
1096 1304 1228 1359 ἔλεον,
1256 1308 1329 1349 καί
1361 1306 1437 1362 τὴν
1467 1309 1634 1362 λεοντῆν
1656 1307 1730 1350 οὐκ

298 1372 407 1428 ἔχων
433 1375 490 1430 τῷ
524 1375 628 1422 τέως
662 1370 962 1414 ἀνακαλύπτειν
997 1370 1072 1426 τὴν
1111 1371 1327 1427 ἀλωπεκῆν
1354 1369 1601 1415 ὑποδύεται.
1657 1375 1732 1415 καὶ

298 1442 436 1481 τοίνυν
464 1437 515 1478 ού
541 1434 668 1490 μόνον
692 1436 765 1478 τὸν
791 1436 979 1490 ἁσμένως
1003 1436 1338 1492 προσδεχόμενον
1363 1437 1594 1491 πλάττεται,
1622 1437 1728 1479 cm&

254 1516 286 1548 D
297 1505 452 1559 μικροῦ
481 1502 551 1544 καί
581 1501 772 1557 κατήχθη
801 1501 905 1557 πρὸς
933 1501 1109 1557 δάκρυα,
1136 1503 1259 1546 τοῦτο
1289 1501 1338 1558 δὴ
1369 1500 1413 1544 τὸ
1443 1501 1619 1558 ἀρχαῖον
1634 1504 1729 1546 Ἀν-

298 1568 471 1626 δρονίκῳ
497 1569 568 1622 τῆς
594 1565 794 1622 ἀληθείας
821 1568 1081 1620 συσκίασμα,
1109 1569 1191 1609 τῶν
1217 1569 1289 1621 τῆς
1327 1570 1471 1622 ψυχῆς
1499 1567 1729 1623 κινημάτων
1741 1585 1798 1613 20

297 1637 582 1689 προσκίασμα.
636 1631 744 1686 πλὴν
774 1632 847 1673 οὐκ
874 1633 944 1673 ε’πί
972 1631 1077 1674 πολύ
1116 1632 1161 1674 τὸ
1203 1633 1345 1688 δρᾶμα
1381 1631 1731 1688 ύποκρινάμενος,

300 1697 407 1742 ἀλλὰ
434 1695 540 1752 μετὰ
582 1695 730 1753 καιρόν
766 1696 927 1747 οἷποδὺς
962 1697 1020 1747 ὥς
1060 1695 1189 1753 ῥάκια
1228 1695 1280 1740 τοὶ
1327 1696 1468 1740 ἁπαλά
1511 1699 1583 1741 καὶ
1621 1699 1729 1755 ὑπὲρ

395 1814 424 1838 ι.
453 1799 518 1846 τὴν
543 1797 661 1849 ἴεράν]
684 1798 750 1844 τὴν
774 1799 1035 1849 ἀρχιερατικὴν
1056 1798 1186 1845 στολὴν
1198 1801 1365 1841 ludu-9629
1392 1804 1454 1837 καὶ
1476 1797 1517 1838 τό
1540 1805 1646 1840 θεῖον
1668 1790 1737 1838 καὶ

392 1847 504 1896 ἅγιον
530 1847 745 1895 εὐαγγέλιον
768 1851 821 1887 εἰς
838 1855 969 1895 χεῖρας
991 1844 1115 1893 λαβὼν
1147 1849 1363 1886 ἀκολουθεῖν
1386 1852 1612 1895 προσέταξεν
1634 1849 1733 1896 αὐτῷ

390 1894 477 1934 τούς
501 1906 539 1929 τε
564 1893 759 1932 διακόνους
781 1898 845 1929 καὶ
871 1891 1062 1942 κληρικοῦς
1095 1893 1263 1934 ἅπαντας
1291 1896 1326 1928 Β.
1407 1897 1440 1940 4.
1463 1896 1599 1935 πάντες
1621 1895 1733 1932 ἀσκέ-

390 1951 531 1977 παστοι
553 1944 617 1975 καὶ
640 1939 873 1982 ἇνυπόδετοι,
899 1942 1087 1988 δεδεμένοι
1107 1939 1173 1980 τὰς
1202 1948 1351 1988 χεῖρας,
1378 1941 1535 1981 κλάδους
1556 1944 1620 1976 καὶ
1643 1942 1733 1987 βαΐα

391 1990 626 2033 κατέχοντες,
660 1990 724 2020 καὶ
757 1989 1044 2033 παρακλητικαῖς
1064 1995 1225 2042 ἱφωναῖς
1258 1989 1421 2026 ἐλεεινοῖς
1443 1988 1732 2044 ἆνακράζοντεςς,

395 2033 611 2113 αἰδολιξμενοι
638 2031 887 2079 αὐτομολῆσαι
908 2031 1015 2081 ’πρὸς
1036 2047 1101 2071 τον
1127 2033 1360 2082 ’ἀνδρόνικον
1382 2035 1439 2070 Β..
1511 2045 1567 2072 20.
1594 2036 1667 2084 τῆς]
1690 2047 1732 2071 το

391 2092 461 2123 της,
506 2104 516 2116 .

301 2192 438 2216 manus.
461 2181 613 2226 sumptis
628 2206 638 2222 ‚
662 2181 865 2215 sacerdotes
900 2186 937 2215 et
961 2192 1102 2215 omnem
1125 2181 1298 2216 urbanam
1322 2180 1589 2215 multitudinem
1615 2192 1652 2215 se
1675 2191 1734 2216 so-

301 2229 366 2273 qui
389 2228 516 2268 iussit,
540 2238 587 2260 ne
611 2228 824 2260 mulieribus
842 2228 987 2272 quidem
1016 2234 1053 2261 et
1066 2229 1186 2273 pueris
1211 2229 1379 2272 exceptis'‚
1404 2228 1480 2260 sine
1503 2228 1588 2261 ullis
1611 2229 1730 2270 armis,

302 2273 481 2319 supplices
506 2272 650 2306 frondes
675 2274 840 2306 manibus
860 2279 1050 2317 gestantes,
1076 2275 1208 2319 apertis
1228 2274 1425 2319 capitibus,
1446 2273 1552 2306 nudis
1576 2274 1732 2319 pedibus

303 2325 342 2354 et
357 2319 533 2359 manibus,
550 2319 651 2351 nullo
666 2330 748 2352 vere
763 2320 962 2364 supplicum
980 2320 1177 2353 miserabili
1192 2326 1290 2364 gestu
1304 2320 1565 2365 praetermisso,
1579 2320 1733 2354 submis-

304 2377 341 2399 sa
369 2376 455 2398 voce
491 2365 770 2398 misericordiam
796 2366 1007 2409 flagitantes.
1046 2367 1109 2411 qui
1134 2377 1212 2399 cum
1238 2366 1305 2398 hoc
1327 2365 1434 2398 modo
1455 2365 1545 2398 urbe
1571 2366 1732 2400 effunde-

305 2416 446 2451 rentur,
476 2410 697 2444 Andronicus
723 2412 917 2455 imperator
943 2412 1186 2457 inexspectato
1223 2411 1426 2456 spectaculo
1449 2412 1621 2445 attonitus
1645 2413 1734 2446 sub-

305 2457 391 2491 inde
412 2456 483 2490 huc
511 2461 619 2501 atque
645 2457 733 2490 illuc
758 2458 905 2490 deflexit
931 2458 1072 2497 oculos,
1098 2463 1138 2491 ut
1173 2459 1302 2491 certius
1326 2458 1543 2502 perspiceret
1565 2458 1654 2504 quid
1677 2459 1729 2492 rei

306 2508 421 2537 esset:
446 2514 527 2535 nam
559 2503 666 2547 plane
693 2504 869 2536 somnium
904 2503 1025 2536 videre
1048 2504 1119 2537 sibi
1145 2503 1345 2537 videbatur.
1373 2505 1434 2536 ubi
1458 2515 1541 2537 vero
1569 2505 1730 2538 animad-

304 2550 414 2583 vertit
436 2559 473 2582 se
497 2548 632 2593 absque
658 2559 775 2582 errore
804 2560 876 2581 rem
899 2559 1017 2582 veram
1043 2560 1211 2591 cernere,
1239 2550 1425 2595 repudiata
1448 2551 1667 2584 liberalitate
1693 2555 1731 2585 et

305 2595 460 2630 candore
496 2594 604 2638 digno
633 2594 774 2639 regibus
812 2595 1038 2629 clementiam
1066 2595 1263 2638 adulterat3
1289 2602 1325 2629 et
1348 2597 1433 2641 quia
1460 2597 1591 2641 pellem
1612 2596 1730 2629 leoni·
1765 2633 1768 2635 ,

305 2654 386 2676 nam
423 2646 498 2674 tum
523 2641 683 2686 proferre
706 2640 803 2673 haud
830 2641 980 2682 licebat,
1017 2642 1199 2686 vulpinam
1225 2642 1364 2682 induit,
1390 2653 1501 2687 seque
1524 2653 1597 2675 non
1619 2642 1728 2675 modo

305 2689 462 2721 libenter
485 2688 640 2732 recipere
667 2688 844 2732 supplices
869 2688 992 2731 fingit,
1024 2687 1087 2722 sed
1113 2689 1173 2722 vix
1196 2699 1216 2721 a
1239 2689 1393 2723 lacrimis
1418 2693 1610 2732 temperat,
1671 2688 1727 2721 ui—

304 2734 373 2769 bus
402 2734 471 2766 iam
497 2733 583 2766 olim
609 2733 796 2766 veritatem
832 2734 1013 2766 involvere
1046 2739 1155 2779 atque
1191 2735 1346 2768 animum
1375 2745 1475 2768 suum
1503 2733 1649 2767 dissimu
1667 2745 1727 2767 are

305 2784 548 2816 consueverat.
588 2780 767 2815 enimvero
803 2779 924 2814 fabula
949 2780 1012 2814 illa
1050 2792 1123 2815 non
1150 2780 1212 2815 diu
1239 2787 1336 2823 acta,
1363 2781 1547 2826 aliquanto
1572 2785 1653 2826 post
1678 2780 1727 2814 si-
