1838 3210
255 201 271 234 1
286 181 357 246 4ο
656 195 884 238 NlcETAE
923 193 1234 236 cuomATAE

245 297 356 353 ζήτει
383 298 453 340 τὸν
483 297 687 351 δραπέτην
710 290 981 346 Ἀνδρόνικον.
1018 292 1116 333 οὐδὲ
1137 290 1180 333 αἱ
1216 288 1400 347 ἄμφοδοι
1433 287 1539 347 ἦσαν
1557 286 1677 336 α’δια-

245 361 467 417 σκόπητοι,
501 361 593 401 οὐδ’
622 355 857 412 οἶφύλακτοι
900 356 943 399 αἱ
971 359 1139 410 τριόδοι.
1207 356 1343 410 συχνὰ
1385 360 1431 400 δὲ
1473 360 1544 400 καί
1569 358 1671 401 >eard

243 430 382 469 πᾶσαν
430 425 578 479 χώραν
618 421 672 464 τὰ
719 424 913 475 βασίλεια
965 425 1149 464 διίπτατο
1203 421 1450 476 γράμματα,
1492 419 1677 479 ἄφαντον

244 491 547 544 ἀπαγγέλλοντα
587 488 659 530 τὸν
689 487 950 541 Ἀνδρόνικον
976 487 1048 529 καὶ
1084 487 1237 542 σχολὴν
1283 489 1474 541 ἐπίμονον
1513 487 1677 530 ἐπιτάτ-

242 570 393 606 τοντα,
442 549 553 602 ὅπως
596 551 724 601 ἁλούς
759 554 1080 610 ἑπαναπεμφθῇ.
1139 552 1210 594 ἐπὶ
1244 551 1293 607 δὴ
1337 553 1499 602 τούτοις
1537 555 1610 594 καῖ
1650 549 1716 606 ἦ5

241 617 388 659 τούτου
415 621 707 674 συλληφθεῖσα
728 616 830 672 γυνή
856 618 912 666 ὠς
938 621 1009 672 τῆς
1039 620 1174 673 φυγῆς
1195 619 1398 672 συνίστωρ
1431 620 1489 674 τῷ
1519 620 1679 670 δεσμω-

240 685 369 740 τηρίῳ
410 689 759 738 παραρριπτεῖται
796 685 839 725 ἐν
878 678 986 740 ᾧπερ
1024 686 1245 738 καθεῖρκτο
1284 681 1574 737 Ἀνδρόνικος,
1620 681 1677 732 οἷς

206 762 207 765 ’
241 749 372 790 ἐκεῖσε
399 750 490 806 τίνῃ
536 749 656 796 δίκας
683 749 757 802 τῆς
785 748 1035 804 φιλανδρίας
1065 746 1167 789 ἔνθα
1198 747 1220 789 ὅ
1249 747 1404 802 ταύτης
1432 749 1679 802 συνείληπτο

240 814 443 867 σύζυγος,
486 807 518 870 ᾧ
557 811 740 856 ὑπέθετο
783 812 860 866 τήν
903 815 1191 868 δραπέτευσιν.
1266 814 1491 855 ἐλάνθανον
1519 815 1565 854 δὲ
1592 809 1677 867 ἄρα

240 877 312 919 καί
334 877 601 933 Ἀνδρόνικον
642 876 819 933 πεδήτην
854 879 910 928 ὥς
940 876 1139 933 πρότερον
1168 876 1330 932 ἔχοντες
1355 877 1428 920 καί
1452 876 1589 932 μάτην
1615 879 1674 926 εἰς
1694 893 1739 920 ιο

238 949 416 996 γυναῖκα
443 943 708 999 ταλαίπωρον
746 942 818 986 τὸν
842 942 970 997 χόλον
1004 946 1216 997 ἐκχέοντες
1244 942 1315 984 καί
1339 942 1391 984 τοὶ
1419 942 1524 998 πρὸς
1551 940 1675 996 χάριν

230 1008 483 1066 ’Ἀνδρονίκῳ
525 1012 764 1058 ποιοῦντες·
827 1007 1029 1060 ἐξαναδύς
1068 1007 1149 1063 γὰρ
1200 1004 1317 1056 οὗτος
1344 1010 1418 1049 τοῦ
1446 1005 1576 1049 θόλου
1607 1007 1677 1049 καὶ

237 1071 313 1113 τὸν
341 1073 554 1126 ὑπόνομον
589 1072 835 1123 ἑκλελοιπώς
875 1078 926 1130 τῇ
951 1073 1118 1127 γυναικί
1145 1073 1384 1127 ἐντυγχάνει
1394 1105 1405 1125 ,
1437 1073 1561 1123 δόξας
1591 1069 1672 1114 ὅσα

237 1139 312 1179 καί
342 1139 505 1191 δαιζιιων
532 1137 584 1180 τά
613 1140 755 1192 πρῶτα
798 1137 1107 1192 ύποταρτάριος
1138 1134 1167 1191 ἢ
1191 1135 1346 1179 νεκύων
1378 1135 1580 1192 ἀμενηνὸν
1612 1136 1674 1179 ἴν-

238 1206 404 1256 δαλμα,
435 1206 507 1246 καί
536 1203 791 1258 διαταράξας
818 1206 874 1261 τῷ
911 1204 1072 1260 οἷέλπτῳ
1099 1203 1173 1257 τῆς
1198 1204 1301 1252 θέας
1331 1201 1406 1257 τήν
1434 1198 1671 1257 ἄνθρωπον.
1692 1206 1737 1247 15

131 1268 311 1320 nymfan*
349 1269 627 1323 προσπλακείς
667 1266 869 1324 ἐδάκρυσε
906 1270 1009 1320 μέν,
1049 1265 1157 1321 πλὴν
1195 1267 1277 1321 οὐχ
1322 1264 1418 1309 ὅσον
1451 1263 1601 1321 ἤθελον
1627 1266 1674 1308 αῖ

235 1335 456 1390 συμφοραὶ
482 1335 555 1374 καί
581 1332 631 1375 τὰ
662 1331 754 1374 τότε
783 1334 970 1388 δυστυχῆ
998 1332 1314 1386 συναντήματα,
1346 1334 1492 1388 φειδοῖ
1511 1334 1586 1374 τοῦ
1610 1331 1670 1386 μὴ

233 1397 309 1441 τὸν
337 1401 493 1454 θρῆνον
526 1401 733 1452 α’ναβῆναι
764 1399 823 1446 εἰς
843 1394 932 1439 (εἶτα
959 1403 1043 1447 τοῖς
1073 1397 1368 1452 δεσμοφύλαξι.
1427 1399 1498 1438 καί
1525 1396 1576 1451 δὴ
1605 1398 1672 1452 ἐφ’

232 1461 374 1506 ἶκανόν
401 1462 655 1518 συγγεγονώς
682 1466 730 1519 τῇ
758 1459 933 1506 εὖνέτιδι
966 1461 1069 1504 κατὰ
1099 1461 1173 1517 τὴν
1203 1461 1422 1519 φρουράν,
1454 1463 1526 1504 καί
1549 1460 1669 1515 ἐγκύ-

228 1544 338 1582 μονα
364 1527 518 1583 ταύτην
559 1531 605 1571 ἐκ
634 1531 709 1583 τῆς
745 1527 839 1570 τότε
876 1531 1098 1576 συνουσίας
1139 1527 1503 1581 ἀπεργασάμενος,
1548 1530 1591 1578 ἐξ
1621 1522 1670 1581 ἧς
1683 1547 1735 1572 20

230 1597 304 1636 καί
342 1593 494 1644 παιδός
537 1590 709 1648 ἄρρενος
753 1592 924 1635 οἶκούσοι
970 1592 1129 1648 πατήρ,
1156 1592 1224 1635 τὸν
1263 1591 1453 1647 Ἰωάννην
1480 1593 1608 1647 λέγω,
1637 1586 1671 1650 ᾧ

229 1658 302 1701 καὶ
327 1661 543 1714 βασιλείας
570 1657 832 1714 Ἀνδρόνικος
862 1659 1092 1711 μετέδωκεν
1122 1657 1290 1711 ἔπειτα,
1321 1658 1378 1707 ὥς
1409 1657 1431 1698 ὅ
1465 1655 1671 1714 λόγοςιεῖ-

227 1741 286 1781 πῃ
316 1724 418 1766 κατὰ
444 1723 612 1778 καιρόν,
642 1726 804 1765 ἐκεῖθεν
836 1725 1062 1778 α’ναχωρεΐ,
1091 1719 1158 1765 οἷα
1187 1727 1270 1766 τῶν
1298 1721 1497 1779 φυλάκων
1522 1724 1671 1777 μηκέτι

228 1791 334 1832 κιίπί
358 1792 410 1847 τῇ
447 1789 614 1844 γυναικί
656 1790 750 1830 οἵαν
773 1788 846 1830 καὶ
881 1790 943 1830 ἐπ’
973 1789 1086 1846 αύτῷ
1112 1791 1184 1843 τῆς
1217 1789 1407 1844 φρουροῖς
1435 1788 1670 1842 παρεχομέ-

227 1871 311 1897 νων
339 1856 569 1911 α’κρίβειαν.
624 1854 840 1910 γενόμενος
879 1855 926 1895 δὲ
956 1852 1062 1896 κατα
1097 1853 1148 1895 τὰ
1176 1853 1398 1908 μελάγγεια
1426 1851 1668 1905 συλλαμβά-
1682 1855 1734 1897 25

327 1972 357 1994 ι.
385 1958 484 2006 οὐδὲ]
509 1959 550 1992 αἱ
574 1957 693 2005 ῥύμαι
721 1958 785 1999 τῆς
818 1959 962 1996 πόλεως
997 1957 1200 2003 α’γύρευτοι
1230 1957 1441 2004 α’πιξμειναν
1457 1957 1494 1991 Β,
1635 1960 1666 1993 3.

321 2004 508 2051 ἄφαντον]
535 2005 783 2050 ἄψανέρωτον
801 2005 838 2037 Β.
959 2009 991 2047 4.
1017 2007 1080 2037 καὶ
1110 2003 1183 2051 σχ.]
1213 2006 1276 2037 καὶ
1315 2003 1355 2041 ὃς
1391 2003 1439 2038 ἄν
1463 2001 1552 2049 εὕρῃ
1579 2007 1668 2038 τοῦ·

321 2062 390 2086 τον
420 2049 441 2092 ἢ
467 2052 631 2097 κρατήσῃ
659 2050 798 2091 αὐτόν,
834 2050 1002 2096 μεγάλην
1044 2050 1182 2095 εύρήσῃ
1217 2049 1411 2094 drudo-[dr
1433 2050 1468 2082 B.
1613 2062 1665 2084 ια.

321 2099 389 2130 τοῦ
421 2096 562 2143 θόλου]
603 2098 665 2137 τῆς
690 2099 759 2141 γῆς
789 2097 828 2129 A.
998 2097 1045 2129 13.
1071 2091 1304 2142 ἐκλελοιπώς]
1339 2092 1601 2133 α’πολελοιπιῦς
1626 2097 1665 2129 Α.

324 2155 375 2188 ι9.
401 2145 677 2189 συγγενόμενος
701 2144 740 2175 A.
857 2144 910 2177 25.
934 2142 1140 2188 μελάγεινα
1159 2143 1195 2174 Β.

227 2242 432 2276 iubebatur.
460 2241 593 2275 deinde
618 2252 707 2275 uxor
736 2242 811 2274 eius
852 2247 893 2275 ut
916 2242 1020 2285 fugae
1051 2243 1193 2276 conscia
1228 2243 1484 2287 comprehensa
1508 2243 1546 2275 in
1575 2253 1666 2276 eun-

227 2289 309 2322 dem
337 2299 535 2330 carcerem,
572 2289 611 2320 in
645 2299 717 2332 quo
746 2294 822 2320 erat
845 2288 1090 2329 Andronicus,
1130 2289 1342 2330 coniicitur,
1373 2294 1413 2322 ut
1437 2289 1489 2321 ibi
1515 2289 1665 2333 pietatis

225 2336 266 2369 in
289 2336 454 2368 maritum
485 2340 522 2368 et
544 2334 687 2367 consilii
714 2334 757 2367 de
782 2335 863 2378 suga
887 2346 1021 2379 poenas
1047 2334 1156 2368 daret.
1180 2336 1391 2368 nesciebant
1414 2336 1468 2367 illi
1494 2336 1664 2368 nimirum

226 2393 265 2415 se
289 2382 532 2415 Andronicum
570 2380 703 2413 habere
731 2386 773 2413 ut
794 2382 912 2425 prius,
954 2386 990 2414 et
1014 2380 1126 2414 bilem
1155 2393 1253 2414 suam
1281 2382 1411 2414 frustra
1436 2382 1474 2414 in
1497 2382 1664 2415 miseram

227 2429 420 2461 foeminam
463 2427 664 2468 effundere,
699 2432 735 2460 et
767 2438 839 2459 rem
883 2433 1016 2471 gratam
1056 2427 1172 2460 facere
1197 2427 1419 2468 Andronico,
1446 2428 1509 2472 qui
1536 2438 1614 2460 cum
1643 2438 1663 2461 e

227 2485 377 2508 caverna
404 2474 606 2507 emersisset
630 2479 666 2506 et
687 2473 873 2506 mulierem
907 2474 1095 2517 inopinato
1121 2479 1314 2517 conspectu
1338 2475 1499 2507 territam
1526 2474 1664 2506 allocu-

226 2525 286 2554 tus
324 2532 389 2566 pro
426 2526 566 2564 spectro
600 2519 816 2560 haberetur,
850 2520 1034 2564 amplexus
1068 2530 1145 2552 eam
1176 2520 1366 2553 illacrimat
1399 2520 1462 2552 ille
1490 2519 1662 2564 quidem,

225 2567 291 2600 sed
303 2577 378 2600 non
393 2571 530 2600 tautum
549 2572 723 2611 quantum
740 2566 881 2598 illarum
898 2577 1146 2600 aerumnarum
1175 2566 1351 2599 acerbitas
1371 2566 1592 2610 postulabat,
1616 2577 1663 2599 ne

226 2612 392 2646 custodes
417 2613 590 2646 eiulatum
629 2612 807 2644 audirent.
834 2613 870 2644 in
907 2623 947 2644 ea
975 2613 1138 2645 custodia
1166 2612 1227 2644 diu
1253 2612 1514 2645 consuetudine
1541 2613 1662 2646 uxoris

226 2670 334 2700 usus,
360 2671 378 2692 e
406 2669 478 2704 quo
513 2670 702 2703 congressu
729 2658 823 2691 filius
856 2658 889 2691 ei
912 2658 1088 2692 Iohannes
1121 2665 1246 2703 postea
1272 2664 1377 2692 natus
1404 2664 1482 2699 est,
1509 2660 1568 2691 cui
1596 2669 1663 2691 no-

225 2716 309 2739 men
332 2706 599 2750 imperatorium
615 2731 623 2746 ‚
653 2710 693 2738 ut
716 2715 779 2737 suo
805 2705 883 2737 loeo
911 2704 1130 2745 narrabitur,
1159 2705 1344 2749 impertiit,
1369 2704 1514 2739 tandem
1538 2715 1557 2737 e
1581 2714 1663 2737 car·

227 2763 307 2787 cere
332 2751 489 2787 elabitur
514 2750 722 2786 custodibus
739 2757 885 2796 propter
908 2751 1095 2786 mulierem
1119 2751 1440 2795 negligentioribus
1459 2751 1572 2785 sactis.
1598 2750 1662 2784 sed
