1878 3230
269 154 381 211 306
693 168 921 211 NlcETAE
958 167 1269 211 cnoNlATAE

266 269 532 325 ραγενόμενοι
564 265 638 308 καί
663 265 904 321 ἀφορῶντες
932 267 991 316 εἷς
1012 264 1064 307 τά
1096 264 1301 321 α’νάκτορα
1327 263 1380 306 τοὶ
1409 260 1540 317 οὕτως
1564 268 1693 323 ἀπρε-

227 338 325 391 Βπῆ
361 330 664 387 διεπράττοντο.
729 332 801 372 καί
830 333 952 372 τοῦτο
989 331 1055 386 ἐφ’
1103 330 1262 385 ἡμέρας
1300 328 1459 384 συχνὰς
1483 331 1694 384 γινόμενον

262 399 500 451 ἐξεκύμαινε
535 393 604 437 τὸν
648 396 781 450 δῆμον
804 397 877 437 καί
905 397 964 444 εἰς
991 392 1133 438 στάσιν
1156 395 1372 451 α’νέφλεγε.
1428 394 1503 437 καὶ
1526 396 1586 445 εἷς
1616 399 1693 439 αυ’-

259 462 436 506 θάδειαν
451 460 489 502 οἱ
509 459 657 502 πολλοὶ
671 459 971 515 τραχυνόμενοι
991 459 1127 509 οἴκους
1155 454 1474 514 λαμπροτάτους
1488 461 1692 504 κατέσπα-

256 544 335 570 σαν
364 528 437 568 καί
476 524 528 567 τά
558 523 666 574 ἐντὸς
694 523 852 568 τούτων
889 525 1150 580 διήρπασαν,
1180 519 1240 574 οἷς
1269 523 1546 581 διαφερόντως
1575 523 1728 578 &Bas-5

255 608 332 634 πον
369 589 523 647 ἥμερον
556 587 579 630 ὃ
605 606 648 632 τε
694 589 1038 645 πρωτοσεβαστὸς
1083 590 1155 632 καί
1190 591 1215 645 ἦ
1258 592 1473 632 δέσποινα·
1526 588 1604 632 σὺν
1629 586 1692 639 οἷς

255 656 327 699 καί
354 656 400 698 τὸ
431 657 505 698 τοῦ
527 657 747 710 Παντεχνῆ
777 656 1000 710 Θεοδώρου
1028 657 1270 710 περικαλλὲς
1296 653 1474 710 οἴκημα,
1501 652 1690 709 ἐπάρχου

254 719 372 771 ἷῖντος
410 724 482 777 τῆς
522 720 677 771 πόλεως
701 724 774 763 καί
815 719 860 763 τὸ
890 723 973 763 ταῖν
1000 722 1213 763 οἶκειακῶν
1240 722 1449 769 διέποντος
1474 722 1690 775 σέκρετον,

252 788 309 845 τῷ
339 789 622 844 δικαιοδοτικῷ
648 802 694 829 τε
722 787 856 845 θρόνῳ
896 788 1184 842 ε’μπρέποντος.
1243 787 1316 828 καί
1341 783 1467 834 αὐτὸς
1494 786 1571 837 μὲν
1597 784 1689 840 ἔξη-

251 856 348 905 λυξε
388 855 563 910 δρασμῷ
598 852 643 894 τὸ
669 857 834 895 πεσεῖν·
906 850 957 893 τά
987 854 1026 893 δ’
1054 850 1199 893 ἐνόντα
1241 848 1572 905 διαρπασάμενοι
1599 850 1688 892 οὐδ’
1704 868 1751 895 ιο

251 918 391 960 αὐτῶν
417 920 498 960 τῶν
526 915 736 972 δημοσίων
759 915 899 970 τόμων
928 917 1168 970 ἀπέσχοντο,
1204 916 1248 958 οἳ
1270 914 1322 957 τά
1346 915 1488 956 δίκαια
1517 917 1586 969 τῆς
1613 931 1687 957 πο.-

209 994 236 1027 C
249 985 405 1033 λιτείας
423 981 538 1038 παρὰ
556 985 639 1024 τῶν
656 981 800 1037 πρώην
812 982 1019 1036 βασιλέων
1044 980 1212 1034 ἔχουσιν
1228 979 1584 1035 ὕπογεγραμμένοι
1616 983 1690 1024 καί

247 1048 292 1090 τὸ
320 1051 398 1101 μὲν
414 1047 623 1103 χρήσιμον
647 1048 762 1102 κοινῇ
784 1048 996 1099 διαβαῖνον
1020 1043 1125 1099 πρὸς
1155 1041 1339 1094 ἅπαντας
1368 1040 1396 1098 ἢ
1422 1042 1521 1093 τούς
1547 1044 1685 1086 πλείο-

245 1129 341 1166 νας,
388 1111 586 1168 άφαυρόν
632 1113 678 1153 δὲ
714 1110 758 1152 τὸ
808 1112 853 1152 ἐκ
879 1112 955 1153 τοῦ
997 1108 1254 1152 ἰδιώσασθαι
1289 1111 1453 1165 κέρδος,
1494 1110 1566 1151 καί
1586 1111 1685 1164 μηδ’

245 1175 344 1220 ὅσον
371 1176 444 1219 τὸν
470 1178 634 1219 ἐκείνων
668 1177 831 1218 ἐδίανεν
860 1173 913 1217 ἄν
942 1175 1255 1225 οἷνοποτάζοντα
1284 1172 1490 1230 φάρυγγα.
1521 1175 1559 1216 οἱ
1588 1177 1686 1229 περὶ
1700 1179 1746 1220 15

242 1241 311 1284 τὸν
342 1239 688 1298 πρωτοσεβαστόν
715 1241 852 1282 τοίνυν
879 1239 1053 1295 ὁρῶντες
1080 1238 1151 1279 del
1176 1236 1228 1280 τοὶ
1244 1239 1375 1294 χείρω
1391 1242 1684 1295 προβαίνοντα,

242 1309 489 1349 σκέπτονται
534 1305 688 1361 βουλὴν
735 1303 1034 1359 καθιζήσαντες
1077 1299 1187 1352 ὅπως
1219 1302 1292 1359 τήν
1327 1303 1463 1358 λύμην
1501 1302 1685 1359 στήσωσι

242 1373 428 1425 ταυτηνί.
485 1373 559 1414 καί
584 1371 678 1414 ἐπεὶ
702 1374 791 1413 κατ’
819 1371 971 1412 οὐδένα
997 1369 1152 1425 τρόπον
1180 1365 1324 1423 ἑώρων
1350 1368 1423 1423 τήν
1448 1371 1683 1423 Καισάρισ-

242 1453 321 1479 σαν
348 1439 527 1493 ,Μαρίαν
574 1438 656 1478 τῶν
683 1437 844 1478 οἰκείων
871 1432 1167 1489 βουλευμάτων
1192 1435 1497 1489 μεθισταμένην
1525 1431 1555 1488 ἢ
1574 1437 1681 1489 βρα-

241 1501 297 1556 χύ
328 1518 368 1544 τι
399 1504 500 1556 γοῦν
527 1501 829 1543 ὗπενδιδοῢσαν
845 1502 927 1542 τῶν
956 1498 1195 1554 ὑπερόγκων
1225 1497 1467 1553 ζητημάτων
1493 1497 1522 1540 οἳ
1549 1515 1678 1553 πρου-
1692 1518 1745 1543 20

239 1569 420 1619 τείνετο,
462 1565 590 1621 ἔγνων
630 1565 701 1607 διὰ
747 1566 930 1619 πολέμου
961 1566 1027 1607 ἐπ’
1054 1565 1213 1618 ἐκείνην
1236 1569 1391 1618 χωρεῖν
1417 1564 1491 1605 καί
1515 1564 1571 1613 ὥς
1597 1565 1678 1606 οἷπό

236 1647 347 1680 τινος
375 1631 582 1687 ἐρύματος
610 1632 688 1672 τοῦ
713 1629 834 1672 θείου
864 1627 1058 1682 ἐξελάσαι
1088 1627 1242 1684 ταύτην
1268 1627 1360 1670 νεώ.
1415 1631 1680 1683 συλλεγέντος

104 1706 143 1739 V.
165 1706 227 1741 126
237 1698 378 1740 τοίνυν
407 1698 481 1739 οὐκ
501 1696 641 1750 ὀλίγου
670 1695 981 1752 στρατεύματος
1004 1696 1050 1736 ἐκ
1069 1696 1151 1737 τῶν
1177 1692 1290 1751 ἑῴων
1309 1708 1353 1736 τε
1380 1696 1454 1736 καί
1475 1690 1678 1750 ἑσπερίων

330 1807 363 1830 2.
391 1794 613 1844 γινόμενον]
639 1795 870 1840 τελούμενον
895 1795 935 1828 Α.
1084 1794 1114 1838 4.
1139 1793 1426 1840 τραχυνόμενοι]
1450 1793 1677 1842 ἐκτρεπόμε-

328 1854 392 1878 νοι
407 1843 446 1876 Α.
523 1842 776 1888 κατέσπασαν]
801 1841 992 1886 ἐχάλασαν
1018 1842 1054 1873 Β.
1118 1844 1149 1877 8.
1176 1844 1240 1874 καὶ
1266 1839 1306 1875 τὸ
1333 1842 1407 1874 τῶν
1429 1841 1516 1888 οἰκ]
1545 1845 1607 1875 καὶ
1633 1840 1674 1876 τὸ

329 1889 478 1935 α’ξίωμα
500 1892 564 1931 τῆς
588 1889 736 1925 δικαίας
770 1891 927 1933 κρίσεως
952 1889 1105 1932 ἔχοντος
1130 1888 1164 1919 Β.
1325 1899 1358 1930 9.
1384 1885 1612 1922 δικαιωτικαῖ
1635 1890 1674 1922 Α.
1724 1922 1725 1925 ,

337 1947 387 1993 ποι.
406 1937 456 1992 ’,οἳ
490 1955 536 1961 -
559 1934 765 1982 χρήσιμον]
794 1929 858 1968 οἶα
885 1931 925 1968 τὸ
960 1933 1033 1980 μὲν
1059 1933 1249 1980 χρήσιμον
1273 1933 1438 1979 ἐχόντων
1464 1933 1504 1967 Α.
1619 1944 1673 1969 20.

331 1981 371 2028 α]
398 1990 495 2028 anag)
519 1982 558 2015 A.

239 2084 442 2122 intuentes,
469 2092 489 2113 a
513 2086 613 2115 tanta
649 2080 824 2115 foeditate
851 2080 1123 2113 abhorruerunt.
1153 2081 1252 2125 quod
1276 2080 1405 2114 diebus
1430 2081 1673 2126 compluribus

239 2128 486 2160 continuatum
513 2128 687 2172 populum
714 2127 760 2160 ad
783 2125 998 2160 seditionem
1024 2127 1227 2160 concitavit.
1253 2126 1403 2171 proinde
1424 2127 1549 2171 vulgus
1574 2129 1671 2161 omui

237 2179 336 2207 metu
359 2174 480 2218 posito
511 2173 820 2218 splendidissimas
856 2173 963 2206 aedes
1000 2184 1121 2205 eorum
1155 2184 1244 2217 quos
1270 2172 1518 2216 protosebasto
1545 2179 1582 2207 et
1606 2174 1673 2207 do-

237 2221 357 2253 minae
386 2221 423 2252 in
450 2220 574 2264 primis
603 2231 701 2252 caros
729 2231 806 2252 esse
831 2224 960 2252 norant
979 2219 1130 2262 diripuit
1159 2225 1194 2252 et
1218 2219 1349 2261 diruit3
1381 2219 1476 2251 inter
1502 2231 1590 2264 quas
1616 2222 1671 2254 in-

239 2266 347 2309 signis
376 2265 502 2299 (lomus
527 2265 711 2298 Theodori
747 2265 961 2305 Pantechni,
1000 2265 1171 2309 praefecti
1197 2265 1318 2305 urbis,
1345 2264 1531 2298 domestici
1555 2278 1672 2300 secre-

238 2313 322 2345 tarii
348 2317 384 2344 et
408 2312 607 2356 praetoris,
634 2311 814 2344 destructa
839 2316 902 2344 est.
929 2322 970 2343 ac
1005 2312 1082 2355 ipse
1108 2310 1253 2355 quidem
1278 2311 1360 2354 fuga
1385 2311 1535 2344 salutem
1559 2324 1671 2358 quae-

239 2359 319 2391 siit:
345 2357 409 2390 sed
431 2358 669 2391 instrumento
695 2359 792 2390 omni
820 2357 982 2401 direpto,
1006 2368 1073 2390 nec
1096 2357 1250 2401 publicis
1279 2358 1562 2399 commentariis,
1588 2361 1671 2403 qui-

237 2404 305 2437 bus
330 2404 410 2436 iura
434 2405 589 2438 civitatis
614 2416 634 2436 a
657 2404 839 2438 veteribus
876 2403 1055 2447 descripta
1080 2403 1354 2447 imperatoribus
1380 2404 1670 2447 continebantur,

238 2451 512 2492 abstinuerunt3
537 2461 687 2494 quorum
724 2450 862 2483 utilitas
895 2461 975 2482 cum
1010 2447 1155 2492 publice
1177 2454 1363 2494 permanet
1387 2450 1432 2482 ad
1460 2461 1582 2484 omnes
1607 2457 1671 2486 aut

237 2497 433 2541 plurimos,
462 2497 599 2541 privata
618 2507 740 2529 eorum
762 2495 939 2540 possessio
960 2500 1094 2528 tantam
1122 2495 1330 2540 cupiditatis
1348 2496 1443 2529 sitim
1466 2497 1566 2530 nullo
1591 2509 1670 2531 mo-

239 2542 284 2575 do
313 2543 428 2587 possit
450 2543 668 2586 extinguere.
700 2542 969 2587 protosebastus
1006 2541 1112 2585 igitur
1137 2553 1214 2574 cum
1240 2543 1372 2574 malum
1405 2542 1559 2576 subinde
1593 2555 1670 2577 cre-

237 2599 335 2622 scere
361 2588 517 2630 videret,
554 2589 946 2622 consilium*tumultus
981 2588 1079 2620 illius
1103 2588 1358 2632 comprimendi
1396 2589 1484 2631 init3
1522 2595 1558 2623 et
1582 2591 1667 2635 quia

235 2635 388 2668 Mariam
412 2635 648 2668 Caesarissam
675 2635 719 2668 ab
744 2635 912 2667 instituto
944 2644 1015 2666 non
1041 2645 1257 2667 recessuram
1285 2646 1402 2679 neque
1431 2635 1476 2668 de
1501 2646 1667 2680 arrogan-

235 2682 335 2714 tibus
359 2686 396 2715 et
419 2681 617 2715 immodicis
642 2682 720 2714 istis
740 2680 1045 2725 postulationibus
1083 2681 1273 2725 quicquam
1302 2682 1525 2714 remissuram
1547 2683 1667 2728 provi-

239 2727 367 2770 debat,
393 2728 492 2762 bello
519 2728 793 2762 controversiam
812 2726 978 2760 dirimere
1009 2727 1134 2760 statuit
1159 2738 1308 2774 canique
1333 2739 1430 2762 sacra
1455 2728 1544 2763 aede
1566 2728 1666 2764 velut
