1838 3210
911 199 1136 260 menon

319 313 350 338 et
379 303 563 337 Eustratii
588 300 794 334 Macedonis
819 298 879 342 (6).
929 299 1025 331 Baca
1049 300 1088 331 vi
1115 301 1266 345 capitur.
1302 301 1520 334 Anabarzae
1546 311 1731 348 expugna-

316 352 379 384 250,
410 351 448 382 in
475 348 714 388 coelesyriam
735 344 982 390 proficiscitur
1006 345 1218 385 Comnenm,
1243 354 1276 379 et
1301 357 1378 379 cum
1402 346 1634 380 Antiochenis
1657 349 1729 382 init

318 396 515 428 amicitiam
585 393 732 424 Pizaeos
774 389 824 423 ad
844 389 1059 422 deditionem
1085 392 1206 434 cogit,
1232 400 1265 424 et
1290 392 1434 425 variam
1459 393 1592 425 Martis
1614 393 1729 428 aleam

317 443 500 487 esperitm·
526 439 587 479 (7).
636 437 788 468 Sezerim
814 436 933 468 urbem
959 434 1092 468 obsidet
1109 462 1121 475 ,
1153 448 1245 481 quae
1268 438 1422 482 pecunia
1446 438 1728 472 incolumitatem

317 486 476 519 redemit.
523 484 711 516 Persarum
736 479 891 514 insidias
915 483 1073 526 repulsat
1097 481 1159 524 (8).
1205 484 1370 516 Isaacius
1394 483 1592 517 comnenus
1606 484 1730 529 fratri

316 532 475 564 Iohanni
508 527 779 562 reconciliatur.
804 537 920 559 novae
955 526 1197 572 expeditiones
1220 529 1259 560 in
1286 529 1423 561 Persas.
1450 528 1600 562 militum
1627 529 1728 564 indi-

316 578 445 617 gnatio
475 582 507 607 et
546 573 773 617 imperatoris
807 583 956 616 magnus
987 573 1139 605 animus.
1177 572 1355 618 expeditio
1383 581 1510 607 contra
1533 581 1727 618 tyrannum

316 612 647 666 Trapezuntinum,
679 625 712 651 et
739 618 934 664 praeclara
950 618 989 651 in
1010 619 1137 651 Persas
1159 618 1244 652 belli
1278 627 1389 665 gesta.
1451 620 1632 653 Manuelis
1659 621 1727 655 Co-

315 668 437 700 mneni
452 665 538 712 filii
561 664 741 708 egregium
754 663 909 708 fizcinus
934 662 983 695 ad
996 663 1277 696 Neocaesaream
1292 665 1361 708 (9).
1409 663 1584 698 Iohannis
1605 667 1727 700 Isaaci

308 712 387 759 filii
409 724 432 745 a
455 719 558 756 patre
583 710 796 755 imperatore
821 708 870 742 ad
893 710 1075 742 sultanum
1098 707 1270 752 defectio;
1294 710 1387 744 unde
1411 722 1484 743 non
1507 712 1640 754 exigua
1664 712 1726 745 in-

313 757 503 791 commoda.
563 755 791 789 Christianos
828 754 998 801 quosdam
1031 752 1231 798 perduelles
1255 756 1451 801 imperator
1479 754 1658 796 debellat,
1689 765 1725 792 et

309 802 578 837 calamitatibus
621 800 822 834 domesticis
853 799 1030 844 premitur
1061 798 1144 843 (ιο).
1200 801 1443 835 Antiochenae
1484 801 1724 847 expeditionis

308 850 441 882 malum
467 847 665 881 consilium.
687 847 851 878 violatae
879 843 979 894 urbis
1001 842 1064 876 dat
1086 855 1221 889 poenas
1247 846 1467 886 Cumaeam,
1493 848 1533 880 in
1556 849 1724 882 venatio-

308 906 351 927 ne
376 900 554 926 venenato
575 902 637 923 suo
662 891 731 923 telo
756 891 970 923 vulneratus
1004 888 1096 923 unde
1118 890 1229 934 plaga
1253 892 1531 925 immedicabilis.
1554 892 1596 926 de
1624 895 1723 926 eius-

305 939 382 974 dem
415 938 515 971 ohitu
537 937 693 970 oracula
719 937 802 978 (1¹)»
859 935 1034 968 Iohannis
1061 936 1231 968 Comneni
1250 939 1419 971 morituri
1440 939 1561 971 oratio
1586 937 1636 971 ad
1657 950 1723 972 co·

305 994 435 1029 gnatos
461 985 592 1017 amicos
617 989 650 1014 et
672 979 869 1023 magnates.
896 981 1099 1015 Manuelem
1130 982 1273 1015 Isaacio
1298 991 1388 1016 natu
1410 984 1542 1016 maiori
1563 985 1723 1030 praefert

305 1040 340 1064 et
375 1039 609 1062 successorem
645 1029 818 1061 nominat.
856 1027 900 1059 ab
927 1026 1087 1059 omnibus
1126 1027 1278 1060 stIanuel
1312 1029 1508 1074 imperator
1529 1030 1719 1064 salutatur.

306 1075 481 1110 Iohannis
517 1074 689 1107 Comneni
712 1073 827 1105 obitus
851 1081 884 1105 ct
908 1073 1028 1118 elogia
1054 1071 1138 1118 (ια).

609 1173 691 1218 DE
730 1172 1044 1212 MANUELE
1087 1172 1421 1213 COMNENO.

395 1271 467 1306 Lm,
507 1271 534 1303 Ῑ.
589 1271 739 1304 Manuel
769 1270 927 1305 Iohanni
960 1270 1137 1303 Comneno
1171 1269 1273 1316 patri
1308 1269 1498 1304 succedens
1537 1273 1717 1309 Isaacium

287 1317 450 1363 fratrem
481 1325 570 1350 natu
604 1318 772 1350 maiorem
802 1318 840 1349 in
873 1317 1089 1349 monasterio
1119 1315 1298 1356 includit,
1324 1324 1356 1349 et
1381 1316 1568 1350 seditionis
1591 1330 1716 1352 ansam

297 1362 511 1409 praecidens
544 1374 566 1395 a
590 1362 806 1405 Byzantinis
841 1362 884 1394 ob
909 1362 1024 1395 animi
1047 1369 1079 1393 et
1104 1364 1268 1406 corporis
1292 1361 1390 1395 dotes
1416 1363 1567 1396 eximias
1590 1363 1717 1410 cupide

298 1410 495 1454 suscipitur
519 1408 581 1452 (ι).
645 1410 676 1442 Α
698 1407 876 1442 Michaele
906 1406 1119 1453 patriarcha
1155 1406 1357 1441 diademate
1382 1416 1555 1449 ornatus,
1581 1418 1615 1443 et
1638 1421 1716 1444 cum

286 1455 411 1500 fratre
435 1454 715 1494 reconciliatus,
750 1454 789 1486 in
813 1455 941 1486 Persas
981 1461 1097 1486 movet
1122 1454 1227 1485 semel
1249 1461 1281 1486 et
1310 1453 1447 1486 iterum.
1475 1465 1622 1488 uxorem
1649 1454 1718 1489 du·

296 1501 352 1533 xit
376 1500 608 1532 Alemannam
644 1498 850 1545 quandam,
885 1500 1030 1543 egregia
1051 1499 1179 1544 forma
1217 1507 1248 1531 et
1270 1498 1415 1532 heroico
1443 1501 1566 1532 animo
1589 1501 1716 1535 mulie·

297 1557 396 1584 rem,
427 1556 533 1592 quam
558 1545 710 1588 negligit
734 1547 871 1577 incestu
904 1545 1063 1589 pollutus
1086 1544 1147 1588 (2).
1194 1543 1389 1577 Iohannem
1411 1545 1715 1589 Hagiotheodori-

297 1599 364 1623 tem
390 1591 533 1636 imperii
557 1590 817 1623 cancellarium
842 1598 876 1622 et
890 1589 1084 1623 Iohannem
1098 1591 1276 1623 Puzenum
1301 1591 1418 1634 (cuius
1432 1592 1612 1624 tenacitas
1637 1603 1716 1626 sor-

297 1635 385 1670 dida
403 1661 412 1675 ,
438 1635 684 1670 inhumanitas
707 1637 789 1668 item
814 1644 848 1669 et
871 1636 1038 1669 avaritia
1061 1634 1291 1679 describitur)
1321 1647 1519 1680 supremum
1542 1646 1713 1684 quaesto·

297 1694 370 1715 rem
395 1682 612 1719 constituit„
638 1680 975 1725 Hagiotheodorites
999 1693 1022 1714 a
1047 1680 1232 1714 Theodoro
1254 1681 1418 1726 Stypiota
1447 1682 1527 1715 loco
1550 1684 1713 1728 pellitur.

298 1727 480 1761 Manuelis
504 1728 680 1766 virtutes,
710 1738 801 1772 quae
834 1726 944 1771 paulo
966 1734 1046 1771 post
1069 1727 1305 1759 immutantur
1326 1726 1389 1772 (3).
1439 1727 1601 1762 Conradi
1624 1730 1714 1763 Ger-

297 1784 486 1806 manorum
511 1773 741 1817 imperatoris
766 1771 946 1817 expeditio
969 1773 1311 1814 Hierosolymitana.
1359 1773 1638 1807 Alemannorum
1661 1775 1714 1808 le-

296 1820 392 1863 gatis
432 1819 582 1859 Manuel
606 1818 756 1861 benigne
796 1815 1009 1863 respondet,
1035 1816 1098 1850 sed
1127 1818 1218 1849 clam
1245 1815 1467 1861 ins:'dcatur‚·
1495 1827 1530 1852 et
1555 1821 1714 1855 Graeco-

295 1876 375 1897 rum
401 1865 559 1907 legiones
582 1864 852 1896 Alemannicum
876 1863 1094 1902 exercitum,
1119 1863 1445 1907 Philippopolitani
1467 1865 1625 1911 episcopi
1645 1877 1714 1900 au-

296 1911 370 1943 lica
383 1908 568 1954 facundia
605 1908 906 1948 circumductum,
941 1909 1110 1941 comitari
1142 1908 1237 1941 iubet
1263 1909 1324 1951 (4).
1371 1910 1650 1944 Alemannorum
1677 1920 1713 1946 et

299 1957 515 1989 Graecorum
548 1953 712 1987 dissidia.
747 1956 923 1987 exercitus
959 1953 1121 1987 Conradi
1150 1953 1398 1993 incommoda,
1436 1966 1538 2000 quem
1579 1958 1713 1990 Graeci

294 2001 394 2045 ferro
405 1998 545 2046 fraude
568 2011 707 2032 veneno
722 2026 736 2040 ,
759 1999 941 2033 NIanuelis
973 2001 1072 2032 iussu
1095 2007 1128 2031 et
1151 1999 1331 2043 exemplo,
1357 2009 1623 2044 persequuntur
1646 2003 1710 2047 (5).

286 2039 437 2080 ¹Turcas
459 2045 576 2078 hostes
603 2045 864 2090 infensissimos
891 2046 1123 2078 Germanicus
1147 2046 1324 2076 exercitus
1349 2044 1492 2077 adoriri
1513 2048 1710 2081 constituit.

297 2090 459 2126 Com-adi
484 2089 534 2123 ad
555 2091 685 2124 milites
706 2093 770 2136 pia
799 2097 831 2122 et
866 2090 963 2122 aeris
989 2092 1118 2124 oratio.
1143 2098 1252 2123 atrox
1272 2101 1395 2135 pugna
1419 2098 1452 2123 et
1474 2091 1627 2126 illustris
1650 2096 1710 2128 vi·

295 2139 412 2172 ctoria
435 2136 477 2170 de
510 2136 639 2170 Turcis
663 2143 848 2181 reportata
878 2136 940 2180 (6).

385 2183 457 2215 Lm.
481 2182 524 2214 11.
571 2183 745 2225 Roget-ius
768 2193 831 2214 rex
854 2181 1001 2215 Siciliae
1031 2180 1223 2223 Corcyram
1247 2189 1422 2225 occupat,
1460 2183 1707 2218 Acarnaniam

294 2229 471 2264 Aetoliam
496 2235 530 2260 et
553 2238 654 2260 oram
678 2229 896 2261 maritimam
925 2233 1071 2265 vastat,
1098 2228 1282 2260 Boeotiam
1309 2226 1517 2261 Corinthum
1551 2228 1705 2276 diripit,

294 2273 553 2309 Acrocorinthi
591 2284 672 2306 arce
710 2282 850 2318 recepta
875 2272 936 2316 (ι).
992 2273 1176 2304 Manuelis
1201 2271 1377 2317 expeditio
1404 2281 1531 2306 contra
1555 2276 1705 2310 Siculos.

296 2323 475 2362 Corcyrae
506 2320 747 2364 oppugnatio,
781 2327 815 2351 et
849 2317 1129 2362 Contostephani
1165 2319 1288 2362 magni
1322 2317 1424 2351 ducis
1455 2316 1629 2354 interitui
1644 2322 1706 2368 (2).

295 2368 437 2400 Cosmas
458 2364 671 2410 patriarcha
703 2365 745 2397 ob
773 2365 989 2396 vaticinium
1021 2362 1063 2395 de
1091 2363 1371 2408 Contoslephani
1395 2365 1546 2406 interitu
1569 2366 1706 2410 pridem

287 2412 422 2446 *editum
446 2410 623 2454 dignitate
660 2411 814 2443 exuitur.
865 2408 1150 2454 Contostephano
1188 2408 1346 2442 succedit
1367 2422 1517 2453 magnus
1539 2410 1707 2446 domesti-

293 2469 354 2491 cus
381 2456 443 2501 (3).
490 2456 660 2499 Ligneam
685 2456 855 2489 turritam
889 2455 1022 2487 scalam
1048 2456 1198 2488 flIanuel
1221 2456 1261 2487 in
1287 2456 1524 2498 Corcyrenses
1547 2457 1704 2492 obsessos

292 2503 466 2540 exstruit,
507 2512 612 2546 quam
646 2502 804 2546 Pupaces
838 2509 872 2534 et
903 2500 971 2532 alii
1005 2499 1117 2532 CCCC
1151 2500 1404 2534 conscendunt.
1427 2501 1560 2546 fracta
1585 2510 1704 2537 autem

290 2550 392 2582 scala
419 2547 583 2592 plerique
606 2554 778 2592 pereunt:
815 2546 974 2591 Pupaces
1002 2553 1117 2579 autem
1142 2545 1360 2579 mirabiliter
1383 2546 1508 2580 evadit
1533 2547 1594 2592 (4).
1640 2550 1703 2583 Se-

287 2594 379 2627 ditio
403 2600 554 2626 cruenta
581 2591 678 2625 inter
702 2593 858 2625 Graecos
887 2600 921 2624 et
949 2591 1124 2630 Venetos,
1163 2603 1237 2637 qua
1260 2602 1367 2636 aegre
1392 2591 1516 2626 sedata
1541 2601 1575 2625 et
1599 2603 1703 2628 ester-

285 2640 416 2674 citibus
442 2638 688 2671 reconciliatis
714 2645 942 2682 oppugnatur
965 2636 1081 2669 denuo
1110 2637 1268 2679 Corcyra
1293 2645 1328 2670 et
1350 2637 1491 2670 tandem
1518 2637 1701 2673 deditione

284 2684 459 2730 recipitur
482 2683 544 2722 (5).
592 2683 774 2717 Manuelis
802 2684 911 2716 irrita
937 2683 978 2715 in
1000 2683 1161 2715 Siciliam
1185 2681 1373 2728 expeditio.
1399 2685 1562 2716 Servium
1585 2696 1700 2730 popu-

284 2732 392 2765 latur.
440 2728 599 2764 Michael
620 2729 857 2775 Palaeologus
881 2740 952 2763 rem
978 2729 1073 2774 gerit
1087 2728 1255 2774 feliciter
1278 2727 1450 2763 adversus
1473 2730 1612 2765 Siculos
1636 2730 1699 2776 (6).
