1878 3230
433 150 684 194 ·ISAAC1US
723 150 967 195 ANGELUS
1006 152 1074 194 ET
1112 148 1338 194 ALExms
1380 155 1425 194 F.
1542 131 1649 208 733

213 253 286 293 καί
317 251 374 306 τῷ
416 253 621 308 λεγομένῳ
651 249 694 292 αἱ
722 250 920 305 Σόνοδοι,
957 254 1015 302 εἰς
1043 250 1200 308 ἔδαφος
1233 252 1566 307 κατερράγησαν,
1590 250 1646 304 μὴ
1662 261 1783 308 V.294

211 319 282 373 τῆς
318 316 442 371 ὀπτῆς
486 316 775 373 έπαρκεσιὶσης
802 320 1004 372 πλίνθου,
1043 317 1101 373 μή
1131 321 1214 361 τῶν
1240 320 1408 372 βαθέων
1434 314 1650 371 ἀντισχόν-

211 399 293 425 των
319 384 563 435 θεμέθλων,
595 381 684 424 ἀλλ’
708 381 908 426 ἐνδόντων
946 384 1111 426 πάντων
1141 385 1216 426 καί
1242 386 1359 439 δίκην
1385 383 1654 439 θρυαλλίδων

212 450 586 503 κατεργασθέντων.
653 443 809 503 ἤρξατο
844 451 925 501 μὲν
963 444 1038 492 οὖν
1074 447 1102 504 ἦ
1130 449 1271 505 πρώτη
1292 450 1367 492 τοῦ
1393 447 1527 505 πυρὸς
1559 446 1653 503 ἇφὴ

174 513 295 557 5ιίπό
322 517 397 556 τοῦ
434 514 696 567 συναγωγιόυ
739 515 821 556 τῶν
849 517 1130 569 Σαρρακηναῖν
1170 515 1233 571 (τὸ
1268 517 1316 558 δέ
1354 517 1444 557 ἐστι
1474 512 1579 555 κατὰ
1608 511 1654 556 τό

209 578 315 635 πρὸς
355 577 575 621 θάλασσαν
612 580 819 628 ἑπικλινὲς
857 577 1025 633 βόρειον
1064 583 1192 635 μέρος
1222 582 1295 636 τῆς
1315 580 1474 630 πόλεως
1502 579 1575 621 καί
1599 577 1656 636 ’τῷ

207 647 370 698 τεμένει
409 644 571 699 ἑγγίζον
616 640 640 684 ὃ
668 646 731 686 ἐπ’
771 643 942 697 ὀνόματι
979 647 1054 700 τῆς
1083 646 1206 700 ἁγίας
1234 646 1414 701 Εἰρήνης
1443 647 1654 701 ἵδρυται),

207 712 280 753 καί
305 709 412 765 πρὸς
455 710 512 750 ἕω
540 711 625 752 κατ’
653 704 776 766 εὖρος
812 713 1016 767 λωφῆσαν
1047 712 1092 760 ἐς
1116 711 1190 754 τὸν
1220 710 1325 753 νεών
1350 711 1421 754 τὸν
1445 713 1654 764 παμμέγι-

205 790 331 826 στον,
361 774 469 817 κατὰ
500 776 537 817 δ’
562 773 745 831 ἑσπέραν
774 772 818 825 ἐς
844 774 890 818 τό
921 777 1141 831 λεγόμενον
1170 777 1360 832 Πέραμα
1388 779 1654 832 ἑξεμηκίσθη,

145 844 279 885 tonat*
306 840 483 897 διερρύη
517 839 658 883 ἔκτοτε
688 842 760 883 τοῦ
801 842 981 891 πλάτους
1023 841 1254 896 λαβόμενον
1297 844 1371 898 τῆς
1411 843 1594 895 πόλεως,
1624 839 1652 896 ἢ

203 909 361 961 μᾶλλον
387 905 434 948 τὸ
464 905 725 960 καινότατον,
754 909 828 949 καί
855 910 990 950 ταῦτα
1016 910 1105 949 κατ’
1130 907 1325 961 ἐπίβασιν
1355 903 1494 962 ὥσπερ
1523 908 1650 962 ὑπερ-

203 972 411 1026 αλάμενον
462 970 538 1021 τὰς
576 970 734 1022 ἔξωθεν
781 975 855 1027 τῆς
903 974 1063 1021 πόλεως
1104 971 1284 1029 οἰκήσεις
1319 970 1623 1027 κατενεμὴσατο
1634 985 1772 1033 ,1),357

202 1041 276 1080 καί
302 1039 382 1091 νῆα
421 1039 729 1092 περιπλέουσαν
771 1034 978 1094 ἄνθρακες
1025 1040 1336 1093 ἑκτιναχθέντες
1374 1040 1644 1095 κατέφλεξαν.

201 1101 427 1160 ᾗθοίλωντο
457 1105 503 1146 δὲ
543 1105 616 1144 καί
644 1102 683 1144 οῖ
717 1105 792 1146 τοῦ
818 1103 1032 1156 Δομνίνου
1061 1103 1275 1158 λεγόμενοι
1304 1104 1499 1158 ἔμβολοι,
1530 1103 1647 1146 αἵτε

141 1169 421 1223 ι5ὖπὸστεγοι
447 1169 687 1225 α’μφίδυμοι
729 1165 915 1225 ἅμφοδοι
955 1167 1001 1211 αἱ
1039 1169 1121 1211 α’πό
1163 1173 1240 1211 τοῦ
1266 1170 1431 1211 ΙΠιλίου
1461 1166 1647 1223 ἀρχόμε-

202 1251 298 1289 ναι,
326 1229 385 1276 ὧν
412 1234 542 1290 ἀτέρα
560 1236 620 1284 εἰς
652 1231 752 1277 αὖτὸ
783 1234 1025 1290 παρατείνει
1052 1234 1099 1277 τὸ
1123 1236 1424 1291 Φιλαδέλφιον.
1458 1232 1538 1277 συν
1567 1235 1646 1276 αὖ·

201 1307 288 1350 τοῖς
318 1303 365 1343 δὲ
391 1298 418 1355 ἧ
452 1302 808 1350 Κωνσταντίνειος
837 1299 972 1355 α’γοριὶ
1003 1301 1076 1343 καί
1103 1299 1155 1344 τὰ
1184 1299 1340 1354 μεταξὺ
1369 1298 1502 1343 πάντα
1520 1331 1533 1354 ,
1563 1298 1643 1343 ὅσα

198 1365 305 1420 πρὸς
333 1369 491 1421 βορρᾶν
515 1365 588 1407 καί
611 1366 728 1409 νότον
753 1364 942 1421 πρόεισιν
970 1361 1135 1420 ἄνεμον.
1190 1362 1281 1408 οὔδ’
1313 1366 1416 1407 αὐτὸ
1450 1365 1495 1408 τὸ
1525 1365 1643 1407 ἱππι-

197 1430 271 1473 κὸν
301 1429 592 1487 α’διαλῶβητον
621 1432 906 1485 ὑπολέλειπτο,
936 1431 1042 1474 α’λλοὶ
1075 1433 1149 1474 καί
1178 1431 1330 1475 τούτου
1358 1432 1406 1474 τὸ
1436 1431 1540 1487 πρὸς
1567 1435 1640 1474 δυ·

133 1512 184 1538 20
196 1495 306 1550 σμάς
333 1494 444 1539 ἅπαν
482 1498 609 1552 μέρος
646 1497 920 1552 ε’ξεπυρώθη,
957 1499 1031 1540 καί
1068 1495 1148 1540 ὅσα
1175 1496 1356 1540 κάτεισιν
1395 1499 1438 1547 ές
1479 1498 1639 1553 Σοφίας

195 1564 271 1605 καί
295 1564 383 1604 κατ’
409 1562 512 1604 αὐτὸ
546 1562 593 1604 τὸ
625 1563 815 1605 Βύκανον
846 1566 1173 1617 παρεκτείνεται,
1202 1562 1277 1605 καί
1300 1565 1475 1618 καθεξῆς
1502 1561 1638 1604 ὁπόσα

194 1634 283 1677 τοῖς
311 1631 388 1670 τοῦ
412 1629 670 1682 Ἐλευθερίου
700 1629 982 1684 ἀγχιτέρμονα
998 1631 1160 1684 μέρεσι.
1215 1631 1294 1671 τοῦ
1321 1630 1367 1670 δὲ
1392 1628 1526 1683 πυρὸς
1554 1625 1636 1670 οἷπὸ

194 1693 411 1749 θαλάσσης
453 1693 553 1744 ἓως,
575 1692 791 1750 θαλάσσης
819 1693 894 1749 τήν
924 1691 1044 1737 πόλιν
1072 1694 1228 1738 odram*
1255 1695 1541 1747 διαζωσαντος
1568 1694 1643 1736 καί

292 1827 343 1849 ιο.
367 1814 576 1862 λαβόμενον
602 1828 660 1849 om
684 1816 724 1849 A.
847 1827 896 1850 12.
924 1818 989 1859 τῆς
1015 1815 1161 1855 πόλεως
1185 1828 1243 1850 om
1269 1818 1309 1851 A.
1418 1818 1468 1851 13.
1493 1815 1638 1860 ἄνθρα.

284 1861 360 1908 κες]
385 1863 576 1907 κάρβουνα
605 1864 642 1897 Β.
814 1866 864 1908 14.
899 1865 941 1897 αἵ
962 1863 1014 1910 τε]
1054 1866 1120 1898 καὶ
1151 1864 1191 1897 αἱ
1221 1864 1480 1909 σκεπασμέναι
1503 1862 1639 1898 διπλαῖ

286 1908 446 1955 στράται
469 1910 506 1944 Β.
604 1922 655 1955 ¹9-
683 1907 844 1958 δυσμὰς]
869 1909 1013 1956 δήμους
1041 1911 1108 1943 ΑΒ.

191 2025 363 2067 haerent,
397 2031 630 2067 corruerunt,
670 2027 766 2061 nihil
801 2039 911 2072 opere
947 2028 1131 2069 latericio,
1172 2028 1267 2062 nihil
1293 2027 1477 2060 aitissimis
1503 2027 1635 2061 funda-

189 2074 322 2106 mentis
365 2073 642 2113 adiuvantibus,
682 2074 747 2107 sed
781 2075 948 2107 omnibus
987 2075 1200 2108 cedentibus
1224 2081 1260 2108 et
1285 2076 1397 2108 instar
1423 2074 1635 2118 lychnorum

191 2119 402 2166 absumptis.
429 2121 550 2165 coepit
574 2120 782 2153 incendium
807 2133 827 2153 a
852 2123 1043 2166 synagogio
1070 2122 1356 2162 Sarracenorum,
1380 2121 1478 2166 quod
1507 2122 1551 2154 ad
1569 2123 1635 2154 Se-

189 2167 474 2211 ptentrionalem
511 2167 610 2200 urhis
642 2172 782 2212 partem
806 2167 852 2200 ad
884 2179 980 2200 mare
1020 2174 1057 2202 et
1081 2168 1207 2201 aedem
1234 2168 1338 2201 divae
1366 2169 1487 2201 Irenes
1510 2170 1635 2213 vergit.

188 2224 312 2247 versus
338 2213 524 2247 Orientem
554 2213 592 2247 in
622 2214 816 2247 latitudine
842 2215 880 2247 in
913 2216 1050 2260 templo
1074 2216 1230 2249 maximo
1256 2215 1375 2249 desiit.
1399 2214 1445 2247 ad
1471 2219 1634 2248 occasum

189 2271 305 2305 usque
331 2260 378 2293 ad
417 2261 562 2294 Per-'ima
596 2271 634 2293 se
660 2261 841 2303 extendit,
879 2267 990 2306 atque
1026 2262 1112 2295 inde
1138 2263 1174 2295 in
1216 2262 1448 2295 latitudinem
1471 2262 1571 2295 urbis
1596 2273 1634 2295 se

191 2306 356 2348 diffudit;
383 2312 446 2340 aut
476 2307 599 2352 potius
639 2307 815 2341 inusitato
860 2308 967 2341 modo
1010 2319 1087 2342 eam
1126 2310 1237 2342 veluti
1276 2309 1481 2342 transiliens
1508 2309 1634 2341 domos

191 2353 432 2387 surburbanas
475 2353 697 2399 absumpsit,
723 2361 759 2388 et
781 2355 881 2388 navis
907 2356 946 2388 in
972 2355 1092 2388 medio
1119 2367 1223 2388 cursu
1250 2355 1468 2388 carbonibus
1492 2355 1530 2387 in
1555 2366 1633 2387 eam

191 2401 347 2433 excussis
373 2400 612 2444 conflagravit.
627 2401 666 2434 in
690 2402 829 2435 cineres
855 2401 999 2435 redacta
1024 2408 1109 2436 sunt
1125 2408 1161 2436 et
1178 2403 1324 2435 Domini
1351 2408 1478 2441 rostra,
1503 2407 1541 2433 et
1564 2401 1633 2433 du-

190 2445 304 2490 plices
341 2448 426 2480 tecti
461 2447 616 2480 ambitus
654 2459 674 2480 a
705 2449 809 2482 Milio
842 2449 1084 2493 incipientes,
1125 2461 1276 2494 quorum
1310 2449 1402 2481 alter
1430 2447 1476 2480 ad
1514 2448 1631 2491 ipsum

192 2491 483 2537 Philadelphium
508 2494 684 2539 pertinet;
711 2506 854 2540 unaque
890 2495 1118 2529 Constantini
1139 2497 1277 2536 forum,
1305 2501 1341 2527 et
1364 2505 1456 2538 quae
1481 2493 1631 2526 interie—

192 2544 249 2571 cta
274 2544 356 2570 sunt
375 2541 494 2572 omnia
522 2551 642 2574 versus
668 2542 958 2586 Septentrionem
995 2549 1032 2575 et
1055 2543 1232 2575 Austrum.
1257 2552 1323 2574 nec
1351 2541 1467 2584 ipsum
1502 2540 1632 2584 Hippi-

193 2596 273 2617 cum
310 2585 520 2619 inviolatum
551 2589 765 2631 permansit:
798 2587 861 2621 sed
886 2589 962 2621 eius
995 2600 1141 2634 quoque
1169 2600 1248 2633 pars
1276 2586 1454 2620 occidenti
1481 2585 1630 2619 obversa

193 2631 336 2677 penitus
361 2632 597 2676 conflagravit,
629 2639 666 2667 et
689 2646 782 2679 quae
806 2634 850 2667 ad
869 2635 1020 2679 Sophias
1048 2641 1084 2668 et
1108 2637 1302 2667 Baccanum
1326 2633 1567 2677 porriguntur,
1593 2640 1631 2667 et

194 2677 363 2722 deinceps
403 2678 600 2711 Eleutherii
625 2681 787 2724 partibus
824 2682 1058 2714 contermina.
1086 2693 1165 2713 cum
1189 2686 1307 2713 autem
1337 2679 1542 2712 incendium
1568 2691 1629 2712 ur-

192 2723 275 2757 bem
303 2736 323 2756 a
348 2725 435 2758 mari
460 2735 571 2770 usque
596 2725 641 2758 ad
665 2737 761 2760 mare
786 2726 854 2760 hoc
872 2727 978 2761 modo
1003 2733 1157 2761 vastaret
1184 2733 1221 2760 et
1247 2727 1284 2759 in
1306 2725 1443 2759 hiatum
1470 2725 1629 2760 vastissi-
