1878 3230
301 184 335 240 3
351 183 416 251 14
723 199 954 242 ΝιεΕΤΛΕ
987 200 1299 242 CIIONIATAE

301 316 346 354 γε
377 299 474 348 τούς
495 299 554 353 μὴ
586 300 854 354 καθυφέντας
880 297 1021 352 βραχύ
1054 298 1160 353 πρὸς
1190 297 1238 340 τά
1267 301 1339 354 τῆς
1366 300 1559 355 δεομένης
1585 316 1735 357 ταυτη-

304 365 350 407 σί
377 362 568 418 ῥήματα,
593 362 671 417 τήν
690 364 731 405 δ’
757 362 835 404 οὐκ
862 362 1027 418 ἀγαθήν
1054 362 1143 418 ἔριν
1170 364 1440 417 ἀνελομένους
1467 367 1541 407 καί
1567 366 1639 409 τὸν
1666 370 1736 422 τῆς

302 431 539 483 προσευχῆς
581 424 692 470 οἶκον
728 430 922 470 ἐντεῦθεν
961 430 1108 484 φονίου
1136 428 1370 483 πλήσαντας
1405 431 1602 484 αἵματος,
1627 430 1736 474 εἴποι

171 500 204 532 Ρ.
226 501 286 544 ¹57
301 489 353 535 ἄν
369 509 429 542 τις
450 492 621 547 ἐνόχους
640 495 1007 549 παρανομήματος.
1040 495 1080 536 εἰ
1102 493 1184 548 γὰρ
1206 493 1229 534 ὅ
1258 496 1340 536 τῶν
1361 494 1578 548 Ῥωμαίων
1604 512 1734 551 στρα-

298 557 420 613 τηγὸς
440 561 572 611 Τῖτος,
601 557 623 602 ὃ
644 558 773 601 πάλαι
795 561 846 616 τῇ
870 558 1146 614 Ἰερουσαλὴμ
1165 557 1305 613 βαλών
1334 555 1515 614 χάρακα,
1544 563 1773 606 τοσοῦτονό
1789 609 1800 618 ,

297 624 488 679 ἐφείδετο
513 625 591 665 τοῦ
620 625 929 677 Σολομωντειου
956 623 1032 666 νεώ
1063 623 1138 666 καί
1163 620 1274 666 οὕτω
1301 627 1379 667 τοῦ
1405 627 1557 668 ἐκεῖνον
1582 627 1736 680 ἐξείχε-

295 704 341 730 το
369 690 580 739 σώζεσθαι
619 689 677 739 ὥς
703 687 876 731 ἑλέσθαι
913 689 1146 743 βάλλεσθαι
1173 692 1332 742 μᾶλλον
1358 689 1440 732 ὑπὸ
1470 693 1548 732 τοῦ
1575 692 1737 736 ἐκεῖθεν

295 755 549 808 ἒκπηδῶντος
573 749 807 797 Ἰουδαϊκοῦ
831 753 1044 808 τάγματος
1065 754 1139 796 καί
1165 758 1300 804 κακῶς
1326 755 1503 811 πάσχειν
1530 755 1578 798 τὸ
1611 757 1735 801 oinct-2

297 833 344 860 ον
371 819 612 873 στράτευμα
648 817 679 875 ἢ
714 822 814 874 γοῦν
850 836 892 862 τι
919 821 1116 873 θεομισὲς
1159 819 1230 862 ἐπὶ
1257 823 1312 879 τῷ
1340 825 1561 864 πολυτελεῖ
1592 823 1734 880 ἐκείνῳ

297 882 369 924 καὶ
387 886 615 942 θαυμασίῳ
643 882 748 943 ἔργῳ
780 884 1107 939 βουλεύσασθαι,
1137 884 1239 940 ἀνὴρ
1266 888 1340 928 καί
1364 888 1494 929 ταῦτα
1520 884 1579 943 μὴ
1609 886 1732 937 εἰδιός
1750 901 1796 935 ιο

293 947 395 990 θεὸν
424 943 476 990 οὗ
501 948 544 991 τὸ
577 951 743 1003 τέμενος
769 947 1055 1003 ὑπεστέλλετο,
1085 948 1192 992 α’λλὰ
1215 954 1331 1000 θεοῖς
1360 951 1577 1004 ἀπονέμων
1603 954 1731 1006 σέβας

293 1014 430 1062 κακῶς
458 1014 502 1057 οἳ
534 1014 605 1056 τὸν
646 1014 829 1071 ου’ρανὸν
868 1015 942 1056 οὐκ
971 1016 1194 1070 ἐποίησαν,
1231 1017 1352 1058 ποιάν
1380 1012 1454 1057 οὔκ
1478 1012 1531 1058 ἂν
1555 1015 1641 1057 ἔδει
1669 1032 1731 1058 τι-

290 1076 376 1133 μήν
402 1082 704 1134 θεοσεβοῧντας
740 1078 962 1134 ἀπονεῖμαι
991 1080 1276 1137 Χριστιανούς
1313 1083 1369 1139 τῷ
1394 1083 1598 1138 καλλίστῳ
1626 1083 1732 1138 τῷδε

292 1142 366 1185 καί
390 1144 492 1202 θείῳ
532 1147 642 1204 ναῷ,
691 1142 816 1201 ὅνπερ
849 1143 1035 1199 ἀτεχνῶς
1072 1147 1178 1188 θεοῦ
1211 1151 1351 1200 χεῖρες
1381 1142 1733 1202 ἧρχιτεκτόνησαν

253 1210 363 1251 num·
389 1206 563 1252 ὕστατον
599 1210 673 1253 καί
698 1213 862 1266 πρῶτον
903 1212 1252 1266 ἐκαλλιτέχνησαν
1277 1209 1397 1266 ἔργον
1426 1211 1632 1268 α’μιζιιητον
1659 1210 1732 1254 καί
1745 1214 1793 1259 15

289 1269 486 1328 ἄντικρυς
516 1276 589 1318 ὲπί
612 1277 686 1330 γῆς
717 1274 910 1330 οὐράνιον
936 1278 1185 1332 σφαίρωμας

398 1339 522 1384 Κατὰ
562 1342 608 1384 δὲ
655 1343 732 1384 τοῦ
767 1343 1036 1398 πατριάρχου
1072 1340 1300 1384 Θεοδοσίου
1340 1340 1576 1397 βαρύμηνις
1614 1338 1674 1383 ὦν
1703 1341 1728 1384 ὅ

286 1403 632 1461 πρωτοσεβαστὸς
660 1405 719 1455 ὥς
734 1412 822 1456 τοῖς
838 1407 971 1449 αὐτοῦ
995 1404 1258 1462 βουλήμασιν
1279 1409 1587 1459 ἅνθισταμένου
1620 1411 1729 1459 λαμ·-

285 1472 403 1524 πρῶς
431 1473 505 1513 καί
544 1469 618 1521 τὰς
657 1469 811 1521 οἰκείας
854 1472 1019 1528 ἐφέσεις
1069 1471 1359 1526 ἐγκόπτοντος,
1409 1473 1484 1513 καί
1525 1468 1727 1526 πρότερον

283 1536 363 1588 μὲν
389 1538 478 1578 κατ’
506 1538 638 1578 αὐτοῦ
663 1536 842 1586 πολλοὺς
872 1539 956 1580 τῶν
979 1537 1213 1592 ἀρχιερέων
1240 1538 1532 1592 έπισυνέστησε
1563 1537 1791 1594 χρυσίῳαο

284 1599 359 1643 καί
382 1604 600 1659 συμποσίῳ
631 1601 907 1659 διαφθείρας,
936 1601 1009 1644 καὶ
1043 1604 1296 1657 καθαιρέσει
1323 1603 1471 1643 τοῦτον
1497 1602 1570 1642 καί
1596 1599 1724 1642 ἀπόν-

284 1681 338 1708 τα
378 1664 584 1719 ὑπέβαλεν
626 1665 683 1717 αἷς
723 1669 854 1722 δῆθεν
893 1670 944 1724 τῇ
970 1667 1244 1723 Καισαρίσσῃ
1280 1665 1386 1708 κατά
1415 1667 1492 1708 τοῦ
1520 1668 1725 1720 βασιλέως

149 1735 190 1768 V·
210 1729 550 1789 ¹29e3navaara'021
591 1733 875 1788 προσθέμενον
913 1733 986 1774 καί
1026 1731 1084 1781 ὥς
1109 1733 1181 1788 α’φ*
1219 1730 1476 1787 ὁρμητηρίου
1505 1733 1583 1773 τοῦ
1609 1729 1725 1786 ἱεροῦ

371 1857 404 1893 5-
434 1854 455 1891 ὀ
480 1855 574 1901 πρὶν
596 1855 660 1891 ἐπὶ
685 1851 754 1898 τὴν
775 1856 814 1889 Δ.
907 1856 941 1890 6.
966 1853 1063 1903 νεώ]
1091 1855 1186 1890 ναοῦ
1213 1854 1253 1888 Α.

278 1968 410 2013 plicem
435 1968 605 2010 absolvo,
643 1979 737 2014 quae
764 1968 968 2003 temeritate
1003 1979 1067 2001 sua
1091 1979 1164 2000 rem
1187 1966 1369 2011 publicam
1394 1965 1574 2010 turbavit3
1598 1977 1719 2014 neque

279 2026 341 2047 eos
366 2015 430 2059 qui
453 2016 562 2048 verba
586 2015 759 2059 supplicis
784 2016 964 2059 aspernati
1003 2015 1042 2047 in
1067 2014 1334 2047 contentionem
1359 2012 1456 2045 haud
1482 2024 1568 2046 sane
1591 2014 1718 2048 lauda-

277 2060 391 2093 bilem
415 2060 679 2094 descenderunt
701 2067 738 2095 et
757 2061 901 2094 domum
925 2061 1140 2106 precationis
1163 2059 1333 2092 caedibus
1355 2059 1615 2103 impleverunt,
1638 2061 1718 2105 pia-

278 2107 352 2139 culi
386 2113 549 2151 expertes
582 2118 659 2140 esse
694 2114 824 2142 statuo.
848 2119 930 2140 nam
968 2109 997 2141 si
1020 2107 1125 2140 Titus
1148 2107 1361 2150 imperator,
1386 2106 1484 2138 urbis
1509 2106 1718 2151 Hierosoly-

276 2163 415 2185 morum
452 2159 695 2198 oppugnator,
733 2154 940 2187 Salomonio
973 2154 1108 2198 templo
1141 2163 1255 2197 usque
1295 2151 1385 2183 adeo
1415 2153 1596 2196 pepercit,
1621 2158 1659 2186 et
1682 2154 1717 2186 ei

278 2199 508 2232 defendendo
536 2200 587 2232 ita
613 2200 772 2241 studuit,
802 2206 843 2233 ut
864 2200 909 2233 ab
936 2205 1146 2244 erumpente
1180 2198 1266 2231 inde
1290 2197 1436 2230 Iudaica
1459 2197 1605 2230 cohorte
1633 2200 1717 2234 telis

276 2245 354 2290 peti
382 2251 419 2277 et
443 2246 538 2278 male
570 2247 715 2279 tractari
746 2258 849 2280 suum
880 2247 1074 2279 exercitum
1113 2256 1221 2290 quam
1246 2249 1492 2288 sumptuosum
1522 2250 1558 2277 et
1579 2245 1714 2280 miran-

278 2291 363 2327 dum
388 2291 480 2324 illud
508 2303 598 2336 opus
621 2293 748 2326 violari
773 2293 962 2334 maluerit3
989 2292 1100 2337 idque
1128 2291 1235 2324 homo
1261 2291 1337 2323 eius
1363 2289 1421 2323 dei
1445 2290 1589 2333 ignarus
1613 2293 1715 2326 cuius

275 2337 451 2382 templum
476 2337 729 2379 reverebatur,
768 2345 804 2373 et
829 2350 950 2372 eorum
989 2339 1136 2372 deorum
1171 2338 1289 2370 cultor
1310 2337 1373 2380 qui
1397 2337 1535 2380 caelum
1558 2348 1632 2370 non
1659 2339 1715 2371 se-

276 2389 424 2425 cerunt‚
450 2385 532 2428 quis
555 2384 668 2418 honos
693 2396 712 2417 a
742 2386 917 2429 religiosis
949 2390 985 2418 et
1020 2395 1039 2417 a
1065 2384 1276 2417 Christianis
1303 2383 1387 2415 huic
1409 2383 1650 2427 pulcherrimo
1677 2390 1714 2418 et

301 2430 384 2462 lane
421 2429 543 2464 divino
566 2431 701 2475 templo
739 2431 926 2464 habendus
950 2442 1023 2463 non
1049 2430 1141 2472 fuit,
1166 2430 1264 2475 quod
1289 2429 1435 2462 omnino
1465 2428 1523 2461 dei
1545 2431 1713 2464 manibus

275 2441 491 2509 fabricatum
529 2482 606 2517 est,
646 2478 798 2522 primum
822 2489 863 2510 ac
894 2483 1114 2521 postremum
1152 2487 1263 2520 opus,
1296 2475 1575 2519 pulcherrimum
1600 2482 1710 2522 atque

275 2521 519 2564 inimitabile,
556 2523 684 2556 necin
721 2524 825 2557 terris
854 2523 954 2556 aliud
994 2534 1101 2569 quam
1138 2523 1235 2555 orbis
1268 2521 1415 2567 quidam
1452 2522 1616 2556 caelestis
1647 2534 1710 2557 ex-

275 2569 377 2603 titit?

367 2615 414 2649 At
439 2615 709 2660 protosebastus
733 2615 957 2661 patriarchae
972 2615 1181 2648 Theodosio
1207 2615 1319 2648 iratus
1345 2620 1386 2648 ut
1410 2615 1484 2648 suis
1498 2614 1709 2661 cupiditati-

275 2661 344 2694 bus
370 2668 491 2706 aperte
519 2661 739 2702 adversanti,
764 2663 940 2707 principio
964 2663 1096 2695 multos
1119 2662 1305 2706 primarios
1331 2661 1533 2695 sacerdotes
1560 2672 1647 2694 auro
1672 2667 1709 2696 et

277 2708 450 2742 conviviis
475 2714 660 2753 corruptos
684 2714 807 2742 contra
830 2709 934 2742 illum
958 2708 1177 2743 subornavit.
1203 2707 1334 2741 deinde
1357 2709 1465 2741 etiam
1492 2708 1537 2741 de
1558 2708 1707 2742 absente

278 2753 451 2790 iudicium
475 2755 552 2789 fieri
579 2756 692 2796 iussit,
718 2755 816 2801 quod
840 2755 1062 2791 Caesarissae
1086 2760 1207 2791 contra
1236 2755 1487 2800 imperatorem
1513 2755 1706 2790 seditiosae
