<?xml version="1.0" encoding="UTF-8"?>
<!DOCTYPE html PUBLIC "-//W3C//DTD XHTML 1.0 Transitional//EN"
    "http://www.w3.org/TR/xhtml1/DTD/xhtml1-transitional.dtd">
<html xmlns="http://www.w3.org/1999/xhtml" xml:lang="en" lang="en">
 <head>
  <title>
</title>
<meta http-equiv="Content-Type" content="text/html;charset=utf-8" />
  <meta name='ocr-system' content='tesseract 3.04.00' />
  <meta name='ocr-capabilities' content='ocr_page ocr_carea ocr_par ocr_line ocrx_word'/>
</head>
<body>
  <div class='ocr_page' id='page_1' title='image "./corpusscriptorum41niebuoft/corpusscriptorum41niebuoft_0013.png"; bbox 0 0 1890 3276; ppageno 0'>
   <div class='ocr_carea' id='block_1_1' title="bbox 245 738 1512 785">
    <p class='ocr_par' dir='ltr' id='par_1_1' title="bbox 245 738 1512 785">
     <span class='ocr_line' id='line_1_1' title="bbox 245 738 1512 785; baseline 0.005 -6"><span class='ocrx_word' id='word_1_1' title='bbox 245 738 668 782; x_wconf 75' lang='lat' dir='ltr'><strong>EMlNEN‘islMo</strong></span> <span class='ocrx_word' id='word_1_2' title='bbox 706 743 748 782; x_wconf 90' lang='lat' dir='ltr'><strong>S.</strong></span> <span class='ocrx_word' id='word_1_3' title='bbox 778 744 827 783; x_wconf 66' lang='lat' dir='ltr'><strong>R„</strong></span> <span class='ocrx_word' id='word_1_4' title='bbox 869 743 920 782; x_wconf 85' lang='lat' dir='ltr'><strong>E.</strong></span> <span class='ocrx_word' id='word_1_5' title='bbox 951 744 1181 785; x_wconf 82' lang='lat' dir='ltr'><strong>PRINCIPI</strong></span> <span class='ocrx_word' id='word_1_6' title='bbox 1216 744 1512 785; x_wconf 73' lang='lat' dir='ltr'><strong>CARmNAL}</strong></span> 
     </span>
    </p>
   </div>
   <div class='ocr_carea' id='block_1_2' title="bbox 360 858 1381 922">
    <p class='ocr_par' dir='ltr' id='par_1_2' title="bbox 360 858 1381 922">
     <span class='ocr_line' id='line_1_2' title="bbox 360 858 1381 922; baseline 0.005 -6"><span class='ocrx_word' id='word_1_7' title='bbox 360 858 698 919; x_wconf 91' lang='lat' dir='ltr'>IULIO</span> <span class='ocrx_word' id='word_1_8' title='bbox 757 860 1381 922; x_wconf 87' lang='lat' dir='ltr'><strong>MAZARINO</strong></span> 
     </span>
    </p>
   </div>
   <div class='ocr_carea' id='block_1_3' title="bbox 157 1090 1602 2795">
    <p class='ocr_par' dir='ltr' id='par_1_3' title="bbox 157 1090 1602 2795">
     <span class='ocr_line' id='line_1_3' title="bbox 159 1090 1595 1165; baseline 0.001 -17"><span class='ocrx_word' id='word_1_9' title='bbox 159 1090 313 1148; x_wconf 75' lang='lat' dir='ltr'><strong>Editio</strong></span> <span class='ocrx_word' id='word_1_10' title='bbox 330 1108 488 1149; x_wconf 73' lang='lat' dir='ltr'><strong>Nicetae</strong></span> <span class='ocrx_word' id='word_1_11' title='bbox 505 1115 609 1149; x_wconf 73' lang='lat' dir='ltr'><strong>nora</strong></span> <span class='ocrx_word' id='word_1_12' title='bbox 635 1116 848 1163; x_wconf 82' lang='lat' dir='ltr'><strong>patronum</strong></span> <span class='ocrx_word' id='word_1_13' title='bbox 873 1110 948 1150; x_wconf 90' lang='lat' dir='ltr'><strong>sibi</strong></span> <span class='ocrx_word' id='word_1_14' title='bbox 969 1125 1015 1150; x_wconf 90' lang='lat' dir='ltr'><strong>ex</strong></span> <span class='ocrx_word' id='word_1_15' title='bbox 1039 1124 1155 1150; x_wconf 78' lang='lat' dir='ltr'><strong>more</strong></span> <span class='ocrx_word' id='word_1_16' title='bbox 1187 1111 1407 1165; x_wconf 85' lang='lat' dir='ltr'><strong>quaerebat</strong></span> <span class='ocrx_word' id='word_1_17' title='bbox 1446 1111 1595 1151; x_wconf 81' lang='lat' dir='ltr'><strong>adver..</strong></span> 
     </span>
     <span class='ocr_line' id='line_1_4' title="bbox 160 1181 1596 1236; baseline 0.001 -15"><span class='ocrx_word' id='word_1_18' title='bbox 160 1196 228 1222; x_wconf 83' lang='lat' dir='ltr'><strong>sus</strong></span> <span class='ocrx_word' id='word_1_19' title='bbox 258 1181 456 1235; x_wconf 87' lang='lat' dir='ltr'><strong>malignos</strong></span> <span class='ocrx_word' id='word_1_20' title='bbox 483 1182 735 1236; x_wconf 80' lang='lat' dir='ltr'><strong>invidosque.</strong></span> <span class='ocrx_word' id='word_1_21' title='bbox 764 1196 872 1222; x_wconf 88' lang='lat' dir='ltr'><strong>unus</strong></span> <span class='ocrx_word' id='word_1_22' title='bbox 897 1184 1122 1230; x_wconf 76' lang='lat' dir='ltr'>occurristi,</span> <span class='ocrx_word' id='word_1_23' title='bbox 1153 1183 1398 1222; x_wconf 68' lang='lat' dir='ltr'><strong>Cunnuus</strong></span> <span class='ocrx_word' id='word_1_24' title='bbox 1411 1183 1596 1222; x_wconf 67' lang='lat' dir='ltr'><strong>Eumen-</strong></span> 
     </span>
     <span class='ocr_line' id='line_1_5' title="bbox 162 1254 1598 1308; baseline 0.002 -17"><span class='ocrx_word' id='word_1_25' title='bbox 162 1267 338 1304; x_wconf 73' lang='lat' dir='ltr'><strong>rissmss,</strong></span> <span class='ocrx_word' id='word_1_26' title='bbox 367 1255 479 1294; x_wconf 88' lang='lat' dir='ltr'><strong>cuius</strong></span> <span class='ocrx_word' id='word_1_27' title='bbox 515 1255 744 1308; x_wconf 86' lang='lat' dir='ltr'><strong>patrocinio</strong></span> <span class='ocrx_word' id='word_1_28' title='bbox 783 1269 863 1294; x_wconf 89' lang='lat' dir='ltr'><strong>non</strong></span> <span class='ocrx_word' id='word_1_29' title='bbox 895 1254 993 1293; x_wconf 88' lang='lat' dir='ltr'><strong>levis</strong></span> <span class='ocrx_word' id='word_1_30' title='bbox 1033 1261 1172 1293; x_wconf 82' lang='lat' dir='ltr'><strong>auctor</strong></span> <span class='ocrx_word' id='word_1_31' title='bbox 1195 1268 1281 1293; x_wconf 85' lang='lat' dir='ltr'><strong>sese</strong></span> <span class='ocrx_word' id='word_1_32' title='bbox 1302 1257 1598 1306; x_wconf 80' lang='lat' dir='ltr'><strong>committeret,</strong></span> 
     </span>
     <span class='ocr_line' id='line_1_6' title="bbox 160 1318 1599 1380; baseline -0.001 -17"><span class='ocrx_word' id='word_1_33' title='bbox 160 1318 287 1364; x_wconf 81' lang='lat' dir='ltr'><strong>unum</strong></span> <span class='ocrx_word' id='word_1_34' title='bbox 317 1325 378 1365; x_wconf 84' lang='lat' dir='ltr'><strong>Te</strong></span> <span class='ocrx_word' id='word_1_35' title='bbox 402 1325 600 1380; x_wconf 80' lang='lat' dir='ltr'><strong>siquidem</strong></span> <span class='ocrx_word' id='word_1_36' title='bbox 628 1325 811 1365; x_wconf 88' lang='lat' dir='ltr'><strong>videmus</strong></span> <span class='ocrx_word' id='word_1_37' title='bbox 846 1325 1046 1364; x_wconf 84' lang='lat' dir='ltr'><strong>litteraria</strong></span> <span class='ocrx_word' id='word_1_38' title='bbox 1074 1333 1336 1364; x_wconf 84' lang='lat' dir='ltr'><strong>monumenta</strong></span> <span class='ocrx_word' id='word_1_39' title='bbox 1364 1326 1456 1365; x_wconf 90' lang='lat' dir='ltr'><strong>orbi</strong></span> <span class='ocrx_word' id='word_1_40' title='bbox 1501 1326 1599 1364; x_wconf 90' lang='lat' dir='ltr'><strong>Gal..</strong></span> 
     </span>
     <span class='ocr_line' id='line_1_7' title="bbox 159 1396 1601 1451; baseline 0 -16"><span class='ocrx_word' id='word_1_41' title='bbox 159 1396 237 1436; x_wconf 82' lang='lat' dir='ltr'><strong>lico</strong></span> <span class='ocrx_word' id='word_1_42' title='bbox 282 1396 446 1436; x_wconf 77' lang='lat' dir='ltr'>forsitan</span> <span class='ocrx_word' id='word_1_43' title='bbox 482 1398 618 1451; x_wconf 79' lang='lat' dir='ltr'><strong>ignota</strong></span> <span class='ocrx_word' id='word_1_44' title='bbox 649 1396 801 1451; x_wconf 81' lang='lat' dir='ltr'><strong>ubique</strong></span> <span class='ocrx_word' id='word_1_45' title='bbox 843 1397 1020 1450; x_wconf 78' lang='lat' dir='ltr'><strong>gentium</strong></span> <span class='ocrx_word' id='word_1_46' title='bbox 1056 1396 1243 1450; x_wconf 79' lang='lat' dir='ltr'>conquiri</span> <span class='ocrx_word' id='word_1_47' title='bbox 1282 1397 1446 1446; x_wconf 86' lang='lat' dir='ltr'><strong>iubere,</strong></span> <span class='ocrx_word' id='word_1_48' title='bbox 1490 1403 1528 1436; x_wconf 88' lang='lat' dir='ltr'><strong>et</strong></span> <span class='ocrx_word' id='word_1_49' title='bbox 1555 1398 1601 1435; x_wconf 80' lang='lat' dir='ltr'><strong>in</strong></span> 
     </span>
     <span class='ocr_line' id='line_1_8' title="bbox 157 1468 1602 1522; baseline -0.001 -15"><span class='ocrx_word' id='word_1_50' title='bbox 157 1468 444 1509; x_wconf 77' lang='lat' dir='ltr'><strong>bibliothecam</strong></span> <span class='ocrx_word' id='word_1_51' title='bbox 457 1469 587 1508; x_wconf 81' lang='lat' dir='ltr'><strong>Tuam</strong></span> <span class='ocrx_word' id='word_1_52' title='bbox 614 1468 976 1522; x_wconf 80' lang='lat' dir='ltr'>incomparabilem</span> <span class='ocrx_word' id='word_1_53' title='bbox 1000 1469 1172 1518; x_wconf 83' lang='lat' dir='ltr'><strong>admitti,</strong></span> <span class='ocrx_word' id='word_1_54' title='bbox 1202 1475 1251 1508; x_wconf 86' lang='lat' dir='ltr'><strong>ut</strong></span> <span class='ocrx_word' id='word_1_55' title='bbox 1269 1476 1307 1508; x_wconf 84' lang='lat' dir='ltr'><strong>et</strong></span> <span class='ocrx_word' id='word_1_56' title='bbox 1334 1469 1602 1506; x_wconf 80' lang='lat' dir='ltr'><strong>certissimum</strong></span> 
     </span>
     <span class='ocr_line' id='line_1_9' title="bbox 158 1539 1594 1594; baseline -0.003 -14"><span class='ocrx_word' id='word_1_57' title='bbox 158 1539 210 1580; x_wconf 88' lang='lat' dir='ltr'><strong>sit</strong></span> <span class='ocrx_word' id='word_1_58' title='bbox 238 1542 481 1593; x_wconf 80' lang='lat' dir='ltr'><strong>scriptorem</strong></span> <span class='ocrx_word' id='word_1_59' title='bbox 510 1539 581 1594; x_wconf 90' lang='lat' dir='ltr'><strong>qui</strong></span> <span class='ocrx_word' id='word_1_60' title='bbox 611 1547 655 1579; x_wconf 83' lang='lat' dir='ltr'><strong>te</strong></span> <span class='ocrx_word' id='word_1_61' title='bbox 676 1539 786 1579; x_wconf 82' lang='lat' dir='ltr'><strong>ultro</strong></span> <span class='ocrx_word' id='word_1_62' title='bbox 814 1540 897 1579; x_wconf 84' lang='lat' dir='ltr'><strong>adit</strong></span> <span class='ocrx_word' id='word_1_63' title='bbox 923 1539 1098 1594; x_wconf 86' lang='lat' dir='ltr'><strong>benigna</strong></span> <span class='ocrx_word' id='word_1_64' title='bbox 1126 1540 1258 1579; x_wconf 84' lang='lat' dir='ltr'><strong>fronte</strong></span> <span class='ocrx_word' id='word_1_65' title='bbox 1286 1539 1500 1579; x_wconf 87' lang='lat' dir='ltr'><strong>admissum</strong></span> <span class='ocrx_word' id='word_1_66' title='bbox 1533 1539 1594 1577; x_wconf 87' lang='lat' dir='ltr'><strong>iri.</strong></span> 
     </span>
     <span class='ocr_line' id='line_1_10' title="bbox 157 1609 1601 1666; baseline -0.003 -15"><span class='ocrx_word' id='word_1_67' title='bbox 157 1612 238 1651; x_wconf 77' lang='lat' dir='ltr'><strong>hoc</strong></span> <span class='ocrx_word' id='word_1_68' title='bbox 267 1626 366 1651; x_wconf 87' lang='lat' dir='ltr'><strong>vero</strong></span> <span class='ocrx_word' id='word_1_69' title='bbox 396 1613 577 1651; x_wconf 89' lang='lat' dir='ltr'><strong>omnium</strong></span> <span class='ocrx_word' id='word_1_70' title='bbox 620 1612 766 1666; x_wconf 84' lang='lat' dir='ltr'><strong>linguis</strong></span> <span class='ocrx_word' id='word_1_71' title='bbox 796 1611 1063 1666; x_wconf 73' lang='lat' dir='ltr'><strong>laudibusque</strong></span> <span class='ocrx_word' id='word_1_72' title='bbox 1090 1612 1283 1652; x_wconf 78' lang='lat' dir='ltr'><strong>celebrari</strong></span> <span class='ocrx_word' id='word_1_73' title='bbox 1308 1609 1448 1658; x_wconf 76' lang='lat' dir='ltr'><strong>debet,</strong></span> <span class='ocrx_word' id='word_1_74' title='bbox 1485 1610 1601 1663; x_wconf 81' lang='lat' dir='ltr'><strong>quod</strong></span> 
     </span>
     <span class='ocr_line' id='line_1_11' title="bbox 162 1680 1602 1735; baseline -0.001 -15"><span class='ocrx_word' id='word_1_75' title='bbox 162 1681 254 1721; x_wconf 85' lang='lat' dir='ltr'><strong>licet</strong></span> <span class='ocrx_word' id='word_1_76' title='bbox 270 1695 316 1720; x_wconf 88' lang='lat' dir='ltr'><strong>ea</strong></span> <span class='ocrx_word' id='word_1_77' title='bbox 332 1681 556 1735; x_wconf 79' lang='lat' dir='ltr'><strong>prudentia,</strong></span> <span class='ocrx_word' id='word_1_78' title='bbox 576 1695 696 1734; x_wconf 84' lang='lat' dir='ltr'><strong>quam</strong></span> <span class='ocrx_word' id='word_1_79' title='bbox 713 1682 860 1720; x_wconf 87' lang='lat' dir='ltr'><strong>caeteri</strong></span> <span class='ocrx_word' id='word_1_80' title='bbox 879 1696 924 1721; x_wconf 86' lang='lat' dir='ltr'><strong>ex</strong></span> <span class='ocrx_word' id='word_1_81' title='bbox 941 1682 1138 1721; x_wconf 82' lang='lat' dir='ltr'><strong>librorum</strong></span> <span class='ocrx_word' id='word_1_82' title='bbox 1157 1681 1328 1721; x_wconf 85' lang='lat' dir='ltr'><strong>lectione</strong></span> <span class='ocrx_word' id='word_1_83' title='bbox 1347 1680 1602 1720; x_wconf 74' lang='lat' dir='ltr'><strong>emendicare</strong></span> 
     </span>
     <span class='ocr_line' id='line_1_12' title="bbox 162 1752 1595 1806; baseline 0 -16"><span class='ocrx_word' id='word_1_84' title='bbox 162 1765 321 1791; x_wconf 85' lang='lat' dir='ltr'><strong>necesse</strong></span> <span class='ocrx_word' id='word_1_85' title='bbox 351 1752 513 1802; x_wconf 82' lang='lat' dir='ltr'><strong>habent,</strong></span> <span class='ocrx_word' id='word_1_86' title='bbox 537 1753 630 1791; x_wconf 72' lang='lat' dir='ltr'><strong>Tibi</strong></span> <span class='ocrx_word' id='word_1_87' title='bbox 659 1753 837 1806; x_wconf 79' lang='lat' dir='ltr'><strong>ingenita</strong></span> <span class='ocrx_word' id='word_1_88' title='bbox 864 1755 928 1804; x_wconf 85' lang='lat' dir='ltr'><strong>sit,</strong></span> <span class='ocrx_word' id='word_1_89' title='bbox 957 1767 1023 1792; x_wconf 88' lang='lat' dir='ltr'><strong>eos</strong></span> <span class='ocrx_word' id='word_1_90' title='bbox 1051 1761 1185 1792; x_wconf 77' lang='lat' dir='ltr'><strong>tumen</strong></span> <span class='ocrx_word' id='word_1_91' title='bbox 1214 1760 1329 1792; x_wconf 82' lang='lat' dir='ltr'><strong>tanta</strong></span> <span class='ocrx_word' id='word_1_92' title='bbox 1346 1753 1468 1792; x_wconf 89' lang='lat' dir='ltr'><strong>animi</strong></span> <span class='ocrx_word' id='word_1_93' title='bbox 1498 1767 1595 1790; x_wconf 91' lang='lat' dir='ltr'><strong>con-</strong></span> 
     </span>
     <span class='ocr_line' id='line_1_13' title="bbox 162 1822 1596 1876; baseline 0.002 -18"><span class='ocrx_word' id='word_1_94' title='bbox 162 1822 341 1859; x_wconf 78' lang='lat' dir='ltr'><strong>tentione</strong></span> <span class='ocrx_word' id='word_1_95' title='bbox 357 1828 522 1874; x_wconf 79' lang='lat' dir='ltr'><strong>tumque</strong></span> <span class='ocrx_word' id='word_1_96' title='bbox 540 1823 721 1874; x_wconf 84' lang='lat' dir='ltr'><strong>impenso</strong></span> <span class='ocrx_word' id='word_1_97' title='bbox 748 1830 909 1875; x_wconf 83' lang='lat' dir='ltr'><strong>sumptu</strong></span> <span class='ocrx_word' id='word_1_98' title='bbox 940 1825 1159 1875; x_wconf 83' lang='lat' dir='ltr'><strong>comparari</strong></span> <span class='ocrx_word' id='word_1_99' title='bbox 1186 1824 1271 1873; x_wconf 85' lang='lat' dir='ltr'><strong>vis,</strong></span> <span class='ocrx_word' id='word_1_100' title='bbox 1300 1837 1348 1861; x_wconf 90' lang='lat' dir='ltr'><strong>ac</strong></span> <span class='ocrx_word' id='word_1_101' title='bbox 1364 1824 1394 1862; x_wconf 87' lang='lat' dir='ltr'><strong>si</strong></span> <span class='ocrx_word' id='word_1_102' title='bbox 1414 1823 1596 1876; x_wconf 86' lang='lat' dir='ltr'><strong>pruden-</strong></span> 
     </span>
     <span class='ocr_line' id='line_1_14' title="bbox 160 1890 1601 1947; baseline 0.003 -18"><span class='ocrx_word' id='word_1_103' title='bbox 160 1890 218 1929; x_wconf 78' lang='lat' dir='ltr'><strong>tia</strong></span> <span class='ocrx_word' id='word_1_104' title='bbox 241 1890 306 1929; x_wconf 82' lang='lat' dir='ltr'><strong>illa</strong></span> <span class='ocrx_word' id='word_1_105' title='bbox 329 1906 410 1930; x_wconf 82' lang='lat' dir='ltr'><strong>non</strong></span> <span class='ocrx_word' id='word_1_106' title='bbox 421 1893 514 1931; x_wconf 84' lang='lat' dir='ltr'><strong>Tibi</strong></span> <span class='ocrx_word' id='word_1_107' title='bbox 538 1902 706 1946; x_wconf 78' lang='lat' dir='ltr'><strong>cognata</strong></span> <span class='ocrx_word' id='word_1_108' title='bbox 727 1894 796 1932; x_wconf 80' lang='lat' dir='ltr'><strong>sed</strong></span> <span class='ocrx_word' id='word_1_109' title='bbox 812 1893 954 1942; x_wconf 81' lang='lat' dir='ltr'><strong>labore</strong></span> <span class='ocrx_word' id='word_1_110' title='bbox 976 1893 1160 1947; x_wconf 85' lang='lat' dir='ltr'><strong>paranda</strong></span> <span class='ocrx_word' id='word_1_111' title='bbox 1199 1901 1313 1934; x_wconf 82' lang='lat' dir='ltr'><strong>esset.</strong></span> <span class='ocrx_word' id='word_1_112' title='bbox 1331 1894 1468 1946; x_wconf 85' lang='lat' dir='ltr'><strong>itaque</strong></span> <span class='ocrx_word' id='word_1_113' title='bbox 1488 1895 1601 1933; x_wconf 81' lang='lat' dir='ltr'><strong>bono</strong></span> 
     </span>
     <span class='ocr_line' id='line_1_15' title="bbox 164 1962 1595 2016; baseline 0.001 -17"><span class='ocrx_word' id='word_1_114' title='bbox 164 1963 289 2014; x_wconf 80' lang='lat' dir='ltr'><strong>magis</strong></span> <span class='ocrx_word' id='word_1_115' title='bbox 318 1962 479 2015; x_wconf 86' lang='lat' dir='ltr'><strong>publico</strong></span> <span class='ocrx_word' id='word_1_116' title='bbox 504 1962 787 2002; x_wconf 70' lang='lat' dir='ltr'><strong>bibliothecam</strong></span> <span class='ocrx_word' id='word_1_117' title='bbox 817 1963 994 2002; x_wconf 84' lang='lat' dir='ltr'><strong>instituis</strong></span> <span class='ocrx_word' id='word_1_118' title='bbox 1023 1977 1143 2016; x_wconf 84' lang='lat' dir='ltr'><strong>quam</strong></span> <span class='ocrx_word' id='word_1_119' title='bbox 1161 1963 1269 2013; x_wconf 88' lang='lat' dir='ltr'><strong>Tuo,</strong></span> <span class='ocrx_word' id='word_1_120' title='bbox 1299 1969 1347 2003; x_wconf 86' lang='lat' dir='ltr'><strong>ut</strong></span> <span class='ocrx_word' id='word_1_121' title='bbox 1374 1977 1510 2002; x_wconf 84' lang='lat' dir='ltr'><strong>omnes</strong></span> <span class='ocrx_word' id='word_1_122' title='bbox 1532 1965 1595 2002; x_wconf 89' lang='lat' dir='ltr'><strong>in-</strong></span> 
     </span>
     <span class='ocr_line' id='line_1_16' title="bbox 163 2032 1594 2087; baseline 0.001 -16"><span class='ocrx_word' id='word_1_123' title='bbox 163 2033 342 2085; x_wconf 76' lang='lat' dir='ltr'><strong>telligant</strong></span> <span class='ocrx_word' id='word_1_124' title='bbox 364 2041 401 2072; x_wconf 81' lang='lat' dir='ltr'><strong>et</strong></span> <span class='ocrx_word' id='word_1_125' title='bbox 430 2047 516 2072; x_wconf 82' lang='lat' dir='ltr'><strong>rem</strong></span> <span class='ocrx_word' id='word_1_126' title='bbox 546 2032 640 2072; x_wconf 83' lang='lat' dir='ltr'><strong>belli</strong></span> <span class='ocrx_word' id='word_1_127' title='bbox 663 2040 700 2071; x_wconf 81' lang='lat' dir='ltr'><strong>et</strong></span> <span class='ocrx_word' id='word_1_128' title='bbox 715 2033 829 2086; x_wconf 83' lang='lat' dir='ltr'><strong>pacis</strong></span> <span class='ocrx_word' id='word_1_129' title='bbox 855 2033 1001 2072; x_wconf 85' lang='lat' dir='ltr'><strong>decora</strong></span> <span class='ocrx_word' id='word_1_130' title='bbox 1028 2033 1328 2087; x_wconf 83' lang='lat' dir='ltr'><strong>peraequeTibi</strong></span> <span class='ocrx_word' id='word_1_131' title='bbox 1356 2047 1479 2072; x_wconf 86' lang='lat' dir='ltr'><strong>curae</strong></span> <span class='ocrx_word' id='word_1_132' title='bbox 1497 2047 1594 2072; x_wconf 86' lang='lat' dir='ltr'><strong>esse.</strong></span> 
     </span>
     <span class='ocr_line' id='line_1_17' title="bbox 164 2103 1598 2159; baseline -0.001 -16"><span class='ocrx_word' id='word_1_133' title='bbox 164 2103 295 2143; x_wconf 82' lang='lat' dir='ltr'><strong>altero</strong></span> <span class='ocrx_word' id='word_1_134' title='bbox 306 2104 450 2144; x_wconf 68' lang='lat' dir='ltr'><strong>Gallici</strong></span> <span class='ocrx_word' id='word_1_135' title='bbox 470 2105 605 2144; x_wconf 79' lang='lat' dir='ltr'><strong>hostes</strong></span> <span class='ocrx_word' id='word_1_136' title='bbox 630 2107 801 2144; x_wconf 88' lang='lat' dir='ltr'><strong>nominis</strong></span> <span class='ocrx_word' id='word_1_137' title='bbox 819 2105 992 2156; x_wconf 59' lang='lat' dir='ltr'><strong>ohta-es,</strong></span> <span class='ocrx_word' id='word_1_138' title='bbox 1015 2105 1145 2145; x_wconf 86' lang='lat' dir='ltr'><strong>altero</strong></span> <span class='ocrx_word' id='word_1_139' title='bbox 1176 2107 1384 2159; x_wconf 78' lang='lat' dir='ltr'><strong>peritiores</strong></span> <span class='ocrx_word' id='word_1_140' title='bbox 1412 2105 1598 2144; x_wconf 83' lang='lat' dir='ltr'><strong>homines</strong></span> 
     </span>
     <span class='ocr_line' id='line_1_18' title="bbox 165 2175 1597 2231; baseline 0 -17"><span class='ocrx_word' id='word_1_141' title='bbox 165 2175 332 2224; x_wconf 87' lang='lat' dir='ltr'><strong>efficies,</strong></span> <span class='ocrx_word' id='word_1_142' title='bbox 369 2184 415 2215; x_wconf 82' lang='lat' dir='ltr'><strong>ut</strong></span> <span class='ocrx_word' id='word_1_143' title='bbox 442 2184 596 2229; x_wconf 82' lang='lat' dir='ltr'><strong>quanto</strong></span> <span class='ocrx_word' id='word_1_144' title='bbox 634 2177 689 2216; x_wconf 89' lang='lat' dir='ltr'><strong>sis</strong></span> <span class='ocrx_word' id='word_1_145' title='bbox 723 2185 961 2216; x_wconf 79' lang='lat' dir='ltr'><strong>ornamento</strong></span> <span class='ocrx_word' id='word_1_146' title='bbox 991 2177 1163 2230; x_wconf 85' lang='lat' dir='ltr'><strong>principi</strong></span> <span class='ocrx_word' id='word_1_147' title='bbox 1192 2185 1231 2216; x_wconf 87' lang='lat' dir='ltr'><strong>et</strong></span> <span class='ocrx_word' id='word_1_148' title='bbox 1256 2192 1375 2231; x_wconf 82' lang='lat' dir='ltr'><strong>qnam</strong></span> <span class='ocrx_word' id='word_1_149' title='bbox 1400 2189 1597 2230; x_wconf 85' lang='lat' dir='ltr'><strong>prospere</strong></span> 
     </span>
     <span class='ocr_line' id='line_1_19' title="bbox 162 2245 1596 2302; baseline -0.001 -17"><span class='ocrx_word' id='word_1_150' title='bbox 162 2261 246 2285; x_wconf 79' lang='lat' dir='ltr'><strong>rem</strong></span> <span class='ocrx_word' id='word_1_151' title='bbox 275 2245 470 2286; x_wconf 81' lang='lat' dir='ltr'><strong>Gallicam</strong></span> <span class='ocrx_word' id='word_1_152' title='bbox 507 2254 646 2302; x_wconf 72' lang='lat' dir='ltr'><strong>geras,</strong></span> <span class='ocrx_word' id='word_1_153' title='bbox 686 2262 766 2286; x_wconf 86' lang='lat' dir='ltr'><strong>non</strong></span> <span class='ocrx_word' id='word_1_154' title='bbox 805 2248 928 2287; x_wconf 87' lang='lat' dir='ltr'><strong>modo</strong></span> <span class='ocrx_word' id='word_1_155' title='bbox 964 2248 1028 2287; x_wconf 84' lang='lat' dir='ltr'><strong>his</strong></span> <span class='ocrx_word' id='word_1_156' title='bbox 1054 2249 1124 2302; x_wconf 84' lang='lat' dir='ltr'><strong>qui</strong></span> <span class='ocrx_word' id='word_1_157' title='bbox 1160 2249 1286 2287; x_wconf 85' lang='lat' dir='ltr'><strong>vitam</strong></span> <span class='ocrx_word' id='word_1_158' title='bbox 1326 2249 1491 2294; x_wconf 83' lang='lat' dir='ltr'><strong>vivunt,</strong></span> <span class='ocrx_word' id='word_1_159' title='bbox 1523 2246 1596 2285; x_wconf 84' lang='lat' dir='ltr'><strong>sed</strong></span> 
     </span>
     <span class='ocr_line' id='line_1_20' title="bbox 162 2317 1594 2371; baseline 0 -16"><span class='ocrx_word' id='word_1_160' title='bbox 162 2317 281 2355; x_wconf 85' lang='lat' dir='ltr'><strong>etiam</strong></span> <span class='ocrx_word' id='word_1_161' title='bbox 311 2319 477 2371; x_wconf 83' lang='lat' dir='ltr'><strong>posteris</strong></span> <span class='ocrx_word' id='word_1_162' title='bbox 502 2325 667 2357; x_wconf 75' lang='lat' dir='ltr'><strong>narrent</strong></span> <span class='ocrx_word' id='word_1_163' title='bbox 695 2326 733 2358; x_wconf 87' lang='lat' dir='ltr'><strong>et</strong></span> <span class='ocrx_word' id='word_1_164' title='bbox 760 2319 937 2358; x_wconf 72' lang='lat' dir='ltr'><strong>tradant.</strong></span> <span class='ocrx_word' id='word_1_165' title='bbox 964 2318 1095 2359; x_wconf 83' lang='lat' dir='ltr'><strong>felices</strong></span> <span class='ocrx_word' id='word_1_166' title='bbox 1125 2326 1255 2357; x_wconf 82' lang='lat' dir='ltr'><strong>autem</strong></span> <span class='ocrx_word' id='word_1_167' title='bbox 1283 2325 1347 2357; x_wconf 81' lang='lat' dir='ltr'><strong>ter</strong></span> <span class='ocrx_word' id='word_1_168' title='bbox 1374 2325 1594 2370; x_wconf 84' lang='lat' dir='ltr'><strong>quaterque</strong></span> 
     </span>
     <span class='ocr_line' id='line_1_21' title="bbox 161 2388 1596 2443; baseline 0 -17"><span class='ocrx_word' id='word_1_169' title='bbox 161 2388 201 2427; x_wconf 85' lang='lat' dir='ltr'><strong>hi</strong></span> <span class='ocrx_word' id='word_1_170' title='bbox 232 2403 403 2441; x_wconf 82' lang='lat' dir='ltr'><strong>quorum</strong></span> <span class='ocrx_word' id='word_1_171' title='bbox 446 2403 571 2442; x_wconf 83' lang='lat' dir='ltr'><strong>opera</strong></span> <span class='ocrx_word' id='word_1_172' title='bbox 611 2404 745 2429; x_wconf 77' lang='lat' dir='ltr'><strong>rerum</strong></span> <span class='ocrx_word' id='word_1_173' title='bbox 787 2405 809 2428; x_wconf 88' lang='lat' dir='ltr'><strong>a</strong></span> <span class='ocrx_word' id='word_1_174' title='bbox 851 2391 911 2429; x_wconf 89' lang='lat' dir='ltr'><strong>Te</strong></span> <span class='ocrx_word' id='word_1_175' title='bbox 938 2389 1139 2443; x_wconf 77' lang='lat' dir='ltr'><strong>praeclare</strong></span> <span class='ocrx_word' id='word_1_176' title='bbox 1166 2397 1363 2442; x_wconf 84' lang='lat' dir='ltr'><strong>gestarum</strong></span> <span class='ocrx_word' id='word_1_177' title='bbox 1400 2388 1596 2427; x_wconf 82' lang='lat' dir='ltr'><strong>memoria</strong></span> 
     </span>
     <span class='ocr_line' id='line_1_22' title="bbox 161 2459 1592 2514; baseline 0 -17"><span class='ocrx_word' id='word_1_178' title='bbox 161 2461 347 2498; x_wconf 73' lang='lat' dir='ltr'><strong>testatior</strong></span> <span class='ocrx_word' id='word_1_179' title='bbox 390 2461 492 2509; x_wconf 68' lang='lat' dir='ltr'><strong>erit,</strong></span> <span class='ocrx_word' id='word_1_180' title='bbox 534 2461 619 2499; x_wconf 77' lang='lat' dir='ltr'><strong>sive</strong></span> <span class='ocrx_word' id='word_1_181' title='bbox 657 2460 766 2514; x_wconf 88' lang='lat' dir='ltr'><strong>quod</strong></span> <span class='ocrx_word' id='word_1_182' title='bbox 793 2461 959 2500; x_wconf 84' lang='lat' dir='ltr'><strong>materia</strong></span> <span class='ocrx_word' id='word_1_183' title='bbox 985 2461 1181 2500; x_wconf 85' lang='lat' dir='ltr'><strong>illustrior</strong></span> <span class='ocrx_word' id='word_1_184' title='bbox 1207 2462 1290 2499; x_wconf 88' lang='lat' dir='ltr'><strong>sive</strong></span> <span class='ocrx_word' id='word_1_185' title='bbox 1316 2459 1424 2513; x_wconf 91' lang='lat' dir='ltr'><strong>quod</strong></span> <span class='ocrx_word' id='word_1_186' title='bbox 1455 2473 1592 2498; x_wconf 85' lang='lat' dir='ltr'><strong>rerum</strong></span> 
     </span>
     <span class='ocr_line' id='line_1_23' title="bbox 163 2529 1592 2583; baseline -0.002 -15"><span class='ocrx_word' id='word_1_187' title='bbox 163 2532 275 2582; x_wconf 80' lang='lat' dir='ltr'><strong>copia</strong></span> <span class='ocrx_word' id='word_1_188' title='bbox 305 2529 415 2568; x_wconf 88' lang='lat' dir='ltr'><strong>nulla</strong></span> <span class='ocrx_word' id='word_1_189' title='bbox 442 2531 495 2568; x_wconf 85' lang='lat' dir='ltr'><strong>eis</strong></span> <span class='ocrx_word' id='word_1_190' title='bbox 515 2531 640 2582; x_wconf 85' lang='lat' dir='ltr'><strong>possit</strong></span> <span class='ocrx_word' id='word_1_191' title='bbox 660 2529 827 2569; x_wconf 85' lang='lat' dir='ltr'><strong>uberior</strong></span> <span class='ocrx_word' id='word_1_192' title='bbox 844 2531 1074 2583; x_wconf 79' lang='lat' dir='ltr'><strong>contingere</strong></span> <span class='ocrx_word' id='word_1_193' title='bbox 1091 2545 1102 2569; x_wconf 88' lang='lat'>:</span> <span class='ocrx_word' id='word_1_194' title='bbox 1133 2529 1468 2583; x_wconf 84' lang='lat' dir='ltr'><strong>quemadmodum</strong></span> <span class='ocrx_word' id='word_1_195' title='bbox 1486 2530 1592 2567; x_wconf 86' lang='lat' dir='ltr'><strong>enim</strong></span> 
     </span>
     <span class='ocr_line' id='line_1_24' title="bbox 164 2593 1591 2652; baseline -0.004 -14"><span class='ocrx_word' id='word_1_196' title='bbox 164 2602 220 2639; x_wconf 81' lang='lat' dir='ltr'><strong>rei</strong></span> <span class='ocrx_word' id='word_1_197' title='bbox 248 2593 458 2639; x_wconf 77' lang='lat' dir='ltr'><strong>tenuitate</strong></span> <span class='ocrx_word' id='word_1_198' title='bbox 482 2599 687 2651; x_wconf 84' lang='lat' dir='ltr'><strong>scriptoris</strong></span> <span class='ocrx_word' id='word_1_199' title='bbox 716 2599 947 2652; x_wconf 79' lang='lat' dir='ltr'><strong>eloquentia</strong></span> <span class='ocrx_word' id='word_1_200' title='bbox 975 2599 1196 2649; x_wconf 77' lang='lat' dir='ltr'><strong>deteritur,</strong></span> <span class='ocrx_word' id='word_1_201' title='bbox 1226 2600 1280 2637; x_wconf 85' lang='lat' dir='ltr'><strong>ita</strong></span> <span class='ocrx_word' id='word_1_202' title='bbox 1312 2604 1350 2638; x_wconf 90' lang='lat' dir='ltr'><strong>et</strong></span> <span class='ocrx_word' id='word_1_203' title='bbox 1375 2599 1432 2636; x_wconf 90' lang='lat' dir='ltr'><strong>rei</strong></span> <span class='ocrx_word' id='word_1_204' title='bbox 1459 2597 1591 2648; x_wconf 79' lang='lat' dir='ltr'><strong>digni-</strong></span> 
     </span>
     <span class='ocr_line' id='line_1_25' title="bbox 162 2667 1590 2722; baseline -0.001 -14"><span class='ocrx_word' id='word_1_205' title='bbox 162 2677 242 2709; x_wconf 87' lang='lat' dir='ltr'><strong>tate</strong></span> <span class='ocrx_word' id='word_1_206' title='bbox 267 2671 452 2711; x_wconf 83' lang='lat' dir='ltr'><strong>clarescit</strong></span> <span class='ocrx_word' id='word_1_207' title='bbox 478 2677 517 2709; x_wconf 84' lang='lat' dir='ltr'><strong>ct</strong></span> <span class='ocrx_word' id='word_1_208' title='bbox 544 2669 795 2708; x_wconf 85' lang='lat' dir='ltr'><strong>diffunditur.</strong></span> <span class='ocrx_word' id='word_1_209' title='bbox 826 2668 868 2708; x_wconf 88' lang='lat' dir='ltr'><strong>hi</strong></span> <span class='ocrx_word' id='word_1_210' title='bbox 885 2667 1039 2708; x_wconf 88' lang='lat' dir='ltr'><strong>Galliae</strong></span> <span class='ocrx_word' id='word_1_211' title='bbox 1066 2669 1167 2707; x_wconf 83' lang='lat' dir='ltr'><strong>fines</strong></span> <span class='ocrx_word' id='word_1_212' title='bbox 1192 2668 1501 2722; x_wconf 82' lang='lat' dir='ltr'><strong>prudentissimo</strong></span> <span class='ocrx_word' id='word_1_213' title='bbox 1530 2667 1590 2706; x_wconf 83' lang='lat' dir='ltr'><strong>se-</strong></span> 
     </span>
     <span class='ocr_line' id='line_1_26' title="bbox 163 2737 1591 2795; baseline -0.001 -16"><span class='ocrx_word' id='word_1_214' title='bbox 163 2740 427 2795; x_wconf 78' lang='lat' dir='ltr'><strong>licissimoque</strong></span> <span class='ocrx_word' id='word_1_215' title='bbox 469 2740 633 2787; x_wconf 79' lang='lat' dir='ltr'><strong>consilio</strong></span> <span class='ocrx_word' id='word_1_216' title='bbox 677 2739 768 2779; x_wconf 86' lang='lat' dir='ltr'><strong>Tuo</strong></span> <span class='ocrx_word' id='word_1_217' title='bbox 812 2738 990 2793; x_wconf 74' lang='lat' dir='ltr'><strong>prolatos</strong></span> <span class='ocrx_word' id='word_1_218' title='bbox 1024 2739 1067 2778; x_wconf 87' lang='lat' dir='ltr'><strong>in</strong></span> <span class='ocrx_word' id='word_1_219' title='bbox 1105 2737 1220 2781; x_wconf 74' lang='lat' dir='ltr'><strong>ltalia</strong></span> <span class='ocrx_word' id='word_1_220' title='bbox 1259 2739 1509 2790; x_wconf 83' lang='lat' dir='ltr'><strong>narrabunt,</strong></span> <span class='ocrx_word' id='word_1_221' title='bbox 1550 2744 1591 2777; x_wconf 80' lang='lat' dir='ltr'><strong>et</strong></span> 
     </span>
    </p>
   </div>
  </div>
 </body>
</html>
