<?xml version="1.0" encoding="UTF-8"?>
<!DOCTYPE html PUBLIC "-//W3C//DTD XHTML 1.0 Transitional//EN"
    "http://www.w3.org/TR/xhtml1/DTD/xhtml1-transitional.dtd">
<html xmlns="http://www.w3.org/1999/xhtml" xml:lang="en" lang="en">
 <head>
  <title>
</title>
<meta http-equiv="Content-Type" content="text/html;charset=utf-8" />
  <meta name='ocr-system' content='tesseract 3.04.00' />
  <meta name='ocr-capabilities' content='ocr_page ocr_carea ocr_par ocr_line ocrx_word'/>
</head>
<body>
  <div class='ocr_page' id='page_1' title='image "./corpusscriptorum41niebuoft/corpusscriptorum41niebuoft_0381.png"; bbox 0 0 1878 3230; ppageno 0'>
   <div class='ocr_carea' id='block_1_1' title="bbox 435 160 1596 227">
    <p class='ocr_par' dir='ltr' id='par_1_1' title="bbox 435 160 1596 227">
     <span class='ocr_line' id='line_1_1' title="bbox 435 160 1596 227; baseline -0.005 -5"><span class='ocrx_word' id='word_1_1' title='bbox 435 180 658 223; x_wconf 75' lang='lat' dir='ltr'>ALExms</span> <span class='ocrx_word' id='word_1_2' title='bbox 698 182 965 223; x_wconf 70' lang='lat' dir='ltr'>MANUms</span> <span class='ocrx_word' id='word_1_3' title='bbox 1007 179 1252 227; x_wconf 67' lang='lat' dir='ltr'>comnssm</span> <span class='ocrx_word' id='word_1_4' title='bbox 1291 183 1337 223; x_wconf 73' lang='lat' dir='ltr'><em>r.</em></span> <span class='ocrx_word' id='word_1_5' title='bbox 1492 160 1596 217; x_wconf 81' lang='lat'><em>351</em></span> 
     </span>
    </p>
   </div>
   <div class='ocr_carea' id='block_1_2' title="bbox 100 277 1731 1646">
    <p class='ocr_par' dir='ltr' id='par_1_2' title="bbox 100 277 1731 1646">
     <span class='ocr_line' id='line_1_2' title="bbox 172 277 1602 334; baseline -0.003 -12"><span class='ocrx_word' id='word_1_6' title='bbox 172 279 377 334; x_wconf 70' lang='grc' dir='ltr'><em>πνεύματι</em></span> <span class='ocrx_word' id='word_1_7' title='bbox 420 278 466 320; x_wconf 85' lang='grc' dir='ltr'><em>τὸ</em></span> <span class='ocrx_word' id='word_1_8' title='bbox 505 283 744 334; x_wconf 73' lang='grc' dir='ltr'><em>τυραννεῖον</em></span> <span class='ocrx_word' id='word_1_9' title='bbox 782 277 1083 331; x_wconf 79' lang='grc' dir='ltr'><em>καταλαβόντες</em></span> <span class='ocrx_word' id='word_1_10' title='bbox 1116 281 1214 320; x_wconf 73' lang='grc' dir='ltr'><em>καθ’</em></span> <span class='ocrx_word' id='word_1_11' title='bbox 1241 277 1266 318; x_wconf 76' lang='grc' dir='ltr'>ὃ</span> <span class='ocrx_word' id='word_1_12' title='bbox 1293 278 1602 331; x_wconf 80' lang='grc' dir='ltr'><em>ἐτελεταρχεΐτο</em></span> 
     </span>
     <span class='ocr_line' id='line_1_3' title="bbox 172 338 1602 400; baseline -0.003 -12"><span class='ocrx_word' id='word_1_13' title='bbox 172 345 274 388; x_wconf 79' lang='grc' dir='ltr'><em>τάδε</em></span> <span class='ocrx_word' id='word_1_14' title='bbox 298 343 352 388; x_wconf 74' lang='lat' dir='ltr'>tri</span> <span class='ocrx_word' id='word_1_15' title='bbox 398 339 567 397; x_wconf 73' lang='grc' dir='ltr'><em>ἄθεσμα</em></span> <span class='ocrx_word' id='word_1_16' title='bbox 594 346 731 399; x_wconf 85' lang='grc' dir='ltr'><em>(τοῦτο</em></span> <span class='ocrx_word' id='word_1_17' title='bbox 751 345 800 386; x_wconf 83' lang='grc' dir='ltr'><em>δὲ</em></span> <span class='ocrx_word' id='word_1_18' title='bbox 841 338 892 399; x_wconf 80' lang='grc' dir='ltr'><em>ἦν</em></span> <span class='ocrx_word' id='word_1_19' title='bbox 917 343 941 385; x_wconf 77' lang='grc' dir='ltr'>ὅ</span> <span class='ocrx_word' id='word_1_20' title='bbox 982 345 1060 387; x_wconf 79' lang='grc' dir='ltr'><em>τοῦ</em></span> <span class='ocrx_word' id='word_1_21' title='bbox 1091 345 1362 400; x_wconf 75' lang='grc' dir='ltr'><em>Μιχαηλίτζη</em></span> <span class='ocrx_word' id='word_1_22' title='bbox 1388 343 1602 397; x_wconf 81' lang='grc' dir='ltr'><em>λεγόμενος</em></span> 
     </span>
     <span class='ocr_line' id='line_1_4' title="bbox 172 406 1638 467; baseline -0.001 -15"><span class='ocrx_word' id='word_1_23' title='bbox 172 408 328 467; x_wconf 82' lang='grc' dir='ltr'><em>οἶκος),</em></span> <span class='ocrx_word' id='word_1_24' title='bbox 356 409 404 453; x_wconf 79' lang='grc' dir='ltr'><em>τὰ</em></span> <span class='ocrx_word' id='word_1_25' title='bbox 433 411 710 464; x_wconf 76' lang='grc' dir='ltr'><em>συγκλητικῶς</em></span> <span class='ocrx_word' id='word_1_26' title='bbox 745 411 1015 465; x_wconf 81' lang='grc' dir='ltr'><em>ἐξυφασμένα</em></span> <span class='ocrx_word' id='word_1_27' title='bbox 1043 412 1128 452; x_wconf 74' lang='grc' dir='ltr'><em>τῶν</em></span> <span class='ocrx_word' id='word_1_28' title='bbox 1156 410 1348 465; x_wconf 74' lang='grc' dir='ltr'><em>κεφαλῶν</em></span> <span class='ocrx_word' id='word_1_29' title='bbox 1376 406 1638 462; x_wconf 71' lang='grc' dir='ltr'><em>ε”ξενεγκόν-(Ξ</em></span> 
     </span>
     <span class='ocr_line' id='line_1_5' title="bbox 170 474 1603 530; baseline -0.001 -13"><span class='ocrx_word' id='word_1_30' title='bbox 170 492 237 525; x_wconf 86' lang='grc' dir='ltr'><em>τες</em></span> <span class='ocrx_word' id='word_1_31' title='bbox 271 476 522 530; x_wconf 78' lang='grc' dir='ltr'><em>καλύμματα</em></span> <span class='ocrx_word' id='word_1_32' title='bbox 561 474 634 516; x_wconf 82' lang='grc' dir='ltr'>καί</span> <span class='ocrx_word' id='word_1_33' title='bbox 670 476 753 517; x_wconf 81' lang='grc' dir='ltr'><em>τῶν</em></span> <span class='ocrx_word' id='word_1_34' title='bbox 790 474 894 517; x_wconf 73' lang='lat' dir='ltr'><em>nard</em></span> <span class='ocrx_word' id='word_1_35' title='bbox 930 474 1066 517; x_wconf 76' lang='grc' dir='ltr'><em>νώτου</em></span> <span class='ocrx_word' id='word_1_36' title='bbox 1093 476 1334 530; x_wconf 78' lang='grc' dir='ltr'><strong><em>κεχυμένων</em></strong></span> <span class='ocrx_word' id='word_1_37' title='bbox 1360 475 1603 516; x_wconf 75' lang='grc' dir='ltr'><em>λευκολίνων</em></span> 
     </span>
     <span class='ocr_line' id='line_1_6' title="bbox 140 536 1607 597; baseline -0.002 -14"><span class='ocrx_word' id='word_1_38' title='bbox 140 539 396 595; x_wconf 84' lang='grc' dir='ltr'><em>5λαβόμενοι</em></span> <span class='ocrx_word' id='word_1_39' title='bbox 424 541 604 582; x_wconf 78' lang='grc' dir='ltr'><em>διείλουν</em></span> <span class='ocrx_word' id='word_1_40' title='bbox 632 537 742 582; x_wconf 71' lang='grc' dir='ltr'><em>αὐτοὶ</em></span> <span class='ocrx_word' id='word_1_41' title='bbox 761 536 818 588; x_wconf 71' lang='grc' dir='ltr'><em>αἶς</em></span> <span class='ocrx_word' id='word_1_42' title='bbox 843 542 1044 597; x_wconf 80' lang='grc' dir='ltr'><em>σφαίρας,</em></span> <span class='ocrx_word' id='word_1_43' title='bbox 1077 542 1421 595; x_wconf 80' lang='grc' dir='ltr'><em>χοροστατοῦντες</em></span> <span class='ocrx_word' id='word_1_44' title='bbox 1446 544 1533 588; x_wconf 84' lang='grc' dir='ltr'><em>τοῖς</em></span> <span class='ocrx_word' id='word_1_45' title='bbox 1559 540 1607 581; x_wconf 80' lang='grc' dir='ltr'><em>ἐκ</em></span> 
     </span>
     <span class='ocr_line' id='line_1_7' title="bbox 169 602 1606 661; baseline -0.003 -13"><span class='ocrx_word' id='word_1_46' title='bbox 169 606 349 661; x_wconf 74' lang='grc' dir='ltr'><em>τριόδων</em></span> <span class='ocrx_word' id='word_1_47' title='bbox 374 608 446 647; x_wconf 83' lang='grc' dir='ltr'><em>καί</em></span> <span class='ocrx_word' id='word_1_48' title='bbox 469 608 541 660; x_wconf 77' lang='grc' dir='ltr'><em>τῆς</em></span> <span class='ocrx_word' id='word_1_49' title='bbox 568 602 660 646; x_wconf 89' lang='grc' dir='ltr'><em>τότε</em></span> <span class='ocrx_word' id='word_1_50' title='bbox 696 607 862 660; x_wconf 82' lang='grc' dir='ltr'><em>τελετῆς</em></span> <span class='ocrx_word' id='word_1_51' title='bbox 894 603 1235 660; x_wconf 78' lang='grc' dir='ltr'><em>προεξάρχοντες,</em></span> <span class='ocrx_word' id='word_1_52' title='bbox 1277 604 1380 659; x_wconf 85' lang='grc' dir='ltr'><em>πρὸς</em></span> <span class='ocrx_word' id='word_1_53' title='bbox 1404 607 1531 657; x_wconf 81' lang='grc' dir='ltr'><strong><em>μέλος</em></strong></span> <span class='ocrx_word' id='word_1_54' title='bbox 1557 618 1606 645; x_wconf 80' lang='grc' dir='ltr'><em>τε</em></span> 
     </span>
     <span class='ocr_line' id='line_1_8' title="bbox 170 669 1604 727; baseline -0.002 -14"><span class='ocrx_word' id='word_1_55' title='bbox 170 673 445 725; x_wconf 77' lang='grc' dir='ltr'><em>κεκλασμένον</em></span> <span class='ocrx_word' id='word_1_56' title='bbox 492 671 799 725; x_wconf 73' lang='grc' dir='ltr'><em>μετερόθμιζον</em></span> <span class='ocrx_word' id='word_1_57' title='bbox 835 669 913 726; x_wconf 79' lang='grc' dir='ltr'><em>τήν</em></span> <span class='ocrx_word' id='word_1_58' title='bbox 951 669 1116 727; x_wconf 82' lang='grc' dir='ltr'><em>φωνήν,</em></span> <span class='ocrx_word' id='word_1_59' title='bbox 1164 672 1238 712; x_wconf 85' lang='grc' dir='ltr'>καί</span> <span class='ocrx_word' id='word_1_60' title='bbox 1277 672 1459 719; x_wconf 82' lang='grc' dir='ltr'><em>πανικῶς</em></span> <span class='ocrx_word' id='word_1_61' title='bbox 1484 670 1604 721; x_wconf 78' lang='grc' dir='ltr'><em>ἐξαλ-</em></span> 
     </span>
     <span class='ocr_line' id='line_1_9' title="bbox 167 732 1604 791; baseline -0.003 -12"><span class='ocrx_word' id='word_1_62' title='bbox 167 737 335 790; x_wconf 79' lang='grc' dir='ltr'><em>λόμενοι</em></span> <span class='ocrx_word' id='word_1_63' title='bbox 364 737 438 778; x_wconf 81' lang='grc' dir='ltr'><em>καί</em></span> <span class='ocrx_word' id='word_1_64' title='bbox 475 735 551 785; x_wconf 83' lang='grc' dir='ltr'><em>τὰς</em></span> <span class='ocrx_word' id='word_1_65' title='bbox 589 742 734 791; x_wconf 81' lang='grc' dir='ltr'><em>χεῖρας</em></span> <span class='ocrx_word' id='word_1_66' title='bbox 762 734 818 785; x_wconf 78' lang='grc' dir='ltr'><em>ὥς</em></span> <span class='ocrx_word' id='word_1_67' title='bbox 845 738 889 786; x_wconf 82' lang='grc' dir='ltr'><em>ἐς</em></span> <span class='ocrx_word' id='word_1_68' title='bbox 916 736 1061 791; x_wconf 80' lang='grc' dir='ltr'><em>κρότον</em></span> <span class='ocrx_word' id='word_1_69' title='bbox 1086 734 1388 789; x_wconf 81' lang='grc' dir='ltr'><em>ξυμβάλλοντες</em></span> <span class='ocrx_word' id='word_1_70' title='bbox 1414 733 1471 778; x_wconf 73' lang='grc' dir='ltr'><em>ταὶ</em></span> <span class='ocrx_word' id='word_1_71' title='bbox 1500 732 1604 776; x_wconf 77' lang='grc' dir='ltr'><em>πόδε</em></span> 
     </span>
     <span class='ocr_line' id='line_1_10' title="bbox 167 799 1606 858; baseline -0.001 -14"><span class='ocrx_word' id='word_1_72' title='bbox 167 799 436 853; x_wconf 74' lang='grc' dir='ltr'><em>ὕπεσάλευον,</em></span> <span class='ocrx_word' id='word_1_73' title='bbox 453 799 528 843; x_wconf 81' lang='grc' dir='ltr'><em>καί</em></span> <span class='ocrx_word' id='word_1_74' title='bbox 539 799 643 843; x_wconf 73' lang='grc' dir='ltr'><em>κατὰ</em></span> <span class='ocrx_word' id='word_1_75' title='bbox 661 803 789 854; x_wconf 83' lang='grc' dir='ltr'><em>μέσον</em></span> <span class='ocrx_word' id='word_1_76' title='bbox 807 800 1004 854; x_wconf 55' lang='lat' dir='ltr'>satiacum,</span> <span class='ocrx_word' id='word_1_77' title='bbox 1017 802 1157 858; x_wconf 78' lang='grc' dir='ltr'><em>μολπῇ</em></span> <span class='ocrx_word' id='word_1_78' title='bbox 1173 802 1212 843; x_wconf 83' lang='grc' dir='ltr'><em>τ’</em></span> <span class='ocrx_word' id='word_1_79' title='bbox 1228 802 1365 858; x_wconf 78' lang='grc' dir='ltr'><em>ι’ὕγμῷ</em></span> <span class='ocrx_word' id='word_1_80' title='bbox 1378 815 1422 843; x_wconf 88' lang='grc' dir='ltr'><em>τε</em></span> <span class='ocrx_word' id='word_1_81' title='bbox 1438 799 1515 856; x_wconf 79' lang='grc' dir='ltr'><em>τήν</em></span> <span class='ocrx_word' id='word_1_82' title='bbox 1528 802 1606 855; x_wconf 76' lang='grc' dir='ltr'><em>γῆν</em></span> 
     </span>
     <span class='ocr_line' id='line_1_11' title="bbox 110 863 1603 922; baseline -0.002 -12"><span class='ocrx_word' id='word_1_83' title='bbox 110 865 365 922; x_wconf 79' lang='grc' dir='ltr'><em>ιοέκρότουν</em></span> <span class='ocrx_word' id='word_1_84' title='bbox 390 864 709 921; x_wconf 75' lang='grc' dir='ltr'><em>ὕπορχοόμενοι.</em></span> <span class='ocrx_word' id='word_1_85' title='bbox 740 863 776 908; x_wconf 70' lang='grc' dir='ltr'><em>αἳ</em></span> <span class='ocrx_word' id='word_1_86' title='bbox 791 869 865 922; x_wconf 80' lang='grc' dir='ltr'><em>τῆς</em></span> <span class='ocrx_word' id='word_1_87' title='bbox 879 868 1094 916; x_wconf 82' lang='grc' dir='ltr'><em>α’ναιδειάς</em></span> <span class='ocrx_word' id='word_1_88' title='bbox 1107 865 1180 908; x_wconf 86' lang='grc' dir='ltr'>καί</span> <span class='ocrx_word' id='word_1_89' title='bbox 1190 868 1262 922; x_wconf 78' lang='grc' dir='ltr'><em>τῆς</em></span> <span class='ocrx_word' id='word_1_90' title='bbox 1272 864 1603 921; x_wconf 78' lang='grc' dir='ltr'><em>μικρογνῶμονος</em></span> 
     </span>
     <span class='ocr_line' id='line_1_12' title="bbox 167 929 1599 988; baseline -0.001 -15"><span class='ocrx_word' id='word_1_91' title='bbox 167 930 317 988; x_wconf 85' lang='grc' dir='ltr'><em>φρενὸς</em></span> <span class='ocrx_word' id='word_1_92' title='bbox 338 934 410 973; x_wconf 85' lang='grc' dir='ltr'><strong><em>καί</em></strong></span> <span class='ocrx_word' id='word_1_93' title='bbox 435 929 717 988; x_wconf 77' lang='grc' dir='ltr'><em>κουφότητος]</em></span> <span class='ocrx_word' id='word_1_94' title='bbox 755 934 831 975; x_wconf 80' lang='grc' dir='ltr'><em>τοῦ</em></span> <span class='ocrx_word' id='word_1_95' title='bbox 872 934 912 974; x_wconf 81' lang='lat'><em>‹5’</em></span> <span class='ocrx_word' id='word_1_96' title='bbox 932 930 1212 988; x_wconf 78' lang='grc' dir='ltr'><em>Ἀνδρονίκου</em></span> <span class='ocrx_word' id='word_1_97' title='bbox 1237 929 1488 985; x_wconf 79' lang='grc' dir='ltr'><em>καταβάντος</em></span> <span class='ocrx_word' id='word_1_98' title='bbox 1515 930 1599 973; x_wconf 76' lang='grc' dir='ltr'><em>ἀπό</em></span> 
     </span>
     <span class='ocr_line' id='line_1_13' title="bbox 165 996 1603 1054; baseline 0 -16"><span class='ocrx_word' id='word_1_99' title='bbox 165 999 245 1039; x_wconf 80' lang='grc' dir='ltr'><em>τοῦ</em></span> <span class='ocrx_word' id='word_1_100' title='bbox 271 998 513 1053; x_wconf 81' lang='grc' dir='ltr'><em>τυραννείου</em></span> <span class='ocrx_word' id='word_1_101' title='bbox 550 998 595 1046; x_wconf 83' lang='grc' dir='ltr'><em>ἐς</em></span> <span class='ocrx_word' id='word_1_102' title='bbox 619 996 666 1039; x_wconf 85' lang='grc' dir='ltr'><em>τὸ</em></span> <span class='ocrx_word' id='word_1_103' title='bbox 705 999 751 1040; x_wconf 82' lang='grc' dir='ltr'><em>ἐν</em></span> <span class='ocrx_word' id='word_1_104' title='bbox 779 1000 1042 1054; x_wconf 83' lang='grc' dir='ltr'><em>Βλαχέρναις</em></span> <span class='ocrx_word' id='word_1_105' title='bbox 1071 1001 1304 1051; x_wconf 82' lang='grc' dir='ltr'><em>βασίλειον,</em></span> <span class='ocrx_word' id='word_1_106' title='bbox 1336 998 1407 1038; x_wconf 83' lang='grc' dir='ltr'><strong><em>καί</em></strong></span> <span class='ocrx_word' id='word_1_107' title='bbox 1433 998 1603 1052; x_wconf 83' lang='grc' dir='ltr'><em>γενομέ-</em></span> 
     </span>
     <span class='ocr_line' id='line_1_14' title="bbox 163 1061 1600 1120; baseline 0 -16"><span class='ocrx_word' id='word_1_108' title='bbox 163 1078 239 1104; x_wconf 86' lang='grc' dir='ltr'><em>νου</em></span> <span class='ocrx_word' id='word_1_109' title='bbox 269 1062 376 1105; x_wconf 82' lang='grc' dir='ltr'><em>κατὰ</em></span> <span class='ocrx_word' id='word_1_110' title='bbox 401 1062 474 1106; x_wconf 80' lang='grc' dir='ltr'><em>τὸν</em></span> <span class='ocrx_word' id='word_1_111' title='bbox 497 1062 611 1113; x_wconf 78' lang='grc' dir='ltr'><em>ἐντὸς</em></span> <span class='ocrx_word' id='word_1_112' title='bbox 637 1062 787 1106; x_wconf 80' lang='grc' dir='ltr'><em>τούτου</em></span> <span class='ocrx_word' id='word_1_113' title='bbox 814 1062 1022 1120; x_wconf 79' lang='grc' dir='ltr'><em>ὖψηρεφῆ</em></span> <span class='ocrx_word' id='word_1_114' title='bbox 1041 1061 1172 1118; x_wconf 80' lang='grc' dir='ltr'><em>δόμον</em></span> <span class='ocrx_word' id='word_1_115' title='bbox 1200 1061 1247 1114; x_wconf 76' lang='grc' dir='ltr'><em>ὃς</em></span> <span class='ocrx_word' id='word_1_116' title='bbox 1264 1061 1506 1115; x_wconf 77' lang='grc' dir='ltr'><em>Πολότιμος</em></span> <span class='ocrx_word' id='word_1_117' title='bbox 1533 1063 1600 1104; x_wconf 79' lang='grc' dir='ltr'><em>λε’-</em></span> 
     </span>
     <span class='ocr_line' id='line_1_15' title="bbox 163 1127 1644 1185; baseline -0.001 -16"><span class='ocrx_word' id='word_1_118' title='bbox 163 1143 302 1182; x_wconf 83' lang='grc' dir='ltr'><em>γεται,</em></span> <span class='ocrx_word' id='word_1_119' title='bbox 340 1131 560 1185; x_wconf 81' lang='grc' dir='ltr'><em>ἐφίσταται</em></span> <span class='ocrx_word' id='word_1_120' title='bbox 599 1129 674 1171; x_wconf 83' lang='grc' dir='ltr'><em>καί</em></span> <span class='ocrx_word' id='word_1_121' title='bbox 711 1127 735 1171; x_wconf 80' lang='lat' dir='ltr'><em>o‘</em></span> <span class='ocrx_word' id='word_1_122' title='bbox 774 1129 974 1183; x_wconf 76' lang='grc' dir='ltr'><em>βασιλεὺς</em></span> <span class='ocrx_word' id='word_1_123' title='bbox 1010 1130 1200 1180; x_wconf 81' lang='grc' dir='ltr'><em>Ἀλέξιος</em></span> <span class='ocrx_word' id='word_1_124' title='bbox 1237 1130 1284 1171; x_wconf 77' lang='grc' dir='ltr'><em>ἐκ</em></span> <span class='ocrx_word' id='word_1_125' title='bbox 1310 1130 1393 1170; x_wconf 73' lang='grc' dir='ltr'><em>τῶν</em></span> <span class='ocrx_word' id='word_1_126' title='bbox 1420 1127 1644 1180; x_wconf 76' lang='grc' dir='ltr'><em>ἑξωθεν,ῠ</em></span> 
     </span>
     <span class='ocr_line' id='line_1_16' title="bbox 106 1192 1601 1251; baseline -0.001 -17"><span class='ocrx_word' id='word_1_127' title='bbox 106 1194 154 1235; x_wconf 85' lang='lat'><em>15</em></span> <span class='ocrx_word' id='word_1_128' title='bbox 166 1193 274 1247; x_wconf 82' lang='grc' dir='ltr'><em>ὄμοῧ</em></span> <span class='ocrx_word' id='word_1_129' title='bbox 302 1193 491 1237; x_wconf 81' lang='grc' dir='ltr'><em>παιάνων</em></span> <span class='ocrx_word' id='word_1_130' title='bbox 515 1210 557 1237; x_wconf 85' lang='grc' dir='ltr'><em>τε</em></span> <span class='ocrx_word' id='word_1_131' title='bbox 583 1194 658 1237; x_wconf 72' lang='grc' dir='ltr'><em>καὶ</em></span> <span class='ocrx_word' id='word_1_132' title='bbox 681 1192 974 1250; x_wconf 79' lang='grc' dir='ltr'><em>στεναγμάτων</em></span> <span class='ocrx_word' id='word_1_133' title='bbox 1001 1194 1075 1251; x_wconf 75' lang='grc' dir='ltr'><em>(οὕ</em></span> <span class='ocrx_word' id='word_1_134' title='bbox 1101 1193 1183 1251; x_wconf 70' lang='grc' dir='ltr'><em>γὰρ</em></span> <span class='ocrx_word' id='word_1_135' title='bbox 1212 1194 1363 1244; x_wconf 81' lang='grc' dir='ltr'><em>πάντες</em></span> <span class='ocrx_word' id='word_1_136' title='bbox 1388 1195 1447 1250; x_wconf 69' lang='grc' dir='ltr'><em>τῷ</em></span> <span class='ocrx_word' id='word_1_137' title='bbox 1465 1195 1601 1249; x_wconf 72' lang='grc' dir='ltr'><em>καιρῷ</em></span> 
     </span>
     <span class='ocr_line' id='line_1_17' title="bbox 164 1255 1601 1317; baseline -0.001 -16"><span class='ocrx_word' id='word_1_138' title='bbox 164 1258 479 1317; x_wconf 75' lang='grc' dir='ltr'><em>παρεσύρησαν)</em></span> <span class='ocrx_word' id='word_1_139' title='bbox 509 1259 644 1316; x_wconf 80' lang='grc' dir='ltr'><em>εὑρών</em></span> <span class='ocrx_word' id='word_1_140' title='bbox 671 1260 803 1315; x_wconf 81' lang='grc' dir='ltr'><em>μεστοὶ</em></span> <span class='ocrx_word' id='word_1_141' title='bbox 832 1260 885 1304; x_wconf 74' lang='grc' dir='ltr'><em>τὰ</em></span> <span class='ocrx_word' id='word_1_142' title='bbox 914 1259 1147 1317; x_wconf 78' lang='grc' dir='ltr'><em>α’νοὶκτορα,</em></span> <span class='ocrx_word' id='word_1_143' title='bbox 1176 1262 1249 1303; x_wconf 83' lang='grc' dir='ltr'><strong><em>καί</em></strong></span> <span class='ocrx_word' id='word_1_144' title='bbox 1266 1259 1396 1302; x_wconf 75' lang='grc' dir='ltr'><em>αὖτὸν</em></span> <span class='ocrx_word' id='word_1_145' title='bbox 1415 1255 1601 1314; x_wconf 80' lang='grc' dir='ltr'><em>Ἀνδρό-</em></span> 
     </span>
     <span class='ocr_line' id='line_1_18' title="bbox 162 1320 1731 1382; baseline 0.001 -14"><span class='ocrx_word' id='word_1_146' title='bbox 162 1341 274 1368; x_wconf 82' lang='grc' dir='ltr'><em>νικον</em></span> <span class='ocrx_word' id='word_1_147' title='bbox 300 1325 358 1376; x_wconf 81' lang='grc' dir='ltr'><em>ὦς</em></span> <span class='ocrx_word' id='word_1_148' title='bbox 384 1328 560 1380; x_wconf 77' lang='grc' dir='ltr'><em>βασιλέα</em></span> <span class='ocrx_word' id='word_1_149' title='bbox 590 1326 741 1381; x_wconf 74' lang='grc' dir='ltr'><em>σχεδὸν</em></span> <span class='ocrx_word' id='word_1_150' title='bbox 766 1326 881 1382; x_wconf 75' lang='grc' dir='ltr'><em>παρὰ</em></span> <span class='ocrx_word' id='word_1_151' title='bbox 914 1324 1351 1380; x_wconf 76' lang='grc' dir='ltr'><em>πάντων·καταλαβών</em></span> <span class='ocrx_word' id='word_1_152' title='bbox 1379 1320 1650 1382; x_wconf 64' lang='grc' dir='ltr'><em>εὖφημοῦ-Ῡ.</em></span> <span class='ocrx_word' id='word_1_153' title='bbox 1671 1336 1731 1380; x_wconf 76' lang='lat'><em>¹4³</em></span> 
     </span>
     <span class='ocr_line' id='line_1_19' title="bbox 162 1386 1598 1450; baseline 0 -18"><span class='ocrx_word' id='word_1_154' title='bbox 162 1406 302 1444; x_wconf 87' lang='grc' dir='ltr'><em>μενον.</em></span> <span class='ocrx_word' id='word_1_155' title='bbox 356 1389 461 1434; x_wconf 77' lang='grc' dir='ltr'><em>ἑκών</em></span> <span class='ocrx_word' id='word_1_156' title='bbox 485 1394 625 1434; x_wconf 78' lang='grc' dir='ltr'><em>τοίνυν</em></span> <span class='ocrx_word' id='word_1_157' title='bbox 653 1386 820 1436; x_wconf 78' lang='grc' dir='ltr'><em>ἇέκοντί</em></span> <span class='ocrx_word' id='word_1_158' title='bbox 845 1409 892 1448; x_wconf 87' lang='grc' dir='ltr'><em>γε</em></span> <span class='ocrx_word' id='word_1_159' title='bbox 918 1395 1044 1450; x_wconf 79' lang='grc' dir='ltr'><em>θυμῷ</em></span> <span class='ocrx_word' id='word_1_160' title='bbox 1070 1398 1157 1442; x_wconf 84' lang='grc' dir='ltr'><em>τοῖς</em></span> <span class='ocrx_word' id='word_1_161' title='bbox 1183 1394 1448 1444; x_wconf 81' lang='grc' dir='ltr'><em>τελουμένοις</em></span> <span class='ocrx_word' id='word_1_162' title='bbox 1473 1393 1598 1432; x_wconf 84' lang='grc' dir='ltr'><em>ἑπευ-</em></span> 
     </span>
     <span class='ocr_line' id='line_1_20' title="bbox 164 1455 1600 1513; baseline 0 -15"><span class='ocrx_word' id='word_1_163' title='bbox 164 1458 344 1512; x_wconf 76' lang='grc' dir='ltr'><em>δοκήσας</em></span> <span class='ocrx_word' id='word_1_164' title='bbox 370 1457 590 1500; x_wconf 79' lang='grc' dir='ltr'><em>ἐκολάκευε</em></span> <span class='ocrx_word' id='word_1_165' title='bbox 618 1459 802 1509; x_wconf 70' lang='grc' dir='ltr'><em>κάκεῖνος</em></span> <span class='ocrx_word' id='word_1_166' title='bbox 827 1461 874 1501; x_wconf 79' lang='grc' dir='ltr'><em>ἐν</em></span> <span class='ocrx_word' id='word_1_167' title='bbox 900 1465 984 1509; x_wconf 88' lang='grc' dir='ltr'><em>τοῖς</em></span> <span class='ocrx_word' id='word_1_168' title='bbox 1002 1463 1160 1508; x_wconf 83' lang='grc' dir='ltr'><em>λοιποῖς</em></span> <span class='ocrx_word' id='word_1_169' title='bbox 1187 1456 1234 1505; x_wconf 80' lang='grc' dir='ltr'><em>τὸ</em></span> <span class='ocrx_word' id='word_1_170' title='bbox 1249 1455 1475 1513; x_wconf 80' lang='grc' dir='ltr'><em>γερόντιον,</em></span> <span class='ocrx_word' id='word_1_171' title='bbox 1494 1457 1600 1499; x_wconf 80' lang='grc' dir='ltr'><em>Ἀν-</em></span> 
     </span>
     <span class='ocr_line' id='line_1_21' title="bbox 100 1522 1599 1580; baseline -0.001 -16"><span class='ocrx_word' id='word_1_172' title='bbox 100 1534 152 1560; x_wconf 80' lang='lat'><em>20</em></span> <span class='ocrx_word' id='word_1_173' title='bbox 164 1523 352 1578; x_wconf 75' lang='grc' dir='ltr'><em>ὃρόνικον</em></span> <span class='ocrx_word' id='word_1_174' title='bbox 378 1525 437 1572; x_wconf 87' lang='grc' dir='ltr'><em>εἰς</em></span> <span class='ocrx_word' id='word_1_175' title='bbox 467 1523 512 1566; x_wconf 84' lang='grc' dir='ltr'><em>τὸ</em></span> <span class='ocrx_word' id='word_1_176' title='bbox 539 1525 865 1578; x_wconf 83' lang='grc' dir='ltr'><em>συμβασιλεύειν</em></span> <span class='ocrx_word' id='word_1_177' title='bbox 898 1524 1142 1580; x_wconf 68' lang='grc' dir='ltr'><em>ἐπεγείρων,</em></span> <span class='ocrx_word' id='word_1_178' title='bbox 1174 1525 1248 1566; x_wconf 80' lang='grc' dir='ltr'><strong><em>καί</em></strong></span> <span class='ocrx_word' id='word_1_179' title='bbox 1272 1522 1599 1578; x_wconf 66' lang='grc' dir='ltr'><em>προθυμοποιῶν</em></span> 
     </span>
     <span class='ocr_line' id='line_1_22' title="bbox 162 1584 1596 1646; baseline -0.001 -17"><span class='ocrx_word' id='word_1_180' title='bbox 162 1589 223 1637; x_wconf 82' lang='grc' dir='ltr'><em>εἰς</em></span> <span class='ocrx_word' id='word_1_181' title='bbox 250 1586 297 1630; x_wconf 83' lang='grc' dir='ltr'><em>τὸ</em></span> <span class='ocrx_word' id='word_1_182' title='bbox 328 1587 495 1638; x_wconf 83' lang='grc' dir='ltr'><em>ἐνεστὸς</em></span> <span class='ocrx_word' id='word_1_183' title='bbox 530 1587 651 1645; x_wconf 81' lang='grc' dir='ltr'><em>ἔργον</em></span> <span class='ocrx_word' id='word_1_184' title='bbox 694 1589 766 1632; x_wconf 85' lang='grc' dir='ltr'><em>τὸν</em></span> <span class='ocrx_word' id='word_1_185' title='bbox 799 1591 990 1646; x_wconf 80' lang='grc' dir='ltr'><em>α’κρατῶς</em></span> <span class='ocrx_word' id='word_1_186' title='bbox 1018 1591 1080 1639; x_wconf 86' lang='grc' dir='ltr'><em>εἰς</em></span> <span class='ocrx_word' id='word_1_187' title='bbox 1103 1591 1227 1632; x_wconf 82' lang='grc' dir='ltr'><em>τοῦτο</em></span> <span class='ocrx_word' id='word_1_188' title='bbox 1253 1588 1384 1630; x_wconf 78' lang='grc' dir='ltr'><em>πάλαι</em></span> <span class='ocrx_word' id='word_1_189' title='bbox 1413 1584 1596 1643; x_wconf 75' lang='grc' dir='ltr'><em>φερόμε-</em></span> 
     </span>
    </p>
   </div>
   <div class='ocr_carea' id='block_1_3' title="bbox 254 1693 1598 2073">
    <p class='ocr_par' dir='ltr' id='par_1_3' title="bbox 254 1693 1598 2073">
     <span class='ocr_line' id='line_1_23' title="bbox 261 1693 1598 1746; baseline -0.001 -16"><span class='ocrx_word' id='word_1_190' title='bbox 261 1708 288 1730; x_wconf 86' lang='grc' dir='ltr'><em>ι.</em></span> <span class='ocrx_word' id='word_1_191' title='bbox 314 1697 363 1732; x_wconf 72' lang='grc' dir='ltr'><em>ἔτ.</em></span> <span class='ocrx_word' id='word_1_192' title='bbox 385 1697 430 1732; x_wconf 79' lang='grc' dir='ltr'><em>τὰ</em></span> <span class='ocrx_word' id='word_1_193' title='bbox 457 1699 634 1746; x_wconf 77' lang='grc' dir='ltr'><em>εἰρημένα</em></span> <span class='ocrx_word' id='word_1_194' title='bbox 656 1702 766 1734; x_wconf 85' lang='grc' dir='ltr'><em>τοῦτο</em></span> <span class='ocrx_word' id='word_1_195' title='bbox 794 1701 834 1733; x_wconf 86' lang='grc' dir='ltr'><em>Α.</em></span> <span class='ocrx_word' id='word_1_196' title='bbox 988 1701 1021 1733; x_wconf 82' lang='grc'><em>3.</em></span> <span class='ocrx_word' id='word_1_197' title='bbox 1046 1693 1091 1734; x_wconf 71' lang='grc' dir='ltr'><em>τὰ</em></span> <span class='ocrx_word' id='word_1_198' title='bbox 1118 1697 1383 1745; x_wconf 68' lang='grc' dir='ltr'><em>συγκλητικοῖς]</em></span> <span class='ocrx_word' id='word_1_199' title='bbox 1411 1695 1522 1732; x_wconf 79' lang='grc' dir='ltr'><em>ἅτινα</em></span> <span class='ocrx_word' id='word_1_200' title='bbox 1544 1698 1598 1735; x_wconf 77' lang='grc' dir='ltr'><em>εἰς</em></span> 
     </span>
     <span class='ocr_line' id='line_1_24' title="bbox 258 1736 1596 1792; baseline 0 -16"><span class='ocrx_word' id='word_1_201' title='bbox 258 1736 326 1780; x_wconf 69' lang='grc' dir='ltr'><em>τὰς</em></span> <span class='ocrx_word' id='word_1_202' title='bbox 350 1743 520 1792; x_wconf 74' lang='grc' dir='ltr'><em>κεφαλὰς</em></span> <span class='ocrx_word' id='word_1_203' title='bbox 545 1745 668 1780; x_wconf 75' lang='grc' dir='ltr'><em>αὐτῶν</em></span> <span class='ocrx_word' id='word_1_204' title='bbox 689 1747 859 1792; x_wconf 74' lang='grc' dir='ltr'><em>ἐφόρουν</em></span> <span class='ocrx_word' id='word_1_205' title='bbox 872 1745 1108 1792; x_wconf 82' lang='grc' dir='ltr'><em>περιφτοίρια</em></span> <span class='ocrx_word' id='word_1_206' title='bbox 1126 1746 1256 1791; x_wconf 78' lang='grc' dir='ltr'><em>ἄσπρα</em></span> <span class='ocrx_word' id='word_1_207' title='bbox 1269 1744 1318 1782; x_wconf 74' lang='grc' dir='ltr'><em>οἷς</em></span> <span class='ocrx_word' id='word_1_208' title='bbox 1342 1745 1596 1789; x_wconf 75' lang='grc' dir='ltr'><em>συγκλητικοί,</em></span> 
     </span>
     <span class='ocr_line' id='line_1_25' title="bbox 258 1784 1597 1836; baseline -0.003 -10"><span class='ocrx_word' id='word_1_209' title='bbox 258 1791 471 1834; x_wconf 75' lang='grc' dir='ltr'><em>ἐκβαλόντες</em></span> <span class='ocrx_word' id='word_1_210' title='bbox 503 1786 598 1826; x_wconf 78' lang='grc' dir='ltr'><em>αὐτοὶ</em></span> <span class='ocrx_word' id='word_1_211' title='bbox 624 1795 689 1826; x_wconf 84' lang='grc' dir='ltr'><em>καὶ</em></span> <span class='ocrx_word' id='word_1_212' title='bbox 716 1792 793 1826; x_wconf 75' lang='grc' dir='ltr'><em>α’πὸ</em></span> <span class='ocrx_word' id='word_1_213' title='bbox 822 1795 896 1828; x_wconf 72' lang='grc' dir='ltr'><em>τῶν</em></span> <span class='ocrx_word' id='word_1_214' title='bbox 919 1795 1124 1832; x_wconf 73' lang='grc' dir='ltr'><em>ἐξόπισθεν</em></span> <span class='ocrx_word' id='word_1_215' title='bbox 1149 1794 1201 1830; x_wconf 78' lang='grc' dir='ltr'><em>εἰς</em></span> <span class='ocrx_word' id='word_1_216' title='bbox 1222 1784 1290 1828; x_wconf 73' lang='grc' dir='ltr'><em>τὰς</em></span> <span class='ocrx_word' id='word_1_217' title='bbox 1317 1789 1437 1836; x_wconf 59' lang='lat' dir='ltr'>(frixae</span> <span class='ocrx_word' id='word_1_218' title='bbox 1472 1789 1597 1823; x_wconf 67' lang='grc' dir='ltr'><em>αὐτῶν</em></span> 
     </span>
     <span class='ocr_line' id='line_1_26' title="bbox 259 1835 1597 1886; baseline -0.001 -15"><span class='ocrx_word' id='word_1_219' title='bbox 259 1841 508 1885; x_wconf 82' lang='grc' dir='ltr'><em>κρεμαμένων</em></span> <span class='ocrx_word' id='word_1_220' title='bbox 530 1841 679 1873; x_wconf 83' lang='grc' dir='ltr'><em>πανίων</em></span> <span class='ocrx_word' id='word_1_221' title='bbox 705 1840 992 1886; x_wconf 78' lang='grc' dir='ltr'><em>ἐντετυλιμένων</em></span> <span class='ocrx_word' id='word_1_222' title='bbox 1026 1838 1186 1884; x_wconf 82' lang='grc' dir='ltr'><em>ἄσπρων</em></span> <span class='ocrx_word' id='word_1_223' title='bbox 1218 1837 1391 1883; x_wconf 71' lang='grc' dir='ltr'><em>ἐγύριζον</em></span> <span class='ocrx_word' id='word_1_224' title='bbox 1424 1835 1519 1870; x_wconf 73' lang='grc' dir='ltr'><em>αὐτὰ</em></span> <span class='ocrx_word' id='word_1_225' title='bbox 1543 1838 1597 1873; x_wconf 80' lang='grc' dir='ltr'><em>εἰς</em></span> 
     </span>
     <span class='ocr_line' id='line_1_27' title="bbox 256 1883 1596 1931; baseline 0 -13"><span class='ocrx_word' id='word_1_226' title='bbox 256 1883 323 1921; x_wconf 79' lang='grc' dir='ltr'><em>τὰς</em></span> <span class='ocrx_word' id='word_1_227' title='bbox 344 1891 473 1931; x_wconf 83' lang='grc' dir='ltr'><em>χεῖρας</em></span> <span class='ocrx_word' id='word_1_228' title='bbox 497 1886 622 1920; x_wconf 76' lang='grc' dir='ltr'><em>αὐτῶν</em></span> <span class='ocrx_word' id='word_1_229' title='bbox 645 1886 694 1923; x_wconf 76' lang='grc' dir='ltr'><em>ιός</em></span> <span class='ocrx_word' id='word_1_230' title='bbox 721 1888 886 1931; x_wconf 75' lang='grc' dir='ltr'><em>σφαίρας</em></span> <span class='ocrx_word' id='word_1_231' title='bbox 918 1887 956 1920; x_wconf 89' lang='grc' dir='ltr'><em>Β.</em></span> <span class='ocrx_word' id='word_1_232' title='bbox 1076 1898 1108 1931; x_wconf 84' lang='lat'><em>7.</em></span> <span class='ocrx_word' id='word_1_233' title='bbox 1140 1883 1397 1931; x_wconf 72' lang='grc' dir='ltr'><em>ἐξαλλόμενοι]</em></span> <span class='ocrx_word' id='word_1_234' title='bbox 1423 1883 1596 1926; x_wconf 72' lang='grc' dir='ltr'><em>ἐξήλλον-</em></span> 
     </span>
     <span class='ocr_line' id='line_1_28' title="bbox 254 1924 1596 1980; baseline -0.004 -14"><span class='ocrx_word' id='word_1_235' title='bbox 254 1943 296 1966; x_wconf 87' lang='grc' dir='ltr'><em>το</em></span> <span class='ocrx_word' id='word_1_236' title='bbox 321 1933 361 1966; x_wconf 86' lang='grc' dir='ltr'><em>Α.</em></span> <span class='ocrx_word' id='word_1_237' title='bbox 484 1943 533 1966; x_wconf 84' lang='grc' dir='ltr'><em>ιο.</em></span> <span class='ocrx_word' id='word_1_238' title='bbox 559 1931 760 1980; x_wconf 68' lang='grc' dir='ltr'><em>ἅναιδείαςῙ</em></span> <span class='ocrx_word' id='word_1_239' title='bbox 788 1933 1061 1976; x_wconf 74' lang='grc' dir='ltr'><em>α’διαντροπίας</em></span> <span class='ocrx_word' id='word_1_240' title='bbox 1085 1934 1119 1966; x_wconf 86' lang='grc' dir='ltr'><em>Β.</em></span> <span class='ocrx_word' id='word_1_241' title='bbox 1244 1943 1291 1975; x_wconf 79' lang='lat'><em>¹7·</em></span> <span class='ocrx_word' id='word_1_242' title='bbox 1314 1924 1454 1975; x_wconf 76' lang='grc' dir='ltr'><em>σχεδὸν</em></span> <span class='ocrx_word' id='word_1_243' title='bbox 1476 1941 1535 1962; x_wconf 91' lang='lat' dir='ltr'><em>om</em></span> <span class='ocrx_word' id='word_1_244' title='bbox 1557 1930 1596 1962; x_wconf 79' lang='lat' dir='ltr'><em>A.</em></span> 
     </span>
     <span class='ocr_line' id='line_1_29' title="bbox 260 1977 1598 2026; baseline -0.002 -14"><span class='ocrx_word' id='word_1_245' title='bbox 260 1981 312 2015; x_wconf 79' lang='lat'><em>18.</em></span> <span class='ocrx_word' id='word_1_246' title='bbox 339 1977 558 2013; x_wconf 76' lang='grc' dir='ltr'><em>ἐπευόοκῶν</em></span> <span class='ocrx_word' id='word_1_247' title='bbox 581 1980 621 2013; x_wconf 82' lang='lat' dir='ltr'><em>A.</em></span> <span class='ocrx_word' id='word_1_248' title='bbox 745 1991 794 2023; x_wconf 89' lang='lat'><em>¹9·</em></span> <span class='ocrx_word' id='word_1_249' title='bbox 822 1979 864 2013; x_wconf 76' lang='grc' dir='ltr'><em>ἐν</em></span> <span class='ocrx_word' id='word_1_250' title='bbox 887 1979 978 2026; x_wconf 80' lang='grc' dir='ltr'><em>τοῖς]</em></span> <span class='ocrx_word' id='word_1_251' title='bbox 1019 1977 1092 2014; x_wconf 76' lang='grc' dir='ltr'><em>σόν</em></span> <span class='ocrx_word' id='word_1_252' title='bbox 1113 1982 1193 2016; x_wconf 83' lang='grc' dir='ltr'><em>τοῖς</em></span> <span class='ocrx_word' id='word_1_253' title='bbox 1227 1977 1352 2015; x_wconf 75' lang='grc' dir='ltr'><em>ἄλλοις</em></span> <span class='ocrx_word' id='word_1_254' title='bbox 1383 1977 1434 2018; x_wconf 82' lang='grc' dir='ltr'><em>Α,</em></span> <span class='ocrx_word' id='word_1_255' title='bbox 1458 1977 1598 2010; x_wconf 84' lang='lat' dir='ltr'>omissis</span> 
     </span>
     <span class='ocr_line' id='line_1_30' title="bbox 254 2019 939 2073; baseline -0.004 -13"><span class='ocrx_word' id='word_1_256' title='bbox 254 2019 296 2061; x_wconf 84' lang='grc' dir='ltr'><em>τὸ</em></span> <span class='ocrx_word' id='word_1_257' title='bbox 321 2025 531 2071; x_wconf 85' lang='grc' dir='ltr'><em>γερόντιον.</em></span> <span class='ocrx_word' id='word_1_258' title='bbox 635 2035 691 2059; x_wconf 86' lang='lat'><em>21.</em></span> <span class='ocrx_word' id='word_1_259' title='bbox 715 2025 782 2073; x_wconf 81' lang='grc' dir='ltr'><em>εἰς]</em></span> <span class='ocrx_word' id='word_1_260' title='bbox 812 2026 877 2060; x_wconf 75' lang='grc' dir='ltr'><em>ἐπὶ</em></span> <span class='ocrx_word' id='word_1_261' title='bbox 900 2026 939 2059; x_wconf 87' lang='grc' dir='ltr'><em>Α.</em></span> 
     </span>
    </p>
   </div>
   <div class='ocr_carea' id='block_1_4' title="bbox 163 2123 1601 2778">
    <p class='ocr_par' dir='ltr' id='par_1_4' title="bbox 163 2123 1601 2778">
     <span class='ocr_line' id='line_1_31' title="bbox 164 2123 1599 2172; baseline -0.003 -12"><span class='ocrx_word' id='word_1_262' title='bbox 164 2137 304 2160; x_wconf 83' lang='lat' dir='ltr'>rumore</span> <span class='ocrx_word' id='word_1_263' title='bbox 331 2126 395 2171; x_wconf 88' lang='lat' dir='ltr'><em>qui</em></span> <span class='ocrx_word' id='word_1_264' title='bbox 420 2125 464 2158; x_wconf 87' lang='lat' dir='ltr'>de</span> <span class='ocrx_word' id='word_1_265' title='bbox 488 2125 683 2159; x_wconf 81' lang='lat' dir='ltr'><strong>Andronici</strong></span> <span class='ocrx_word' id='word_1_266' title='bbox 711 2126 959 2170; x_wconf 81' lang='lat' dir='ltr'><strong>designatione</strong></span> <span class='ocrx_word' id='word_1_267' title='bbox 982 2127 1113 2172; x_wconf 85' lang='lat' dir='ltr'>passim</span> <span class='ocrx_word' id='word_1_268' title='bbox 1138 2125 1335 2170; x_wconf 76' lang='lat' dir='ltr'>vagabatur</span> <span class='ocrx_word' id='word_1_269' title='bbox 1356 2123 1480 2157; x_wconf 82' lang='lat' dir='ltr'>audito</span> <span class='ocrx_word' id='word_1_270' title='bbox 1495 2148 1504 2164; x_wconf 93' lang='lat'><strong>,</strong></span> <span class='ocrx_word' id='word_1_271' title='bbox 1532 2124 1599 2156; x_wconf 90' lang='lat' dir='ltr'><em>im-</em></span> 
     </span>
     <span class='ocr_line' id='line_1_32' title="bbox 163 2170 1600 2218; baseline -0.003 -12"><span class='ocrx_word' id='word_1_272' title='bbox 163 2173 269 2218; x_wconf 87' lang='lat' dir='ltr'>probi</span> <span class='ocrx_word' id='word_1_273' title='bbox 294 2178 534 2206; x_wconf 79' lang='lat' dir='ltr'><strong>assentatores</strong></span> <span class='ocrx_word' id='word_1_274' title='bbox 558 2173 780 2217; x_wconf 13' lang='lat' dir='ltr'>unoxspiritu</span> <span class='ocrx_word' id='word_1_275' title='bbox 802 2174 840 2206; x_wconf 91' lang='lat' dir='ltr'><em>in</em></span> <span class='ocrx_word' id='word_1_276' title='bbox 864 2175 1085 2217; x_wconf 84' lang='lat' dir='ltr'>tyrannicam</span> <span class='ocrx_word' id='word_1_277' title='bbox 1109 2173 1252 2205; x_wconf 89' lang='lat' dir='ltr'>domum</span> <span class='ocrx_word' id='word_1_278' title='bbox 1279 2182 1372 2216; x_wconf 85' lang='lat' dir='ltr'>quae</span> <span class='ocrx_word' id='word_1_279' title='bbox 1387 2170 1600 2204; x_wconf 77' lang='lat' dir='ltr'>Michaelize</span> 
     </span>
     <span class='ocr_line' id='line_1_33' title="bbox 165 2218 1600 2265; baseline -0.003 -12"><span class='ocrx_word' id='word_1_280' title='bbox 165 2220 317 2260; x_wconf 89' lang='lat' dir='ltr'>dicitur,</span> <span class='ocrx_word' id='word_1_281' title='bbox 343 2219 405 2252; x_wconf 89' lang='lat' dir='ltr'>ubi</span> <span class='ocrx_word' id='word_1_282' title='bbox 432 2220 501 2252; x_wconf 85' lang='lat' dir='ltr'>ista</span> <span class='ocrx_word' id='word_1_283' title='bbox 524 2219 790 2260; x_wconf 79' lang='lat' dir='ltr'>tractabantur,</span> <span class='ocrx_word' id='word_1_284' title='bbox 814 2226 1071 2265; x_wconf 80' lang='lat' dir='ltr'>properarunt3</span> <span class='ocrx_word' id='word_1_285' title='bbox 1097 2225 1133 2253; x_wconf 90' lang='lat' dir='ltr'><em>et</em></span> <span class='ocrx_word' id='word_1_286' title='bbox 1149 2219 1339 2252; x_wconf 82' lang='lat' dir='ltr'>senatoriis</span> <span class='ocrx_word' id='word_1_287' title='bbox 1363 2218 1519 2262; x_wconf 83' lang='lat' dir='ltr'>capitum</span> <span class='ocrx_word' id='word_1_288' title='bbox 1544 2222 1600 2250; x_wconf 86' lang='lat' dir='ltr'><em>te-</em></span> 
     </span>
     <span class='ocr_line' id='line_1_34' title="bbox 165 2263 1599 2311; baseline -0.003 -12"><span class='ocrx_word' id='word_1_289' title='bbox 165 2266 344 2311; x_wconf 84' lang='lat' dir='ltr'>gminibus</span> <span class='ocrx_word' id='word_1_290' title='bbox 373 2265 555 2307; x_wconf 87' lang='lat' dir='ltr'>detractis,</span> <span class='ocrx_word' id='word_1_291' title='bbox 578 2266 677 2300; x_wconf 84' lang='lat' dir='ltr'>albas</span> <span class='ocrx_word' id='word_1_292' title='bbox 701 2266 871 2300; x_wconf 85' lang='lat' dir='ltr'><strong>sindones</strong></span> <span class='ocrx_word' id='word_1_293' title='bbox 900 2278 943 2300; x_wconf 85' lang='lat' dir='ltr'>ex</span> <span class='ocrx_word' id='word_1_294' title='bbox 962 2267 1119 2299; x_wconf 86' lang='lat' dir='ltr'>humeris</span> <span class='ocrx_word' id='word_1_295' title='bbox 1137 2266 1384 2311; x_wconf 81' lang='lat' dir='ltr'>dependentes</span> <span class='ocrx_word' id='word_1_296' title='bbox 1409 2265 1447 2296; x_wconf 90' lang='lat' dir='ltr'><em>in</em></span> <span class='ocrx_word' id='word_1_297' title='bbox 1474 2263 1599 2296; x_wconf 88' lang='lat' dir='ltr'>orbem</span> 
     </span>
     <span class='ocr_line' id='line_1_35' title="bbox 166 2309 1599 2357; baseline -0.002 -12"><span class='ocrx_word' id='word_1_298' title='bbox 166 2313 446 2354; x_wconf 78' lang='lat' dir='ltr'>convolverunt3</span> <span class='ocrx_word' id='word_1_299' title='bbox 472 2318 508 2346; x_wconf 86' lang='lat' dir='ltr'><em>et</em></span> <span class='ocrx_word' id='word_1_300' title='bbox 535 2313 698 2346; x_wconf 84' lang='lat' dir='ltr'>coetibus</span> <span class='ocrx_word' id='word_1_301' title='bbox 726 2313 766 2346; x_wconf 90' lang='lat' dir='ltr'><em>in</em></span> <span class='ocrx_word' id='word_1_302' title='bbox 792 2313 908 2346; x_wconf 83' lang='lat' dir='ltr'>triviis</span> <span class='ocrx_word' id='word_1_303' title='bbox 934 2314 1078 2354; x_wconf 82' lang='lat' dir='ltr'>coactis,</span> <span class='ocrx_word' id='word_1_304' title='bbox 1104 2319 1144 2346; x_wconf 88' lang='lat' dir='ltr'>ut</span> <span class='ocrx_word' id='word_1_305' title='bbox 1167 2312 1407 2357; x_wconf 84' lang='lat' dir='ltr'>praesultores</span> <span class='ocrx_word' id='word_1_306' title='bbox 1434 2309 1599 2350; x_wconf 80' lang='lat' dir='ltr'>choreae,</span> 
     </span>
     <span class='ocr_line' id='line_1_36' title="bbox 165 2358 1600 2405; baseline -0.001 -14"><span class='ocrx_word' id='word_1_307' title='bbox 165 2359 315 2392; x_wconf 80' lang='lat' dir='ltr'>fractum</span> <span class='ocrx_word' id='word_1_308' title='bbox 343 2365 380 2392; x_wconf 87' lang='lat' dir='ltr'><em>et</em></span> <span class='ocrx_word' id='word_1_309' title='bbox 400 2360 509 2392; x_wconf 88' lang='lat' dir='ltr'>molle</span> <span class='ocrx_word' id='word_1_310' title='bbox 533 2360 710 2393; x_wconf 87' lang='lat' dir='ltr'>canticum</span> <span class='ocrx_word' id='word_1_311' title='bbox 735 2361 911 2405; x_wconf 87' lang='lat' dir='ltr'>auspicati</span> <span class='ocrx_word' id='word_1_312' title='bbox 937 2360 1155 2400; x_wconf 78' lang='lat' dir='ltr'>exultarunt,</span> <span class='ocrx_word' id='word_1_313' title='bbox 1175 2370 1253 2392; x_wconf 90' lang='lat' dir='ltr'>cum</span> <span class='ocrx_word' id='word_1_314' title='bbox 1271 2358 1399 2403; x_wconf 88' lang='lat' dir='ltr'>plausu</span> <span class='ocrx_word' id='word_1_315' title='bbox 1418 2368 1600 2397; x_wconf 83' lang='lat' dir='ltr'>manuum,</span> 
     </span>
     <span class='ocr_line' id='line_1_37' title="bbox 166 2404 1601 2451; baseline -0.001 -14"><span class='ocrx_word' id='word_1_316' title='bbox 166 2405 213 2437; x_wconf 89' lang='lat' dir='ltr'><em>ad</em></span> <span class='ocrx_word' id='word_1_317' title='bbox 238 2416 426 2438; x_wconf 87' lang='lat' dir='ltr'>numerum</span> <span class='ocrx_word' id='word_1_318' title='bbox 449 2406 630 2439; x_wconf 79' lang='lat' dir='ltr'>saltantes.</span> <span class='ocrx_word' id='word_1_319' title='bbox 656 2418 677 2439; x_wconf 90' lang='lat' dir='ltr'>o</span> <span class='ocrx_word' id='word_1_320' title='bbox 705 2407 966 2451; x_wconf 87' lang='lat' dir='ltr'>impudentiam</span> <span class='ocrx_word' id='word_1_321' title='bbox 992 2407 1208 2450; x_wconf 80' lang='lat' dir='ltr'>singularem</span> <span class='ocrx_word' id='word_1_322' title='bbox 1237 2411 1274 2439; x_wconf 90' lang='lat' dir='ltr'><em>et</em></span> <span class='ocrx_word' id='word_1_323' title='bbox 1298 2404 1483 2438; x_wconf 85' lang='lat' dir='ltr'>vaecordis</span> <span class='ocrx_word' id='word_1_324' title='bbox 1520 2404 1601 2436; x_wconf 86' lang='lat' dir='ltr'>ani-</span> 
     </span>
     <span class='ocr_line' id='line_1_38' title="bbox 166 2451 1600 2496; baseline -0.002 -12"><span class='ocrx_word' id='word_1_325' title='bbox 166 2452 215 2484; x_wconf 87' lang='lat' dir='ltr'><em>mi</em></span> <span class='ocrx_word' id='word_1_326' title='bbox 238 2451 438 2486; x_wconf 85' lang='lat' dir='ltr'>levitatem!</span> <span class='ocrx_word' id='word_1_327' title='bbox 462 2464 541 2485; x_wconf 89' lang='lat' dir='ltr'>cum</span> <span class='ocrx_word' id='word_1_328' title='bbox 567 2459 687 2486; x_wconf 83' lang='lat' dir='ltr'>autem</span> <span class='ocrx_word' id='word_1_329' title='bbox 713 2453 938 2487; x_wconf 81' lang='lat' dir='ltr'>Andronicus</span> <span class='ocrx_word' id='word_1_330' title='bbox 967 2464 1010 2486; x_wconf 77' lang='lat' dir='ltr'>ex</span> <span class='ocrx_word' id='word_1_331' title='bbox 1045 2453 1240 2496; x_wconf 83' lang='lat' dir='ltr'><em>tyrannicis</em></span> <span class='ocrx_word' id='word_1_332' title='bbox 1276 2451 1427 2485; x_wconf 86' lang='lat' dir='ltr'>aedibus</span> <span class='ocrx_word' id='word_1_333' title='bbox 1454 2451 1493 2482; x_wconf 90' lang='lat' dir='ltr'><em>in</em></span> <span class='ocrx_word' id='word_1_334' title='bbox 1517 2451 1600 2482; x_wconf 89' lang='lat' dir='ltr'>Bla-</span> 
     </span>
     <span class='ocr_line' id='line_1_39' title="bbox 166 2497 1598 2543; baseline -0.001 -14"><span class='ocrx_word' id='word_1_335' title='bbox 166 2497 350 2530; x_wconf 82' lang='lat' dir='ltr'>chemium</span> <span class='ocrx_word' id='word_1_336' title='bbox 376 2499 550 2543; x_wconf 82' lang='lat' dir='ltr'>palatium</span> <span class='ocrx_word' id='word_1_337' title='bbox 575 2500 819 2533; x_wconf 86' lang='lat' dir='ltr'>descendisset</span> <span class='ocrx_word' id='word_1_338' title='bbox 842 2506 878 2533; x_wconf 91' lang='lat' dir='ltr'><em>et</em></span> <span class='ocrx_word' id='word_1_339' title='bbox 901 2500 1067 2543; x_wconf 87' lang='lat' dir='ltr'>Polytimi</span> <span class='ocrx_word' id='word_1_340' title='bbox 1090 2500 1262 2532; x_wconf 88' lang='lat' dir='ltr'>sublimes</span> <span class='ocrx_word' id='word_1_341' title='bbox 1288 2498 1395 2531; x_wconf 85' lang='lat' dir='ltr'>aedes</span> <span class='ocrx_word' id='word_1_342' title='bbox 1421 2497 1598 2540; x_wconf 86' lang='lat' dir='ltr'>ingressus</span> 
     </span>
     <span class='ocr_line' id='line_1_40' title="bbox 167 2543 1597 2591; baseline -0.002 -15"><span class='ocrx_word' id='word_1_343' title='bbox 167 2549 283 2584; x_wconf 86' lang='lat' dir='ltr'>esset,</span> <span class='ocrx_word' id='word_1_344' title='bbox 308 2545 415 2577; x_wconf 86' lang='lat' dir='ltr'>etiam</span> <span class='ocrx_word' id='word_1_345' title='bbox 441 2547 586 2580; x_wconf 78' lang='lat' dir='ltr'>Alexius</span> <span class='ocrx_word' id='word_1_346' title='bbox 614 2547 810 2591; x_wconf 88' lang='lat' dir='ltr'>imperator</span> <span class='ocrx_word' id='word_1_347' title='bbox 836 2546 1153 2580; x_wconf 80' lang='lat' dir='ltr'>acclamationibus</span> <span class='ocrx_word' id='word_1_348' title='bbox 1178 2551 1215 2579; x_wconf 85' lang='lat' dir='ltr'><em>et</em></span> <span class='ocrx_word' id='word_1_349' title='bbox 1231 2545 1395 2591; x_wconf 81' lang='lat' dir='ltr'>suspiriis</span> <span class='ocrx_word' id='word_1_350' title='bbox 1411 2543 1597 2576; x_wconf 90' lang='lat' dir='ltr'>hominum</span> 
     </span>
     <span class='ocr_line' id='line_1_41' title="bbox 168 2588 1596 2639; baseline -0.004 -16"><span class='ocrx_word' id='word_1_351' title='bbox 168 2591 304 2623; x_wconf 82' lang='lat' dir='ltr'>excitus</span> <span class='ocrx_word' id='word_1_352' title='bbox 329 2591 462 2635; x_wconf 86' lang='lat' dir='ltr'>(neque</span> <span class='ocrx_word' id='word_1_353' title='bbox 489 2593 584 2625; x_wconf 86' lang='lat' dir='ltr'>enim</span> <span class='ocrx_word' id='word_1_354' title='bbox 610 2604 734 2626; x_wconf 86' lang='lat' dir='ltr'>omnes</span> <span class='ocrx_word' id='word_1_355' title='bbox 759 2604 822 2626; x_wconf 85' lang='lat' dir='ltr'><em>eae</em></span> <span class='ocrx_word' id='word_1_356' title='bbox 846 2594 1082 2639; x_wconf 81' lang='lat' dir='ltr'>intemperiae</span> <span class='ocrx_word' id='word_1_357' title='bbox 1107 2592 1306 2637; x_wconf 74' lang='lat' dir='ltr'>agitabant)</span> <span class='ocrx_word' id='word_1_358' title='bbox 1331 2591 1396 2624; x_wconf 86' lang='lat' dir='ltr'><em>ubi</em></span> <span class='ocrx_word' id='word_1_359' title='bbox 1422 2588 1596 2634; x_wconf 85' lang='lat' dir='ltr'>palatium</span> 
     </span>
     <span class='ocr_line' id='line_1_42' title="bbox 167 2634 1597 2684; baseline -0.003 -15"><span class='ocrx_word' id='word_1_360' title='bbox 167 2635 374 2669; x_wconf 82' lang='lat' dir='ltr'>hominibus</span> <span class='ocrx_word' id='word_1_361' title='bbox 401 2637 572 2671; x_wconf 77' lang='lat' dir='ltr'>refertum</span> <span class='ocrx_word' id='word_1_362' title='bbox 595 2645 633 2673; x_wconf 90' lang='lat' dir='ltr'><em>et</em></span> <span class='ocrx_word' id='word_1_363' title='bbox 653 2640 894 2674; x_wconf 82' lang='lat' dir='ltr'>Andronicum</span> <span class='ocrx_word' id='word_1_364' title='bbox 912 2640 957 2673; x_wconf 86' lang='lat' dir='ltr'><em>ab</em></span> <span class='ocrx_word' id='word_1_365' title='bbox 982 2639 1149 2673; x_wconf 86' lang='lat' dir='ltr'>omnibus</span> <span class='ocrx_word' id='word_1_366' title='bbox 1174 2651 1238 2684; x_wconf 83' lang='lat' dir='ltr'><em>pro</em></span> <span class='ocrx_word' id='word_1_367' title='bbox 1264 2639 1477 2683; x_wconf 83' lang='lat' dir='ltr'>imperatore</span> <span class='ocrx_word' id='word_1_368' title='bbox 1502 2634 1597 2666; x_wconf 77' lang='lat' dir='ltr'>cele-</span> 
     </span>
     <span class='ocr_line' id='line_1_43' title="bbox 166 2682 1595 2728; baseline -0.003 -12"><span class='ocrx_word' id='word_1_369' title='bbox 166 2682 264 2716; x_wconf 85' lang='lat' dir='ltr'>brari</span> <span class='ocrx_word' id='word_1_370' title='bbox 286 2682 398 2722; x_wconf 83' lang='lat' dir='ltr'>vidit,</span> <span class='ocrx_word' id='word_1_371' title='bbox 425 2686 576 2728; x_wconf 85' lang='lat' dir='ltr'>tempori</span> <span class='ocrx_word' id='word_1_372' title='bbox 594 2686 820 2720; x_wconf 82' lang='lat' dir='ltr'>serviendum</span> <span class='ocrx_word' id='word_1_373' title='bbox 845 2692 942 2720; x_wconf 83' lang='lat' dir='ltr'>ratus</span> <span class='ocrx_word' id='word_1_374' title='bbox 968 2687 1045 2720; x_wconf 88' lang='lat' dir='ltr'>seni</span> <span class='ocrx_word' id='word_1_375' title='bbox 1072 2697 1150 2719; x_wconf 89' lang='lat' dir='ltr'>cum</span> <span class='ocrx_word' id='word_1_376' title='bbox 1175 2685 1325 2718; x_wconf 86' lang='lat' dir='ltr'>caeteris</span> <span class='ocrx_word' id='word_1_377' title='bbox 1342 2683 1507 2716; x_wconf 82' lang='lat' dir='ltr'>adulatus</span> <span class='ocrx_word' id='word_1_378' title='bbox 1530 2685 1595 2717; x_wconf 84' lang='lat' dir='ltr'>est,</span> 
     </span>
     <span class='ocr_line' id='line_1_44' title="bbox 168 2728 1595 2778; baseline -0.005 -14"><span class='ocrx_word' id='word_1_379' title='bbox 168 2740 322 2775; x_wconf 82' lang='lat' dir='ltr'>eumque</span> <span class='ocrx_word' id='word_1_380' title='bbox 349 2728 395 2762; x_wconf 80' lang='lat' dir='ltr'><em>ad</em></span> <span class='ocrx_word' id='word_1_381' title='bbox 430 2729 571 2775; x_wconf 85' lang='lat' dir='ltr'>imperii</span> <span class='ocrx_word' id='word_1_382' title='bbox 594 2732 802 2767; x_wconf 87' lang='lat' dir='ltr'>societatem</span> <span class='ocrx_word' id='word_1_383' title='bbox 827 2734 990 2774; x_wconf 82' lang='lat' dir='ltr'>vocavit,</span> <span class='ocrx_word' id='word_1_384' title='bbox 1025 2732 1071 2766; x_wconf 79' lang='lat' dir='ltr'><em>ad</em></span> <span class='ocrx_word' id='word_1_385' title='bbox 1109 2732 1209 2778; x_wconf 88' lang='lat' dir='ltr'>quod</span> <span class='ocrx_word' id='word_1_386' title='bbox 1245 2732 1316 2764; x_wconf 84' lang='lat' dir='ltr'><em>iam</em></span> <span class='ocrx_word' id='word_1_387' title='bbox 1352 2730 1438 2762; x_wconf 86' lang='lat' dir='ltr'>olim</span> <span class='ocrx_word' id='word_1_388' title='bbox 1467 2737 1595 2771; x_wconf 82' lang='lat' dir='ltr'>magno</span> 
     </span>
    </p>
   </div>
  </div>
 </body>
</html>
