1838 3210
225 178 290 212 22
400 165 402 167 ’
629 174 856 217 NicETAE
894 174 1204 215 cuoNiATAE

220 278 357 334 ἐκείνῳ
398 274 640 330 μαρτυροῦν
681 272 756 326 τὴν
793 272 1034 331 εὐσέβειαν,
1075 268 1195 312 ὁπότε
1243 264 1324 312 τῶν
1357 270 1573 323 Ῥωμαίων
1606 268 1648 309 αἶ

220 340 428 397 φάλαγγες
466 340 641 391 ἔκαμνον
686 334 995 391 ἐπιβριθόντων
1022 335 1103 378 τῶν
1140 336 1345 389 πολεμίων
1384 337 1456 377 καί
1493 342 1648 386 συμπι-

217 405 397 447 πτόντων
436 404 812 459 παραβολώτερον,
839 400 913 455 τήν
963 403 1034 455 τῆς
1069 399 1320 457 θεομήτορος
1344 399 1483 442 εἰκόνα
1524 414 1652 453 παρε-

219 474 385 513 στῶσαν
409 469 538 523 ἔχων,
566 471 655 521 μετ’
686 468 866 521 οἰμωγῆς
894 467 1121 520 ἐμβλέπων,
1156 469 1349 515 ἐλεεινοῖς
1375 470 1458 514 τοῖς
1485 462 1652 518 σχήμα-

220 553 263 578 σι
292 534 528 589 θερμότερα
557 534 637 574 τοῖν
665 533 899 586 ἐναγωνίων
926 531 1115 587 ἱδρώτων
1140 534 1350 584 κατέλειβε
1378 529 1555 585 δάκρυα.
1583 527 1656 570 καί
1666 531 1690 571 5

220 597 271 655 ἦν
301 596 450 640 οὔκουν
478 601 537 647 εἰς
554 596 673 640 κενὸν
702 595 1054 652 διαπραττόμενος
1080 596 1252 650 minuat,
1282 597 1370 637 ἀλλ’
1397 597 1441 636 ἑκ
1470 595 1542 636 τοῦ
1571 591 1655 646 μα’-

183 670 274 707 cla
304 662 451 706 αὐτίκα
479 662 554 719 τὴν
578 664 622 714 ἐξ
669 659 809 716 ὕψους
836 661 1168 717 θωρακιζόμενος
1193 659 1372 714 δύναμιν
1398 659 1474 709 τάς
1501 662 1657 701 >inv-‘h-

221 729 297 779 κιὶς
341 730 568 784 ἐτροποῦτο
604 727 894 784 παρεμβολάς,
935 727 992 777 ὦς
1018 729 1211 782 ΙΠωῦσῆς
1254 728 1455 782 πρότερον
1494 728 1546 782 τῇ
1574 727 1657 766 τῶν

218 795 374 850 χειρῶν
402 794 564 836 ἐκτάσει
588 793 663 844 τάς
683 794 1004 848 Ἀμαληκίτιδας
1047 791 1138 842 ἴλας
1165 795 1378 838 ἐνέκλινεν.
1433 789 1657 844 α’ναλαβιόν

220 862 267 902 δὲ
295 862 368 902 καί
391 857 486 908 τούς
528 858 790 907 ὑπασπιστάς
805 891 817 911 ,
860 860 903 900 οἳ
926 858 1196 914 περιμήκεσιν
1221 860 1366 900 α’σπίσι
1394 859 1466 899 καί
1490 859 1656 906 πέλυξιν
1675 871 1722 897 ιο

219 921 509 980 ἓτεροστόμοις
538 922 821 980 φράγνυνται,
848 923 948 965 &osi
975 930 1107 977 τεῖχος
1134 918 1339 978 ἄρρηκτον
1364 928 1449 971 τοῖς
1474 921 1658 970 Σκύθαις
1705 970 1711 974 ¹

223 987 602 1045 α’ντιπροβάλλεται.
659 986 805 1042 ἀμέλει
833 987 906 1030 καί
938 989 1010 1029 ὑπ’
1039 990 1178 1030 αὐτῶν
1211 989 1484 1037 διαλυθέντος
1511 988 1586 1029 τοῦ
1613 988 1658 1028 ἐκ

221 1057 305 1099 τῶν
331 1053 506 1107 ἁμαξῶν
535 1052 762 1109 ἐρύματος,
794 1054 939 1103 καίεἷς
964 1059 1110 1109 χεῖρας
1131 1050 1240 1095 οὕτω
1256 1056 1331 1096 τοῦ
1351 1054 1534 1106 πολέμου
1560 1068 1660 1094 συν-

221 1121 448 1176 ερχομένου
468 1152 480 1171 ,
527 1122 685 1173 γίνεται
741 1121 823 1161 τῶν
860 1121 1057 1161 ἐναντίων
1090 1117 1218 1174 τροπὴ
1259 1118 1332 1161 καί
1370 1117 1480 1174 φυγὴ
1512 1115 1659 1171 ἀκλεὴς

222 1185 295 1227 καὶ
313 1185 532 1238 Ῥωμαίων
573 1183 787 1240 εὐθαρσὴς
833 1185 1056 1235 ἐπιδίωξις.
1115 1182 1219 1225 κατὰ
1246 1183 1489 1238 χιλιοστύας
1517 1181 1724 1226 τοίνυνιὸ

223 1251 363 1292 πίπτει
406 1250 453 1292 τὸ
495 1248 752 1303 ἅμαξόβιον,
795 1251 868 1291 καί
903 1248 1205 1302 ὃιαρπάζονται
1244 1250 1450 1304 χάρακες·
1520 1247 1568 1291 τὸ
1615 1249 1660 1289 δὲ

181 1316 466 1371 Βσυλληφθὲν
493 1314 755 1370 δορυάλωτον
782 1314 857 1356 καὶ
892 1312 1079 1370 άριθμοῦ
1110 1322 1293 1371 κρεῖττον
1321 1313 1466 1370 ὁρᾶται
1476 1348 1489 1369 ,
1520 1310 1660 1368 ὥσπερ

225 1379 297 1421 καὶ
319 1378 365 1422 τὸ
391 1382 599 1435 προσρυὲν
627 1376 862 1433 αὐτόμολον
897 1383 955 1438 τῷ
982 1380 1100 1438 πόθῳ
1128 1381 1209 1423 τῶν
1238 1381 1535 1437 ζωγρηθέντων
1561 1378 1661 1431 ὅμο-

223 1448 368 1499 γεναῖν,
400 1445 457 1494 ὥς
484 1447 529 1487 ἐκ
555 1443 703 1487 τούτου
732 1447 804 1488 καί
829 1445 971 1498 κώμας
997 1449 1312 1502 συνοικισθῆναι
1344 1449 1439 1489 καθ’
1467 1444 1662 1499 ἑσπέριόν

224 1527 317 1554 τινα
346 1514 463 1568 λῆξιν
485 1510 748 1566 Ῥωμαϊκήν,
777 1505 837 1553 ὧν
866 1510 938 1552 καί
962 1513 1088 1553 εἰσέτι
1112 1511 1242 1568 μικρά
1267 1528 1359 1555 τινα
1389 1508 1661 1566 ἑμπυρεύμα-
1675 1523 1727 1548 20

225 1592 278 1618 τα
308 1574 547 1631 σώζονται,
591 1577 667 1617 οὐκ
705 1575 868 1631 ὄλίγους
895 1579 942 1619 δὲ
981 1576 1053 1620 καί
1090 1580 1150 1626 εἰς
1187 1580 1362 1633 σπείρας
1391 1578 1662 1632 καταλεγῆναι

225 1641 522 1695 συμμαχικάς,
574 1640 839 1697 ἀποδοθῆναι
867 1643 912 1684 δὲ
942 1642 1194 1699 καίμοίρας
1223 1645 1413 1693 πλείονας
1439 1645 1661 1697 συνειλημ-

225 1708 354 1760 μένας
383 1705 465 1748 ὑπὸ
494 1710 570 1761 τῆς
600 1709 817 1762 στρατιᾶς.

338 1773 378 1814 5.
443 1771 647 1828 Τοιαύτην
688 1774 803 1828 νίκην
846 1776 1058 1830 περιφανῆ
1085 1773 1189 1816 κατά
1219 1775 1396 1816 Σκυθῶν
1424 1773 1446 1816 ὅ
1474 1772 1664 1829 Ἰωάννης

327 1895 377 1918 η.
401 1881 760 1928 α’ντιπροσβοίλλεται
775 1885 814 1918 Α.
865 1895 920 1920 20.
947 1877 1088 1931 σμικρά
1105 1885 1192 1930 οὐχὶ
1217 1885 1320 1921 πάνυ
1344 1884 1612 1933 ἓμπυρεύμαια
1624 1885 1663 1919 Α.

321 1941 377 1965 21.
401 1929 441 1964 δὲ
466 1931 522 1967 εἰς
549 1931 629 1968 ἴλας
652 1932 693 1964 A.
793 1941 848 1964 22.
875 1933 1167 1978 συνειλεγμένας
1190 1933 1230 1966 Α.

230 2028 425 2076 phalanges
449 2031 658 2075 urgentibus
683 2031 847 2067 hostibus
876 2038 913 2066 et
927 2033 1096 2066 audacius
1114 2044 1151 2066 se
1176 2033 1416 2066 inferentibus
1432 2032 1638 2066 laborarent
1653 2056 1670 2074 ‚-

231 2077 421 2121 imaginem
451 2077 509 2109 dei
533 2078 714 2121 genitricis
733 2090 811 2111 cum
845 2080 977 2123 gemitu
995 2085 1031 2112 et
1046 2080 1312 2112 miserabilibus
1334 2079 1493 2124 gestibus
1518 2080 1664 2112 intuens

231 2123 394 2162 lacrimas
418 2124 559 2156 bellicis
580 2125 770 2158 sudoribus
788 2125 978 2158 calidiores
994 2125 1187 2168 fundebat3
1215 2137 1334 2170 neque
1362 2126 1400 2158 id
1427 2126 1566 2158 frustra.
1592 2131 1666 2159 sta-

230 2171 296 2203 tim
319 2171 414 2202 enim
446 2171 593 2205 caelesti
616 2171 744 2204 robore
785 2178 939 2205 armatus
966 2171 1165 2215 Scythicam
1194 2173 1305 2205 aciem
1331 2172 1514 2216 profligat,
1540 2183 1666 2218 quem-

231 2216 423 2251 admodum
453 2217 538 2249 olim
553 2218 693 2260 Moyses
723 2219 931 2256 extensione
955 2230 1122 2254 manuum
1139 2218 1411 2251 Amaleehiticas
1431 2224 1565 2251 turmas
1591 2218 1665 2252 dis-

231 2263 370 2307 sipavit.
398 2264 588 2308 assumptis
612 2265 720 2308 igitur
746 2266 938 2309 armigeris,
964 2266 1026 2310 qui
1052 2265 1177 2309 clipeis
1203 2265 1366 2309 oblongis
1398 2271 1435 2298 et
1457 2266 1665 2310 prominen-

230 2309 328 2348 tibus
354 2309 463 2353 galeis
492 2310 605 2349 instar
627 2311 721 2343 muri
744 2311 1034 2356 inexpugnabilis
1060 2312 1282 2352 muniuntur,
1309 2324 1387 2344 cum
1414 2311 1552 2356 Scythis
1579 2323 1666 2345 con-

231 2355 400 2399 greditur.
434 2357 496 2401 qui
536 2369 615 2389 cum
640 2357 815 2393 dissoluta
850 2358 914 2390 illa
941 2370 1106 2390 curruum
1143 2359 1234 2391 serie
1262 2358 1307 2390 ad
1332 2370 1456 2391 manus
1479 2359 1664 2399 venirent,

231 2401 270 2435 in
293 2408 433 2446 turpem
471 2404 563 2439 versi
598 2404 715 2448 fugam
755 2415 775 2436 a
800 2405 965 2437 Romanis
1001 2404 1166 2438 alacriter
1204 2405 1504 2449 persequentibus
1537 2416 1664 2448 magno

232 2459 382 2480 numero
409 2449 608 2482 caeduntur
630 2451 844 2483 Hamaxobii
884 2452 962 2492 illi3
988 2451 1183 2496 castrisque
1211 2451 1360 2496 direptis
1383 2451 1665 2485 innumerabiles

231 2495 433 2539 capiuntur.
469 2495 532 2529 sed
565 2502 602 2531 et
639 2498 843 2541 transfugae
873 2497 1051 2530 desiderio
1087 2498 1305 2542 captivorum
1328 2498 1556 2542 popularium
1581 2509 1663 2531 con-

230 2541 415 2582 fluebant,
452 2542 542 2574 adeo
580 2549 620 2576 ut
656 2544 694 2581 in
719 2543 936 2582 occidentali
956 2543 1110 2588 quadam
1131 2545 1313 2589 provincia
1330 2545 1487 2578 Romana
1509 2545 1591 2589 pagi
1620 2544 1666 2577 ab

231 2588 284 2623 eis
311 2588 572 2629 conderentur,
613 2601 765 2633 quorum
802 2590 920 2623 adhuc
955 2591 1129 2635 reliquiae
1165 2595 1372 2635 supersunt3
1404 2602 1471 2624 nec
1494 2591 1599 2636 pauci
1629 2591 1667 2624 in

231 2633 410 2668 sociorum
433 2634 597 2674 cohortes
627 2636 856 2678 referrentur,
883 2643 920 2670 et
941 2638 1055 2671 maior
1080 2637 1185 2671 turba
1209 2638 1253 2672 ab
1272 2637 1429 2670 exercitu
1454 2643 1555 2683 capta
1579 2648 1667 2671 ven—

234 2680 390 2715 deretur.

325 2728 356 2763 5·
405 2727 480 2762 Hac
519 2727 564 2761 de
597 2727 738 2773 Scythis
775 2734 876 2776 parta
910 2730 1080 2772 victoria,
1118 2735 1166 2763 et<
1189 2728 1320 2763 illustri
1356 2729 1454 2764 edito
1482 2730 1663 2771 facinore,
