1878 3230
442 187 665 230 ALExms
705 188 883 231 uncas
922 177 1254 231 MUth'JFLUs.
1452 171 1562 244 769

128 286 432 339 μαστιγοῦντας
460 287 506 328 ἐκ
532 284 723 341 περάτων
749 281 840 341 ἄγει
869 289 938 343 τῆς
968 288 1044 341 γῆς
1080 288 1153 329 καί
1176 289 1260 329 τῶν
1289 287 1334 330 ἐν
1367 285 1562 344 θαλάσσῃ

130 349 314 405 μακράν,
344 352 417 393 καί
443 350 513 394 διὰ
545 350 764 407 προφήτου
795 354 876 408 βοᾷ
901 352 1230 408 μεγαλοκὴρυκος
1258 351 1469 407 ,,γι’γαντες
1494 350 1564 406 ἔρ·

128 431 273 469 χονται
299 419 517 471 πληρῶσαι
547 415 616 458 τὸν
647 416 787 469 θυμόν
812 433 908 470 μου,
936 418 1156 470 χαίροντες
1182 415 1272 470 ἅμα
1301 417 1372 460 καὶ
1396 419 1565 469 παίζον-

129 496 196 529 τες
223 482 468 535 ἡγιασμένοι
500 481 594 534 εἶσί,
621 481 694 523 καί
725 477 811 535 ἄγω
831 480 1035 535 αὕτούς,”
1062 481 1167 525 α’λλιὶ
1195 483 1266 524 καὶ
1291 482 1452 532 τούτοις
1476 485 1607 539 ἐπι-(ἶ

96 546 255 591 5τείνει
280 548 567 602 σφοδροτέρας
596 545 753 601 πληγὰς
779 549 853 588 καί
873 549 956 589 τῶν
986 550 1122 589 κακῶν
1147 550 1339 602 μαστίζει
1371 555 1458 597 τοῖς
1477 553 1568 602 χεί-

134 627 253 666 ροσι,
277 610 407 667 χάριν
439 610 561 660 εἰδώς
589 612 787 664 οὐδαμῶς
817 609 1031 666 οὔδεμίαν,
1060 615 1100 655 εἰ
1123 616 1280 669 χρῆται
1309 613 1470 664 τούτοις
1498 611 1571 669 ὄρ-

131 673 276 729 γὰνοις
306 678 366 725 εἰς
395 671 570 730 &hepone
597 673 753 718 πόλεων
779 679 852 719 καί
878 685 1018 727 κακοῖς
1044 679 1280 733 ἐπιδημιόις
1308 682 1380 720 καί
1409 681 1573 734 δημίοις

133 740 367 796 ἀνθρώπων
406 738 704 796 α’νελεήμοσιν,
756 740 839 784 εἴτε
881 741 965 798 μήν
995 741 1052 793 ὦς
1099 749 1310 799 νοσηλεῖαι
1347 746 1420 786 καί
1464 742 1574 799 φάρ·

133 823 248 859 μακα
277 807 552 861 συναίρονταί
577 804 615 847 οἱ
644 808 688 848 ἐν
715 809 924 858 πλείστοις
955 808 1014 858 αἷς
1043 811 1196 863 ψυχῶν
1234 811 1365 868 ἰατρῷ
1377 843 1390 863 ,
1419 804 1480 858 οἷς
1503 812 1579 851 καί

77 889 125 916 10
138 870 265 928 φύσις
291 869 432 913 τοιάδε
462 887 527 920 τις
559 869 695 914 ἔνεστι
720 877 807 921 τοῖς
838 872 1089 927 ἐπιστήσασι
1118 876 1335 929 πρόδηλος.
1387 874 1580 928 καχεξίαι

135 938 213 990 μὲν
239 934 322 991 γὰρ
353 932 382 991 ἢ
411 940 488 978 τοῦ
514 933 738 996 κάμνοντος
767 938 1110 993 ἀναρρωσθέντος
1143 941 1472 992 ἐκμαρανθεΐσαι
1506 944 1580 980 τοῦ

138 1003 246 1057 δρᾶν
271 1000 421 1056 ἔληξαν
451 997 478 1056 ἢ
507 1004 563 1059 τῷ
590 1001 795 1056 πάσχοντι
827 1004 1160 1045 συνδιόλλυνται·
1216 1002 1269 1045 τὰ
1298 1005 1334 1044 δ’
1361 1004 1582 1046 οἷκεσίνοσα

140 1064 346 1123 φάρμακα
374 1066 422 1108 τὸ
454 1070 683 1121 καχεκτοῦν
722 1066 945 1123 ὅτεδὴποτε
974 1070 1185 1123 ιάσάμενα
1221 1073 1311 1118 ταῖς
1351 1071 1437 1111 τῶν
1474 1069 1584 1111 ὑλῶν

140 1132 404 1188 α’τιμοτέραις
436 1132 716 1187 συμπρόεισιν
753 1131 1051 1188 ἅχρειούμενα.
1102 1136 1265 1190 χρῆναι
1301 1137 1438 1176 τοίνυν
1474 1133 1588 1190 φημὶ

79 1199 128 1241 15
139 1196 198 1252 μὴ
230 1199 393 1252 βιβλίον
429 1199 688 1240 α’ποστασίου
729 1197 836 1253 πρὸς
874 1201 981 1240 θεοῦ
1019 1199 1240 1252 δεδομένον
1282 1200 1384 1255 ἡμῖν
1420 1197 1446 1254 ἢ
1485 1202 1587 1253 γοῦν

139 1265 224 1306 ταῖν
249 1263 498 1318 ἅγριελαίων
522 1261 753 1319 βαρβάρων
779 1266 964 1318 παντελῆ
991 1265 1242 1319 ἑγκέντρισιν
1282 1267 1343 1314 εἰς
1377 1264 1453 1320 τὴν
1488 1267 1629 1307 καθἸ)

142 1328 252 1386 ἡμᾶς
281 1333 543 1372 καλλιέλαιον
571 1330 623 1372 τὰ
655 1330 827 1372 ἐπιόντα
864 1328 1032 1372 οἴεσθαι
1060 1330 1202 1384 δεινά,
1243 1329 1350 1373 οἷλλιὶ
1391 1332 1587 1373 παιδείαν

140 1394 296 1449 μικράν
314 1428 327 1448 ,
357 1392 505 1438 ὁποίαν
536 1394 674 1451 ἴσησιν
703 1394 871 1450 ἐπάγειν
897 1393 1025 1449 θεός,
1063 1395 1195 1444 ἄνιείς
1231 1397 1304 1438 τοῦ
1344 1391 1450 1451 ἄγαν
1487 1398 1589 1451 μηδ’

143 1460 332 1510 ἐνδιδοὺς
361 1459 413 1502 τοὶ
447 1459 581 1503 πάντα
608 1466 995 1517 τοῖςπειρασταῖς,
1027 1459 1133 1503 α’λλὰ
1163 1461 1237 1503 καί
1271 1465 1355 1503 τῶν
1397 1464 1590 1516 πειραζο-

79 1542 132 1568 20
142 1528 279 1580 μένων
309 1529 352 1567 ἑν
379 1529 500 1580 μέρει
531 1525 810 1582 φειδόμενος,
847 1525 921 1568 καί
947 1526 1131 1579 μάλιστα
1172 1528 1214 1568 εἰ
1247 1526 1292 1569 τό
1335 1529 1413 1580 μὲν
1451 1529 1590 1581 δρῶν,

144 1590 268 1646 κόρον
297 1591 372 1633 οὐκ
399 1591 511 1641 εἰδός
548 1593 865 1646 α’νοσιουργιάς,
912 1591 986 1632 και)
1024 1588 1160 1633 αὐτοῦ
1200 1591 1494 1646 κατεπαίρεται
1533 1594 1590 1634 δι’

147 1657 346 1710 α’σέβειαν
371 1658 470 1713 παρ’
506 1651 557 1697 οὗ
589 1655 664 1711 τήν
688 1655 814 1710 ι’σχῦν
843 1653 1007 1712 εἰλήφει
1037 1658 1116 1697 τοῦ
1140 1653 1397 1711 μαστιγοῦν,
1429 1654 1486 1704 αἷς
1509 1658 1590 1709 μὲν

247 1758 296 1791 ι5.
323 1753 358 1799 ἢκ
368 1755 477 1804 γοῦν]
503 1753 524 1798 ἢ
553 1757 617 1790 ἵνα
639 1748 715 1790 ἀπὸ
741 1757 805 1797 τῆς
829 1756 1068 1789 καλλιελαίου
1092 1755 1201 1803 ἡμῶν
1226 1755 1357 1799 α’ρετῆς
1374 1765 1413 1788 τε
1437 1758 1499 1790 καὶ
1523 1758 1590 1790 πί·-

242 1812 355 1841 στεως
381 1804 434 1841 εἰς
459 1802 506 1838 τὰ
534 1801 658 1839 αὐτῶν
682 1803 753 1846 ἤθη
781 1803 1112 1849 ἐγκεντρισθῶμεν
1138 1804 1203 1836 καὶ
1225 1803 1349 1842 τάξεις
1374 1803 1410 1834 Β.

149 1894 306 1928 vicissim
329 1905 488 1927 mensam
524 1894 672 1927 instruit
706 1904 823 1926 coram
851 1893 903 1927 eis
930 1905 950 1926 a
976 1892 1107 1938 quibus
1137 1893 1322 1937 affligitur,
1355 1898 1392 1926 et
1418 1893 1588 1938 poculum

148 1942 304 1987 porrigit
326 1941 548 1974 humanitate
571 1947 607 1974 et
629 1940 814 1974 hilaritate
838 1941 986 1985 plenum
1013 1946 1050 1973 et
1082 1939 1129 1972 ob
1164 1941 1240 1973 vini
1275 1939 1473 1972 bonitatem
1511 1941 1590 1972 ine-

149 1989 284 2021 brians.
311 1988 340 2020 si
367 1988 606 2032 flagellatores
631 1987 676 2020 ab
701 1988 869 2020 extremis
891 1993 1008 2019 terrae
1043 1986 1223 2031 marisque
1252 1986 1384 2019 finibus
1416 1986 1589 2027 adducit,

152 2039 190 2068 et
212 2045 277 2079 per
300 2034 513 2080 prophetam
547 2045 715 2078 magnum
746 2044 960 2078 praeconem
995 2033 1159 2066 clamitat
1187 2033 1385 2076 „Gigantes
1415 2033 1589 2073 veniunt,

152 2087 194 2114 ut
232 2081 402 2125 expleant
430 2082 520 2114 iram
556 2092 701 2121 meam,
743 2081 848 2113 simul
881 2085 918 2113 et
950 2080 1128 2113 laetantes
1169 2084 1206 2112 et
1240 2079 1424 2121 ludentes;
1468 2091 1589 2112 sacro-

152 2128 267 2161 sancti
295 2133 397 2167 sunt,
434 2134 470 2162 et
504 2139 525 2160 a
563 2139 621 2160 me
653 2126 917 2160 adducuntur:'’
969 2127 1071 2171 atqui
1107 2126 1328 2170 gravioribus
1359 2126 1475 2171 plagis
1511 2137 1592 2159 eos-

154 2174 237 2207 dem
269 2174 382 2208 afficit
414 2180 451 2208 et
488 2174 728 2208 deterioribus
764 2174 867 2207 malis
900 2172 1076 2217 flagellat;
1109 2183 1176 2205 nec
1208 2172 1319 2205 ullam
1358 2173 1409 2205 eis
1441 2173 1591 2216 gratiam

153 2220 289 2262 habet,
339 2221 370 2254 si
402 2232 467 2266 pro
505 2220 753 2254 instrumentis
794 2220 840 2253 ad
880 2220 1074 2265 perniciem
1114 2218 1258 2252 urbium
1295 2224 1332 2252 et
1363 2219 1591 2264 publicarum

155 2267 312 2300 cladium
338 2273 375 2300 et
396 2279 461 2313 pro
486 2268 693 2301 crudelibus
717 2267 903 2300 hominum
925 2265 1152 2300 carnificibus
1187 2265 1238 2298 eis
1264 2266 1390 2301 utitur.
1419 2277 1501 2298 nam
1529 2277 1590 2298 eos

155 2319 198 2347 ut
227 2313 370 2347 morbos
405 2320 442 2347 et
475 2315 756 2354 medicamenta,
795 2313 929 2358 quippe
969 2313 1170 2346 animorum
1202 2311 1387 2353 medicus,
1423 2311 1590 2354 adhibet3

157 2371 309 2404 quorum
330 2365 458 2394 natura
482 2362 608 2406 peritis
628 2372 702 2394 non
726 2361 848 2404 ignota
873 2365 937 2393 est.
963 2364 1026 2393 aut
1060 2359 1155 2392 enim
1189 2358 1282 2390 mala
1315 2358 1493 2392 habitudo
1530 2369 1591 2391 ae-

158 2412 260 2450 groto
288 2413 411 2441 sanato
441 2407 534 2442 vires
566 2419 647 2440 suas
675 2408 830 2448 amittit,
858 2412 920 2440 aut
943 2417 1015 2439 una
1047 2417 1127 2438 cum
1162 2405 1227 2437 illo
1259 2405 1396 2439 interit.
1432 2405 1591 2437 medica-

157 2458 279 2485 menta
300 2464 383 2486 vero
421 2455 647 2499 quantumvis
677 2455 772 2486 acria
796 2453 947 2497 depulso
965 2452 1092 2486 morbo
1119 2463 1190 2484 una
1208 2462 1287 2484 cum
1310 2462 1419 2496 prava
1443 2451 1593 2484 materia

161 2499 409 2542 expelluntur,
443 2511 510 2534 nec
538 2501 605 2533 ulli
641 2506 726 2534 sunt
761 2501 911 2545 amplius
950 2500 1043 2534 usui.
1081 2497 1314 2543 quamobrem
1351 2498 1483 2530 affirmo
1523 2498 1593 2528 ista

160 2545 278 2585 mala,
309 2546 440 2589 quibus
464 2547 626 2591 oppressi
650 2558 794 2587 sumus,
819 2557 892 2580 non
923 2546 1088 2578 libellum
1116 2544 1260 2589 repudii
1285 2545 1457 2576 divinitus
1486 2542 1592 2575 nobis

164 2591 287 2624 datum
310 2596 372 2623 aut
388 2591 565 2626 barbarici
589 2593 735 2626 oleastri
760 2594 962 2627 absolutam
988 2592 1195 2624 insitionem
1220 2591 1259 2623 in
1282 2596 1438 2622 nostram
1462 2590 1593 2622 olivam

164 2648 242 2671 esse
266 2636 478 2678 iudicanda,
517 2639 581 2672 sed
617 2651 761 2684 parvam
794 2640 1084 2682 castigationem,
1117 2638 1261 2682 qualem
1295 2635 1382 2668 deus
1420 2634 1594 2668 adhibere

163 2685 266 2717 novit
288 2689 427 2717 servato
452 2684 581 2725 modo,
605 2697 680 2719 non
703 2687 821 2719 omnia
848 2684 1089 2719 tentatoribus
1115 2682 1310 2716 concedere
1346 2681 1408 2714 sed
1443 2683 1593 2715 tentatis

168 2731 276 2764 etiam
304 2741 447 2774 parcere
466 2730 614 2770 solitus,
638 2733 847 2776 praesertim
876 2733 905 2765 si
930 2732 959 2764 is
985 2731 1047 2775 qui
1074 2730 1147 2774 agit
1178 2727 1318 2762 nullum
1342 2728 1487 2761 modum
1519 2729 1593 2762 suis

245 2791 391 2834 Νἰοεὶαε
417 2798 627 2835 Choniates.
1296 2796 1340 2840 49
