1878 3230
234 163 340 220 7⁰2
655 161 883 202 mom-Au
924 158 1237 202 cnomA'rAE

225 263 306 304 τῶν
330 258 526 316 νησιδίων
556 250 909 308 διαπλωΐζεταίιῖ
932 250 1109 310 ἄγχιστα
1138 255 1210 309 τῆς
1229 246 1549 300 ’Κωνσταντίνου
1578 259 1659 311 ἅμ·-

227 328 471 383 φιρρέονται
489 356 501 376 ,
529 322 601 364 τὸν
627 320 880 376 Ἀστακηνόν
906 321 1055 363 κόλπον
1083 320 1206 376 ἀφεῖς
1232 325 1458 375 περιπλεῖν·
1515 323 1660 366 λαίλα-

225 406 301 440 πος
335 393 370 430 δ’
399 388 690 442 ἀνεγερθείσης
718 388 916 442 ἐξαίφνης
935 385 1006 428 καί
1032 385 1340 440 μετεωρισάσης
1368 386 1414 426 τὸ
1444 390 1557 439 κῦμα
1585 389 1660 442 ὄρ..

226 454 305 497 θὸν
332 453 375 495 τὸ
407 457 549 494 πλοῖον
582 454 627 493 ἐκ
666 452 837 507 πρώρας
870 453 941 494 ε’πί
986 450 1178 505 πρύμναν
1206 450 1381 505 ἀἴρεται
1415 450 1488 492 καί
1512 456 1663 507 μικροῦ

226 515 474 560 καταδύεται
492 549 503 570 ,
531 514 652 559 ἔνθεν
681 519 751 558 καί
786 515 905 559 ἔνθεν
934 515 1262 568 ἐπικλυζόμενον.
1317 514 1551 570 ἐθορύβουν
1588 519 1700 569 μὲνό

227 580 303 625 οὖν
336 581 372 624 οἱ
400 584 609 636 πλωτῆρες
644 584 716 623 καί
741 580 891 636 ἱδρῶσι
918 583 1206 636 περιερρέοντο
1227 612 1239 633 ,
1268 581 1369 634 βοαί
1396 582 1442 622 δὲ
1480 583 1562 621 τῶν
1592 583 1666 633 ἐμ·-

162 678 169 683 -
227 647 430 690 πλεόντων
460 650 533 689 καί
569 643 860 702 θεοκλυτήσεις
891 641 1021 701 ἦσαν,
1062 647 1243 700 οἰμωγαί
1278 661 1325 687 τε
1363 645 1435 687 καί
1469 645 1669 699 ὀλολυγαὶ

228 713 450 767 διωλύγιον
476 710 742 767 ἐξηκούοντο·
801 714 1022 753 συνέπλεον
1051 712 1098 752 δὲ
1134 715 1306 764 βασιλεῖ’
1335 711 1474 753 πᾶσαί
1506 726 1553 752 τε
1596 710 1669 753 καί

186 770 376 827 Βπάντες
404 776 654 832 ἐπιτήδειοι,
683 774 743 826 οἷς
770 779 843 818 καί
869 776 1041 831 ποθεινὴ
1070 779 1147 829 μὲν
1176 777 1202 831 ἦ
1232 778 1284 831 γῆ
1310 782 1396 826 τοῖς
1422 777 1663 829 βαδίζουσι,

226 842 399 898 nostum}
431 844 477 884 δὲ
513 845 586 884 καί
624 844 769 890 αὐτοῖς
805 839 941 884 ἐδόκει
980 858 1044 891 τις
1077 844 1272 895 ἐντυχεῖν.
1327 839 1458 883 πολλὰ
1507 843 1552 883 δὲ
1596 840 1731 884 nocito

225 915 402 950 παντοῖα
448 901 860 956 διακινδυνεύσαντες
911 908 1128 962 ἀγαπητῶς
1164 908 1238 948 καί
1282 905 1402 960 μόλις
1449 906 1548 960 περὶ
1591 904 1665 960 τὴν

228 974 466 1029 Πρίγκιπον
496 975 803 1025 διασώζονται,
832 975 877 1014 ἐκ
905 975 951 1014 δὲ
989 970 1144 1027 ταύτης
1180 975 1257 1013 τοῦ
1295 970 1475 1025 κύματος
1508 970 1667 1026 ἠρεμή-

227 1054 380 1089 σαντος
414 1042 456 1087 ἐς
492 1036 746 1093 Χαλκηδόνα
772 1038 1062 1094 καταίρουσιν·
1119 1036 1224 1078 ἔνθα
1255 1040 1332 1079 τοῦ
1374 1038 1530 1091 ἰλίγγου
1573 1037 1667 1078 ἆνε-

226 1108 372 1154 θὲντες
398 1102 469 1145 καί
496 1102 572 1159 τήν
599 1101 736 1158 ἅλμην
761 1101 1094 1156 ἅποπτύσαντες,
1122 1105 1196 1145 καί
1221 1102 1354 1159 λη’θης
1380 1104 1501 1159 βυθῷ
1529 1119 1666 1157 παρα-

227 1168 367 1218 δόντες
395 1167 445 1210 τὰ
474 1169 640 1223 χαλεπὰ
669 1172 746 1211 τοῦ
773 1167 966 1211 κινδύνου
995 1170 1068 1210 καί
1097 1166 1279 1224 φοβερά,
1311 1171 1353 1218 ἐς
1370 1169 1415 1210 τὸ
1437 1171 1545 1223 μέγα
1575 1170 1730 1212 δια-ι5

226 1237 500 1289 περαιοῦνται
530 1231 761 1286 παλάτιον,
796 1232 975 1286 ἁμίλλας
1011 1235 1243 1282 τελέσοντες
1286 1233 1422 1276 ἵππων
1459 1234 1532 1275 καί
1565 1231 1668 1275 θεά-

225 1316 338 1356 τροις
367 1299 440 1342 τὸν
480 1301 612 1354 δῆμον
654 1298 959 1352 δεξιωσόμενοι.
1017 1298 1073 1348 ὥς
1110 1293 1183 1340 οὖν
1222 1298 1385 1355 εἰλήφει
1426 1301 1557 1354 πέρας
1595 1301 1669 1341 καί

225 1363 347 1419 τάδε,
403 1363 600 1419 βασιλεὺς
625 1366 702 1418 μὲν
733 1367 933 1406 α’πελθεῖν
972 1365 1014 1413 ἐς
1042 1366 1287 1419 Βλαχέρνας
1325 1366 1475 1406 αὐτίκα
1516 1360 1666 1418 ἤθελε,

229 1432 303 1485 τῆς
343 1433 390 1473 δὲ
425 1433 507 1473 ταῖν
538 1429 757 1482 Ῥωμαίων
795 1429 989 1485 α’καιριάς
1029 1431 1359 1485 προσισταμένης
1399 1430 1467 1484 (οἱ
1502 1429 1579 1486 γὰρ
1620 1432 1665 1479 ἐς

189 1497 338 1552 Οῆμᾶς
367 1496 665 1550 αὐτοκράτορες
693 1494 766 1536 καί
791 1497 918 1550 μέχρι
946 1497 1172 1550 βηματίσαι
1200 1494 1276 1549 τὴν
1294 1497 1378 1536 τῶν
1405 1491 1570 1549 ἄστρων
1591 1498 1662 1537 θὲ-
1675 1513 1728 1539 20

225 1578 294 1604 σιν
322 1559 681 1617 περιεργάζονται)
714 1558 789 1615 τὴν
819 1559 988 1615 πρώτην
1020 1562 1103 1602 τῶν
1130 1563 1329 1615 νηστειῶν
1357 1557 1572 1614 ἑβδομάδα
1606 1563 1664 1619 τῷ

319 1705 351 1727 2.
375 1688 444 1728 τὸν
467 1693 610 1729 κόλπον
634 1691 961 1740 τῆς,νικομηδείας
985 1692 1023 1723 Β.
1163 1691 1194 1724 5.
1223 1690 1509 1736 ἐθορυβήθησαν
1532 1687 1601 1725 οὖν
1626 1691 1665 1724 οἱ

318 1743 454 1776 ναῦται
478 1741 515 1773 Β.
621 1752 654 1784 9.
681 1742 735 1775 οἱς
759 1739 834 1785 καὶ]
863 1738 1023 1783 ηὔχοντο
1047 1735 1143 1781 γοῦν
1167 1739 1231 1774 καὶ
1259 1737 1479 1783 ἐπεθύμουν
1501 1731 1568 1780 τὴν
1589 1739 1666 1783 γῆν

321 1787 418 1820 ἰδεῖν
442 1787 479 1818 Β.
601 1787 651 1818 13.
675 1784 743 1819 τοῦ
766 1786 915 1830 ἰλίγγου
940 1783 1059 1830 cium]
1087 1782 1428 1821 α’ποσκοτισθέντες
1453 1785 1490 1816 Β.
1612 1796 1664 1830 ¹9·

319 1831 527 1879 Ῥωμαίων]
556 1831 707 1878 χρόνων
730 1842 849 1876 margo
874 1832 919 1866 W
947 1836 985 1865 et
1018 1829 1152 1864 codicis
1179 1831 1253 1864 Par.
1371 1840 1426 1865 20.
1449 1831 1566 1877 μέχρι
1597 1839 1665 1877 με-

321 1878 550 1923 τακινήσεως
572 1882 713 1925 μικροῖς
735 1878 771 1911 Β.

228 2003 335 2047 igitur
355 2002 439 2035 navi
474 2001 725 2046 imperatoria,
751 2004 847 2033 recta
871 1998 916 2032 ad
941 2010 1064 2044 parvas
1089 1999 1223 2033 insulas
1248 2001 1375 2045 passim
1407 2000 1508 2034 iuxta
1536 1999 1664 2034 urbem

229 2051 312 2082 sitas
345 2047 547 2088 contendit,
578 2049 790 2080 Astacenum
826 2047 941 2079 sinum
982 2047 1243 2079 circumvectus.
1280 2053 1358 2081 orto
1391 2053 1510 2080 autem
1545 2047 1662 2080 subito

228 2095 391 2135 turbine,
417 2095 526 2128 fluctu
558 2094 596 2126 in
629 2094 740 2126 altum
774 2099 912 2135 erecto,
945 2093 1042 2126 navis
1074 2104 1094 2125 a
1125 2104 1230 2138 prora
1265 2094 1303 2126 in
1342 2095 1490 2139 puppim
1522 2094 1663 2127 sublata

229 2140 488 2186 propemodum
513 2140 767 2184 submergitur,
795 2139 900 2172 undis
927 2138 1089 2184 undique
1117 2139 1335 2184 urgentibus.
1367 2146 1497 2173 nautae
1529 2140 1662 2173 tumul-

229 2188 342 2227 tuari,
368 2187 493 2219 sudare
517 2193 698 2227 vectores,
732 2186 939 2227 vociferari,
975 2185 1081 2218 deum
1115 2186 1299 2227 invocare,
1336 2187 1529 2231 suspirare,
1565 2186 1660 2218 clare

231 2235 378 2267 eiulare.
403 2231 625 2266 vehebantur
650 2228 743 2265 enim
766 2244 838 2265 una
863 2243 983 2264 omnes
1008 2233 1229 2277 imperatoris
1255 2233 1442 2265 familiares
1475 2231 1660 2276 utriusque

232 2291 353 2320 sexus,
379 2285 495 2312 terrae
518 2278 694 2312 videndae
721 2284 757 2311 et
783 2278 1011 2323 attingendae
1037 2278 1263 2324 cupidissimi.
1298 2284 1381 2323 post
1403 2278 1533 2311 multos
1558 2278 1660 2311 labo-

233 2337 290 2359 res
316 2332 352 2358 et
375 2325 534 2370 pericula
555 2325 614 2358 vix
639 2325 894 2369 optatissimam
916 2326 1087 2369 principis
1111 2325 1263 2358 insulam
1294 2325 1480 2368 attingunt.
1518 2334 1561 2356 ex
1596 2335 1659 2365 ea,

233 2378 444 2417 tempestate
470 2371 603 2411 sedata,
629 2370 889 2404 Chalcedonem
913 2372 1102 2404 traiiciunt.
1127 2371 1191 2403 ubi
1210 2371 1382 2415 vertigine
1404 2372 1521 2415 posita
1539 2376 1575 2403 et
1590 2371 1662 2404 sal-

235 2420 357 2463 sugine
383 2419 536 2458 reiecta,
562 2418 748 2450 timoribus
775 2423 811 2450 et
833 2417 1000 2462 periculis
1028 2417 1202 2450 oblivioni
1232 2416 1393 2458 traditis,
1426 2418 1464 2450 in
1499 2428 1663 2461 magnum

234 2466 406 2511 palatium
428 2469 615 2503 transeunt
638 2463 684 2496 ad
709 2463 868 2496 edendos
893 2463 1072 2496 Circenses
1096 2463 1199 2496 ludos
1225 2468 1261 2496 et
1283 2464 1455 2508 populum
1480 2469 1663 2507 spectacu-

237 2513 282 2544 lis
317 2510 592 2544 exhilarandum.
631 2509 760 2555 quibus
790 2509 898 2542 finitis
928 2510 1119 2554 imperator
1153 2510 1270 2542 statim
1308 2511 1346 2542 in
1379 2509 1588 2543 Blachernas
1624 2520 1662 2542 se

239 2558 400 2591 conferre
423 2558 556 2590 voluit:
582 2556 645 2590 sed
670 2557 753 2601 quia
777 2561 915 2600 tempus
939 2555 1195 2589 incommodius
1229 2556 1395 2590 obstabat
1431 2556 1526 2602 (nam
1549 2556 1662 2590 nostri

238 2605 405 2649 temporis
430 2604 657 2648 imperatores
682 2613 749 2635 nec
772 2603 949 2635 minimam
978 2602 1208 2635 mutationem
1234 2603 1334 2636 astris
1367 2603 1575 2636 inconsultis
1606 2603 1662 2635 in-

239 2651 422 2695 stituunt),
457 2651 603 2695 primam
633 2649 846 2682 ieiuniorum
877 2647 1138 2682 hebdomadem
1170 2649 1206 2681 in
1234 2660 1358 2693 magno
1393 2649 1527 2694 palatio
1566 2648 1662 2681 haud

240 2708 325 2732 sane
352 2698 472 2731 volens
496 2696 696 2743 permansit.
721 2701 762 2730 ut
782 2706 874 2731 vero.
892 2694 966 2728 dies
991 2695 1040 2729 V1
1065 2695 1110 2728 ad
1134 2695 1376 2739 migrationem
1401 2707 1473 2731 non
1499 2700 1574 2729 erat
1604 2695 1660 2730 in-
