1838 3210
420 177 493 217 DE
527 176 782 219 MANUELE
821 177 1082 220 commo
1121 179 1217 220 mn.
1260 180 1328 219 τι.
1491 159 1592 224 αίμ

159 291 231 332 καί
257 286 355 337 τούς
382 285 532 335 ἵππους
560 286 818 341 ἠσκημένους
846 282 970 340 εἶχον
987 282 1130 336 ἄλλοις
1145 303 1190 330 τε
1217 288 1386 340 κόσμοις
1406 291 1599 341 λάμπρο-

157 355 308 407 τάτοις,
339 352 444 395 ἀλλά
477 351 527 406 δὴ
559 353 633 393 καί
658 351 922 406 ἐπαυχενίοις
949 346 1229 407 άγλαῖσμασιν
1250 355 1296 394 ἑκ
1320 354 1477 409 τριχῶν
1498 369 1599 406 συγ-

159 423 362 474 κειμένοις
393 417 592 470 ἱππείων,
622 419 665 466 ἐς
701 416 842 459 ἱκανὸν
869 419 1128 470 καθιεμένων
1154 417 1228 459 καὶ
1251 420 1643 474 περιηρτημένονςῡ

159 487 348 541 ἐχουσῶν
377 482 609 539 ἧχητικούς
631 481 845 532 κώδωνας.
874 485 1076 536 βασιλεὺς
1107 486 1148 525 δ’
1174 482 1410 539 α’ναστὴσας
1435 484 1487 527 τὰ
1519 485 1602 526 τῶν

123 554 259 608 ὅπερί
287 549 419 593 αὕτόν
445 546 694 605 φρονήματα
723 547 802 602 τήν
830 550 913 590 τῶν
940 549 1148 601 πολεμίων
1178 551 1395 593 ἐπέλευσιν
1422 547 1605 601 εὖπειῶς

161 613 439 671 ἇποκρούεται
458 647 470 667 ,
501 614 571 655 det*
598 614 644 656 δὲ
672 612 775 655 κατὰ
807 613 947 668 βραχὺ
979 616 1217 668 προβαίνων
1241 622 1326 665 τοῖς
1352 615 1603 671 ἔμπροσθεν,

161 682 235 725 καί
262 684 339 725 νῦν
363 682 442 733 μὲν
467 680 649 731 πολέμου
688 677 802 736 νόμῳ
833 681 1008 732 ἐνιαχοῦ
1035 681 1082 721 δὲ
1112 679 1185 721 καὶ
1211 680 1419 733 οἷναίμωτι
1447 699 1606 737 παριπ-

158 748 298 791 πεύων
325 745 424 794 τούς
451 746 650 799 Πέρσας,
693 738 845 793 ἄλλους
887 745 954 786 ἐπ’
985 739 1126 793 ἄλλοις
1154 745 1376 795 συνιόντας
1403 750 1475 788 καί
1504 747 1606 790 πάν-ἑ

158 830 234 864 τας
260 814 484 864 συλλαβεῖν
511 808 642 852 αὐτὸν
668 809 940 863 σπεύδοντας,
972 809 1250 864 τρισάσμενος
1280 812 1503 867 ἐφίσταται
1533 812 1609 854 καὶ

101 877 370 927 Ιοᾶσπάσιος
395 882 482 926 τοῖς
508 874 793 927 προωδευκόσι
820 873 1041 929 τάγμασιν,
1072 876 1125 916 ου’
1150 878 1309 929 μᾶλλον
1334 877 1435 933 περὶ
1460 878 1609 926 αὐτοῖς

160 946 507 1000 δυσχεραίνουσιν
534 937 561 997 ἢ
589 943 652 983 ἐπ’
683 943 800 998 αὐτῷ
822 941 882 996 μὴ
913 943 1151 998 φαινομένῳ
1187 944 1451 999 αγωνιῶσιν.Ἰ
1492 938 1609 985 οὔπω

159 1014 207 1054 δὲ
226 1010 437 1063 συμμίξας
473 1005 666 1061 τούτοις,
713 1003 802 1048 ἀλλ’
847 1007 979 1049 ἐκεῖσε
1007 1006 1071 1049 ἔτι
1099 1005 1159 1049 (ὂν
1184 1006 1288 1049 ἔνθα
1316 1007 1504 1061 ποταμόν
1530 1025 1611 1050 πα-

157 1076 352 1132 ραρρέειν
393 1073 415 1116 ὅ
444 1072 563 1128 λόγος
602 1071 767 1128 εἴρηκε,
818 1074 935 1126 δίψει
963 1074 1208 1126 συνέχεται,
1250 1072 1323 1114 καί
1352 1072 1402 1128 δὴ
1433 1075 1611 1116 αἰτεῖται

156 1144 239 1184 τοῖν
271 1137 550 1196 παρεστώτων
581 1137 677 1180 τινὰ
708 1137 887 1190 λαβόντα
915 1138 1083 1191 ὑδρεῖον
1111 1134 1229 1194 ὕδωρ
1262 1138 1510 1193 ἀρύσασθαι
1538 1142 1618 1181 καί

101 1205 199 1253 ιόοἷ
229 1205 482 1257 α’ποκομίσαι
510 1209 631 1245 πιεῖν.
677 1203 841 1252 σπάσας
868 1205 1006 1245 τοίνυν
1034 1206 1111 1245 τοῦ
1137 1200 1297 1253 ὕδατος
1325 1201 1426 1246 ὅσον
1454 1201 1507 1246 ἂν
1532 1204 1610 1259 τὴν

158 1273 319 1315 ἐκείνου
351 1269 514 1311 ἐδίανεν
541 1266 762 1323 ὕπερώην,
793 1267 840 1309 τὸ
871 1267 1018 1310 λοιπὸν
1045 1270 1208 1322 ἐξέχεεν
1237 1265 1304 1311 οἷα
1334 1268 1392 1324 μή
1427 1272 1506 1310 τοῦ
1533 1285 1609 1311 πο-

156 1340 301 1386 θέντος
345 1333 479 1391 ἡδέως
528 1333 598 1376 διά
628 1337 704 1377 τοῦ
749 1331 976 1390 οἰσοφάγου
1019 1337 1424 1385 κατολισθαίνοντος.
1478 1339 1608 1377 πολυ-

157 1402 452 1459 πραγμονήσας
499 1404 546 1443 δὲ
574 1401 622 1442 τὸ
670 1399 793 1443 ποτὸν
821 1400 895 1442 καί
931 1402 1149 1455 λυθρῶδες
1189 1403 1314 1443 τοῦτο
1343 1402 1607 1457 κατανοήσας

157 1465 314 1526 ᾤμωξε,
343 1469 417 1510 καί
433 1463 522 1509 εἶπε
546 1466 604 1521 μή
629 1467 820 1520 εὐτυχῶς
848 1467 1168 1520 ἀπογεύσασθαι
1188 1468 1266 1508 τοῦ
1285 1469 1368 1508 τῶν
1400 1469 1609 1521 Χριστια-

95 1537 239 1584 πονῶν
283 1533 474 1587 αἵματος.
546 1529 766 1588 παρεστώς
809 1533 855 1573 δέ
880 1548 942 1580 τις
973 1531 1081 1587 ιῖνὴρ
1125 1531 1278 1585 ἰταμός
1318 1535 1390 1573 καί
1417 1531 1605 1588 θρασύς,

156 1601 213 1650 ὥς
240 1598 382 1652 ἔδειξε,
414 1598 487 1640 καί
517 1601 593 1640 τοῦ
622 1597 712 1640 τότε
732 1601 885 1652 καιροῦ
903 1597 1234 1653 θυσκολώτερος,
1264 1596 1607 1653 α’νερυθριάστως

157 1665 312 1722 ἔφησεν
339 1660 523 1718 ,,ἇ’παγε,
553 1667 754 1718 βασιλεῦ,
783 1659 933 1705 οὔκουν
965 1665 1125 1716 ταῦτα,
1158 1665 1280 1717 ου’χί·
1342 1664 1392 1704 ov‘
1420 1663 1501 1717 γάρ
1531 1667 1606 1706 νῦν
1620 1675 1650 1708 Ρ,
1676 1684 1731 1706 ιρι

157 1729 359 1786 πρώτως,
399 1729 506 1772 α’λλιὶ
556 1728 686 1772 πάλαι
727 1733 800 1770 καί
837 1725 1036 1776 πολλάκις
1078 1729 1151 1769 καί
1190 1730 1248 1776 εἰς
1275 1729 1508 1783 κραιπάλην
1536 1731 1611 1770 καί

158 1797 404 1853 ἄκραιφνῶς
432 1796 744 1850 Χριστιανικῶν
770 1792 962 1847 αἱμάτων
992 1791 1153 1849 κρατήρ
1185 1793 1392 1849 ἐκεράσθη
1422 1810 1502 1847 σοι,
1531 1811 1605 1836 κα·

256 1920 281 1940 ι.
308 1908 374 1941 καὶ
399 1905 488 1943 τούς
511 1905 667 1954 ἵππους]
695 1906 843 1951 ἔχοντες
874 1904 916 1939 ἐν
941 1908 1020 1940 τοῖς
1050 1904 1184 1942 ἵπποις
1208 1903 1333 1939 αὐτῶν
1365 1905 1606 1951 σπαρτζάμια

246 1952 340 2000 μετὰ
368 1953 572 1989 κωδωνίων
597 1954 634 1985 Β.
738 1965 787 1986 12.
813 1952 1080 1997 ξηροπόταμον
1112 1952 1148 1983 Β.
1273 1954 1320 1986 ι6.
1348 1947 1422 1999 οἷα]
1452 1956 1605 2000 βριῡμον

247 2001 338 2044 ἔχον
362 1999 553 2045 αἱματώδη
582 1998 704 2033 πολύν
731 2000 767 2031 Β.
901 1999 951 2032 18.
978 1997 1183 2045 λυθρῶδες]
1222 1997 1405 2033 κόκκινον
1432 2000 1468 2031 Β.
1548 2010 1601 2032 2ι.

247 2046 570 2093 οἷνερυθριιίστως]
601 2045 866 2090 τῖδιαντρόπως
889 2046 926 2078 Β.

157 2144 219 2189 qui
245 2148 387 2189 praeter
412 2143 483 2176 alia
515 2147 725 2175 ornamenta
761 2141 1052 2186 splendidissima
1088 2141 1247 2186 prolixas
1288 2142 1395 2174 tricas
1427 2152 1470 2174 ex
1497 2143 1602 2186 eqni-

156 2191 212 2224 nis
235 2191 319 2235 pilis
344 2195 531 2223 contextas
553 2194 590 2222 et
623 2200 769 2222 sonoras
803 2189 906 2222 nolas
933 2188 978 2222 de
1003 2188 1107 2221 collis
1132 2188 1378 2233 dependentes
1407 2188 1601 2222 habebant.

156 2249 278 2270 verum
314 2238 532 2282 imperator,
570 2234 697 2268 animis
722 2246 867 2268 suorum
896 2236 1085 2275 excitatis,
1110 2234 1268 2267 hostium
1293 2236 1466 2279 impetum
1494 2236 1602 2268 facile

155 2284 366 2328 propulsat3
403 2294 444 2316 ac
478 2282 634 2316 subinde
671 2283 847 2327 paulatim
880 2281 1165 2327 progrediendo,
1191 2286 1228 2314 et
1255 2291 1351 2314 nnnc
1386 2293 1484 2314 more
1509 2282 1601 2315 belli

155 2341 252 2364 nunc
275 2331 364 2364 citra
397 2330 605 2374 sanguinem
640 2330 762 2362 Persas
794 2328 1083 2374 praetereundo,
1119 2339 1273 2372 quorum
1301 2328 1363 2360 alii
1401 2334 1511 2373 atque
1538 2329 1601 2362 alii

156 2376 203 2410 ad
227 2388 308 2410 eum
340 2376 555 2422 capiendum
589 2375 854 2421 properabant,
889 2380 1080 2420 exoptatus
1117 2374 1163 2406 ad
1191 2375 1352 2419 legiones
1378 2386 1472 2419 quae
1498 2382 1602 2408 ante-

157 2429 338 2457 cesserant
359 2423 541 2468 pervenit‚
577 2433 651 2456 non
675 2429 748 2455 tam
773 2434 874 2455 suam
909 2422 1023 2454 vicem
1051 2421 1216 2454 dolentes
1244 2433 1349 2466 quam
1376 2422 1474 2454 illius
1505 2423 1602 2466 peri-

157 2470 239 2502 culo
263 2471 446 2503 sollicitas.
474 2469 538 2503 sed
561 2475 755 2514 antequam
785 2480 843 2502 eas
869 2468 1152 2513 adipisceretur,
1186 2479 1315 2512 aquam
1342 2479 1360 2500 e
1388 2468 1600 2512 praeterflu-

159 2520 242 2548 ente
266 2516 373 2549 fluvio
397 2516 561 2550 haustam
589 2517 705 2548 afferri
729 2515 799 2549 sibi
825 2516 954 2558 iussit3
980 2526 1051 2560 qua
1081 2515 1226 2547 summis
1252 2515 1361 2547 labris
1398 2521 1538 2559 gustata
1564 2520 1601 2547 et

159 2564 290 2603 effusa,
314 2562 413 2607 quod
436 2574 479 2596 ex
504 2563 644 2596 insuavi
688 2573 814 2608 sapore
841 2563 928 2595 taho
961 2562 1131 2595 infectam
1158 2562 1404 2605 cognovisset,
1432 2573 1511 2593 cum
1540 2572 1601 2592 su-

159 2608 269 2652 spirio
312 2609 551 2650 „infeliciter”
588 2610 708 2654 inquit
744 2608 1052 2651 „Christianorum
1099 2609 1307 2651 sanguinem
1355 2608 1500 2640 libavi.”
1546 2606 1599 2638 ibi

160 2653 307 2699 quidam
344 2655 462 2688 audax
502 2661 539 2689 et
573 2656 799 2700 importunus
830 2655 962 2696 homo,
1002 2661 1038 2688 et
1071 2655 1136 2687 illo
1179 2655 1408 2686 acerbissimo
1437 2659 1599 2696 tempore

160 2700 346 2741 acerbior,
373 2712 470 2741 „non
493 2703 609 2734 uunc”
634 2703 755 2747 inquit
779 2703 1010 2747 ‚‚imperator‚
1033 2712 1105 2734 non
1122 2713 1217 2733 nunc
1242 2702 1395 2745 primum
1421 2699 1483 2731 sed
1511 2698 1598 2731 olim

161 2753 196 2780 et
220 2757 326 2791 saepe
353 2753 390 2779 et
414 2746 459 2779 ad
483 2748 695 2782 ebrietatem
721 2760 835 2794 usque
860 2749 1145 2782 christianorum
1181 2748 1389 2791 sauguinem
1423 2745 1593 2785 hausisti,

227 2816 371 2851 Nceezas
400 2814 600 2850 Choniates.
1298 2815 1337 2848 16
