1838 3210
446 173 517 215 DE
555 173 809 216 MANUELE
851 172 1121 217 coMNENo·
1155 174 1253 217 ιιΒ.
1296 175 1349 215 11.
1514 175 1618 230 ¹09

185 273 367 328 θεοσεβῆ
393 289 436 315 τε
475 274 549 317 καί
588 270 798 327 ἄμεμπτον
839 276 910 317 καί
941 278 1071 330 μηδέν
1099 291 1139 316 τι
1175 274 1460 328 καθαιρέσεως
1507 271 1622 327 ἄξιον

182 337 519 394 διαπραξάμενον
565 341 774 395 παρέλυσε
810 342 880 394 τῆς
922 337 1078 396 ἀρχῆς,
1123 340 1262 382 αἰτίαν
1313 338 1495 396 ταύτην,
1542 342 1622 395 οὐχ

182 401 327 459 ἑτέραν
357 403 431 458 τὴν
456 407 527 460 τῆς
554 404 761 454 υἱοτοκίας
789 404 1006 447 διετείνετο
1040 408 1249 460 στέρησιν.

294 471 511 520 Πεσόντος
560 472 606 512 δὲ
651 470 710 519 ὥς
738 469 899 526 ἔφημεν
939 474 1013 512 τοῦ
1049 472 1419 528 Κοντοστεφάνου,
1442 472 1464 514 ὃ
1492 476 1622 527 μέγας

148 531 425 588 ὅδομέστικος
462 532 654 590 Ἰωάννης
698 537 770 589 τῆς
822 537 1101 591 τριηραρχίας
1137 538 1491 595 ἐπιλαμβάνεται,
1543 540 1591 580 ου’
1594 556 1624 592 χ

183 597 291 643 ὥστε
328 600 402 642 καί
443 603 574 654 μέγας
616 599 716 651 ὁόὐξ
764 599 1073 654 ὀνομάζεσθαι,
1117 602 1205 643 ἀλλ’
1235 599 1330 644 ὅσον
1367 607 1444 645 τοῦ
1470 603 1622 647 στόλου

181 666 416 720 ἐξηγεῖσθαι
446 668 521 707 καί
549 671 636 714 τοῖς
672 668 902 719 γινομένοις
930 667 1164 708 ἐπιστατεῖν
1192 666 1248 716 ὥς
1275 669 1499 726 στρατηγιξε
1529 671 1621 710 δία-

182 733 348 785 πρέπων
378 729 483 786 α’νὴρ
521 730 597 772 καὶ
633 730 740 773 κατὰ
785 738 912 786 χεῖρα
952 738 1135 785 γενναῖος
1176 734 1249 774 καί
1277 735 1374 776 νοῦν
1403 735 1623 788 ἡγεμονιας

181 798 371 837 πλουτῶν
397 793 638 847 ἀξιώτατον.
696 795 718 837 ὅ
749 798 794 838 δὲ
811 796 1012 850 βασιλεύς
1041 800 1305 852 κατατρίβειν
1332 800 1523 848 ἐπιεικῶς
1550 800 1663 842 τόνΰ

122 860 328 915 ιοκαιρόν
366 863 457 918 εἰκῇ
496 863 541 904 ἐν
580 863 701 918 δεινῷ
740 864 979 915 τιθέμενος,
1024 861 1097 904 καί
1127 862 1202 912 τοὶς
1229 860 1389 918 ἡμέρας
1413 865 1470 913 εἷς
1501 862 1624 907 οὐδὲν

181 927 421 968 α’ναλίσκειν
468 923 620 969 οὔκουν
654 925 934 981 βουλόμενος,
981 927 1037 977 ὥς
1079 927 1100 968 ὃ
1131 927 1397 984 Κεφαλήνων
1423 931 1626 983 βασιλεὺς

180 990 400 1041 Ὀδυσσεὺς
427 991 503 1042 τὰς
531 994 650 1046 ἡλίου
678 991 878 1048 πρότερον
897 994 1027 1045 βοῦς,
1057 994 1115 1042 εἷς
1136 996 1215 1048 νῆα
1242 995 1364 1049 ἐνέβη
1395 994 1469 1049 τήν
1496 1012 1625 1050 στρα-

181 1057 328 1112 τηγίὸα
347 1090 359 1110 ,
391 1059 464 1100 καί
493 1057 626 1116 κύκλῳ
657 1056 731 1113 τὴν
761 1061 1039 1113 Κερκυραίων
1075 1060 1215 1100 πᾶσαν
1247 1058 1567 1114 κατωπτευκώς,
1596 1057 1626 1117 ᾗ

181 1121 435 1179 προσβάλοι,
475 1127 680 1177 ἐπιμελῶς
722 1127 1026 1167 κατεσκέπτετο.
1097 1126 1140 1174 ἐς
1175 1124 1256 1180 γὰρ
1298 1128 1434 1180 μῆνας
1461 1134 1570 1181 τρεῖς
1596 1125 1623 1181 ἧ

123 1189 402 1245 ιὸπολιορκιά
429 1193 768 1246 παρεξετείνετο,
810 1188 871 1233 ὅτι
914 1193 1011 1246 μηδ’
1039 1187 1127 1244 εἶχε
1155 1190 1230 1245 τήν
1245 1186 1404 1234 Ὄσσαν
1432 1194 1626 1237 ἀνασπᾶν

181 1251 312 1311 οἲ-τόν
330 1252 476 1299 Ἀθων
500 1255 804 1310 ἐπικυλίνὸειν,
835 1256 910 1298 καὶ
941 1257 1186 1298 α’νατιθέναι
1212 1255 1266 1298 τὰ
1294 1251 1372 1312 ὅρη
1399 1257 1624 1312 ἐπάλληλα,

180 1323 254 1363 καί
283 1319 357 1375 τὴν
386 1317 520 1376 ἄκραν
548 1318 666 1368 οὕτω,
687 1327 818 1363 ποιεῖν
856 1321 1083 1374 ἁλώσιμον.
1127 1323 1259 1363 ταῦτα
1286 1320 1366 1375 γὰρ
1394 1327 1625 1376 μεγαλουρ-

180 1388 251 1440 γία
277 1385 436 1442 μυθικὴ
468 1387 542 1429 καί
561 1389 783 1437 α’πίθανος.
857 1388 921 1443 (4)
956 1384 1030 1436 ζΩς
1054 1387 1101 1428 δὲ
1129 1385 1335 1428 πάντοθεν
1362 1380 1415 1442 ἦν
1442 1387 1627 1442 α’πορού-

179 1467 321 1505 μενος,
351 1451 466 1504 ἔδοξε
492 1454 598 1496 κατά
626 1469 719 1495 τινα
745 1451 942 1508 φάραγγα
971 1452 1159 1509 εὕέφοὸα
1187 1451 1260 1494 καί
1286 1451 1464 1508 προσιτά
1494 1457 1628 1495 τιθεῖ-

118 1534 170 1560 20
182 1525 260 1560 σαν
286 1517 338 1560 τοὶ
366 1517 537 1561 ἔνδοθεν
564 1521 773 1572 βαλέσθαι
801 1521 966 1573 ξυλίνην
993 1520 1188 1571 κλίμακα,
1223 1519 1266 1567 ές
1294 1521 1439 1573 σχῆμα
1468 1518 1670 1574 πύργουι)

179 1587 497 1640 ’τεκτονηθεῖσαν
525 1583 738 1627 κύκλοθεν.
796 1581 1048 1639 ἥρμόττοντο
1077 1579 1154 1624 οὖν
1182 1584 1481 1638 ναυπηγήσιμα
1510 1583 1627 1637 ξύλα,

181 1652 256 1700 καί
279 1649 390 1692 ἱστοὶ
415 1648 607 1705 μεγάλων
634 1653 743 1704 νηαῖν
774 1648 1078 1704 συνεπήγνυντο
1093 1682 1106 1702 ,
1134 1652 1206 1691 καί
1232 1648 1270 1691 οἱ
1305 1648 1363 1704 μή
1395 1649 1629 1702 ἐξικνούμε-

183 1730 247 1757 νοι
273 1717 350 1758 τοῦ
391 1714 532 1769 ὕψους
572 1718 734 1770 βλῆτρα
774 1716 986 1768 ἐδέχοντο.
1042 1713 1099 1764 ὥς
1122 1716 1167 1756 δὲ
1200 1713 1289 1756 ἔδει
1315 1716 1414 1756 ποτὲ
1444 1716 1630 1770 α’ρθῆναι

146 1776 151 1797 s

279 1829 310 1861 3.
335 1824 402 1868 τὴν
428 1837 485 1859 om
525 1827 562 1859 A.
676 1828 724 1859 16.
753 1825 834 1858 ιῖθω
860 1827 899 1857 Α.
1006 1835 1060 1857 2¹.
1103 1824 1349 1872 ἧρμόττοντο]
1380 1825 1626 1860 ἔπελεκοῦντο

278 1872 373 1913 ξύλα
399 1873 563 1918 μεγάλοι,
602 1872 782 1918 καιάριια
831 1870 1006 1917 μεγάλων
1042 1875 1232 1915 καραβίων
1275 1873 1555 1919 συνηρμόζοντο
1591 1874 1626 1905 Β.

269 1921 332 1954 23.
356 1919 508 1966 βλῆτρα]
535 1920 846 1966 προσεκολλῶνιο
871 1918 1069 1958 ἐπάνωθεν
1092 1918 1200 1963 ἔτερα
1214 1919 1251 1950 Β.

186 2021 263 2044 rum
286 2010 421 2043 iustum
445 2008 652 2052 religiosum
681 2013 717 2041 et
741 2008 900 2040 criminis
921 2013 1102 2052 expertem
1130 2008 1272 2053 istaque
1299 2009 1494 2052 ignominia
1521 2010 1629 2043 mini-

185 2068 243 2090 me
268 2056 415 2101 dignum
456 2056 548 2088 solio
575 2054 825 2095 deturbatum,
860 2053 953 2087 hanc
978 2060 1015 2088 et
1036 2065 1110 2088 non
1138 2055 1245 2087 aliam
1271 2066 1414 2088 causam
1443 2067 1520 2089 esse
1545 2068 1630 2090 cen-

187 2103 261 2138 suit
284 2114 346 2136 cur
369 2102 490 2135 nullos
514 2102 610 2134 filios
634 2107 849 2146 procrearet.

280 2149 352 2184 Sed
377 2148 695 2193 Contostephano‚
729 2154 771 2182 ut
809 2148 985 2187 diximus,
1013 2148 1131 2180 occiso
1157 2158 1304 2192 magnus
1329 2147 1546 2182 domesticus
1570 2151 1629 2183 10-

188 2198 324 2231 hannes
359 2196 621 2241 praefecturam
664 2195 807 2236 classis,
846 2196 924 2228 sine
950 2200 1071 2227 tamen
1101 2195 1222 2238 magni
1245 2194 1344 2230 ducis
1371 2202 1628 2239 cognomento,

188 2244 348 2288 suscipit,
378 2248 486 2287 atque
510 2243 631 2275 omnia
655 2241 885 2275 administrat
910 2247 952 2274 ut
974 2241 1081 2274 homo
1106 2241 1160 2273 rei
1186 2241 1352 2274 militaris
1377 2243 1628 2286 peritissimus,

187 2296 228 2325 et
250 2302 359 2324 manu
401 2295 586 2334 promptus
626 2294 664 2322 et
686 2289 831 2333 ingenio
863 2288 909 2321 ad
931 2288 1171 2333 principatum
1209 2288 1406 2332 aptissimo.
1435 2289 1630 2334 imperator

187 2348 272 2371 vero
297 2337 429 2370 frustra
453 2347 491 2369 se
519 2342 660 2380 tempus
699 2341 815 2368 terere.
840 2346 944 2379 aegre
970 2335 1098 2374 ferens,
1125 2339 1162 2367 et
1183 2333 1281 2377 dies,
1310 2340 1352 2368 ut
1375 2335 1463 2368 olim
1489 2337 1630 2381 Cepha-

188 2385 311 2419 lenum
337 2394 399 2416 rex
426 2383 571 2427 Ulysses
598 2382 684 2415 solis
710 2382 840 2422 boves,
866 2383 997 2414 frustra
1023 2392 1233 2414 consumere
1257 2381 1408 2422 nolens,
1432 2383 1515 2415 navi
1541 2395 1629 2417 con-

190 2442 314 2472 scensa
337 2436 374 2463 et
397 2429 548 2473 Corcyra
571 2429 734 2474 undique
763 2429 978 2473 perlustrata
1006 2427 1198 2471 diiigenter
1220 2427 1426 2461 considerat
1449 2440 1521 2474 qua
1548 2441 1631 2475 par--

190 2484 227 2512 te
251 2476 451 2522 oppugnari
473 2482 606 2521 posset.
630 2487 712 2508 nam
728 2475 871 2510 obsidio
893 2475 1037 2509 tertium
1051 2485 1172 2507 mense
1226 2475 1298 2507 iam
1321 2474 1486 2509 durabat.
1510 2488 1629 2522 neque

194 2524 287 2565 enim
314 2524 439 2557 Ossam
467 2523 639 2557 revellere
669 2528 732 2556 aut
756 2522 875 2556 Athon
911 2522 1101 2555 advolvere
1128 2527 1165 2553 et
1186 2526 1327 2554 montes
1354 2522 1537 2555 montibus
1563 2526 1631 2556 im-

193 2581 327 2615 ponere
351 2575 516 2615 poterat,
543 2581 615 2615 quo
639 2581 756 2602 arcem
783 2569 924 2602 facilius
953 2573 1196 2613 expugnaret,
1222 2573 1264 2601 ut
1286 2569 1428 2612 poetica
1455 2570 1631 2612 magnilo-

193 2617 344 2662 quentia
367 2615 562 2650 fabulatur.
617 2616 671 2663 (4)
697 2621 739 2649 ut
763 2627 846 2649 vero
888 2615 987 2648 omni
1021 2615 1174 2647 consilio
1199 2613 1466 2648 destituebatur
1483 2641 1491 2655 ,
1516 2616 1631 2651 visum

195 2668 251 2697 est
273 2663 310 2695 in
334 2662 451 2705 valle,
479 2675 553 2709 qua
577 2662 625 2696 ad
648 2662 821 2696 interiora
844 2662 960 2696 facilis
982 2661 1132 2706 patebat
1162 2661 1293 2702 aditus,
1317 2661 1470 2705 ligneam
1499 2663 1631 2698 scalam

197 2709 303 2743 turris
327 2709 440 2751 forma
459 2710 498 2743 in
523 2709 645 2744 orbem
682 2709 915 2743 fabrefactam
939 2707 1129 2742 moenibus
1152 2707 1351 2740 admovere.
1376 2707 1529 2752 proinde
1557 2714 1631 2744 tra..

197 2757 260 2791 bes
283 2755 450 2797 nauticae
478 2761 515 2790 et
552 2757 669 2801 magni
694 2756 780 2789 mali
806 2760 1120 2801 coagmentantur;
1149 2760 1185 2787 et
1207 2754 1271 2798 qui
1294 2759 1415 2788 tantae
1441 2754 1628 2792 altitudini
