1838 3210
218 186 234 219 1
248 164 320 219 36
633 183 861 224 NicETAE
907 182 1218 226 cnomATAe

206 286 303 340 νίκῳ
332 285 560 337 θυγατέρες
588 280 844 335 ἐγεγόνεισαν
864 291 998 336 τρεῖς,
1029 285 1184 335 Μαρία
1221 283 1417 338 Θεοδώρα
1451 288 1522 327 um*
1551 287 1634 328 Εὖ-

207 348 351 401 δοκία,
380 350 450 389 καί
483 347 567 388 υἱοί
598 345 696 398 δύο,
725 345 914 402 Ἰωάννης
939 363 984 389 τε
1012 347 1085 390 καί
1107 344 1302 399 Ἀλέξιος.
1355 350 1435 391 τῶν
1461 352 1638 404 θηλειῶν

205 412 394 467 τοίνυνῆ
435 412 620 453 Εἰῖδοκία
660 411 732 452 τὸν
764 412 810 453 ἐκ
837 415 1067 467 παρθενίας
1108 411 1329 467 ὃμευνέτην
1368 413 1638 467 ἀποβαλοῦσα

178 500 181 503 ·
204 477 373 534 θανάτῳ
399 476 574 523 α’νοσίως
601 478 844 535 Ἀνδρονόεῳ
869 477 1120 533 συνήρχετο,
1142 477 1193 519 οὔ
1219 476 1403 534 κρύβδην
1427 481 1526 520 ἄλλ’·
1547 478 1637 521 οἰνέ-

206 544 291 597 δην.
319 543 392 584 καί
408 546 490 590 τοῖς
507 543 753 594 ἐπιτιμῶσιν
775 543 1021 601 Ἀνδρονίκῳ
1041 543 1110 585 διά
1130 544 1174 586 τὸ
1190 544 1261 598 τῆς
1280 545 1503 592 συνουσίας
1536 543 1636 586 ἆθέ-
1650 546 1675 586 5

103 611 322 661 Ρ.69μιτον
361 606 387 661 ἦ
427 606 501 662 εἶφ’
529 605 670 656 ἑστίας
702 606 876 662 μιζαησις
902 608 1127 663 πρόχειρος
1153 612 1213 658 εἰς
1239 609 1443 663 ἀπόλογον
1470 605 1542 664 ἦν,
1569 609 1641 652 καί

204 671 570 726 χαριεντιζόμενος
599 674 892 729 α’νθυπέφερεν
921 673 977 722 ὥς
1006 678 1126 729 φιλεῖ·
1146 673 1190 716 τὸ
1222 671 1454 729 ἀρχόμενον
1482 676 1641 728 ἐξομοι-

206 739 361 779 οῦσθαι
387 738 444 794 τῷ
473 734 647 792 ἄρχοντι
665 738 740 780 καί
765 737 817 780 τοὶ
846 741 918 792 τῆς
946 741 1080 793 αὐτῆς
1107 739 1352 792 ὅμοστοιχεῖ
1372 738 1446 781 καί
1468 740 1642 796 συνᾴδει

206 818 294 857 πως
321 805 578 857 κεραμειάς,-
610 804 669 852 εἷς
711 802 785 845 τὸν
814 801 1039 859 ἓξάδελφον
1072 804 1353 846 ἀποσκώπτων
1395 807 1524 847 ταῦτα
1569 807 1644 846 καί

204 869 380 921 βασιλέα
409 866 480 909 τὸν
497 867 709 922 Μανουὴλ
740 868 796 917 ὥς
828 867 1128 920 ὅμοιοπαθέσιν
1146 866 1433 912 ὖποκύπτοντα
1460 868 1640 912 πάθεσιν
1660 888 1705 913 ιο

203 929 234 987 ἢ
263 933 366 986 γοῦν
408 934 481 973 καί
512 931 700 987 χείροσιν
726 931 1023 986 ἁλισκόμενον,
1051 931 1164 988 εἴπερ
1195 933 1216 975 ὃ
1243 935 1321 986 μὲν
1349 935 1536 990 α’δελφοῦ
1562 938 1642 976 θυ-

203 997 328 1051 γατρὶ
355 998 652 1051 συνουσίαζεν,
677 995 705 1039 ὁ
734 1000 770 1039 δ’
792 997 1054 1052 Ἀνδρόνικος
1080 1000 1311 1054 ἐξαδέλφου
1341 999 1463 1040 παιδὶ
1490 1015 1644 1053 συγκα-

203 1064 375 1116 τέκειτο.
404 1062 450 1105 τὸ
483 1063 584 1118 γοῦν
611 1065 800 1105 τοιοῦτον
830 1058 923 1104 οὔτε
941 1064 998 1120 τῷ
1022 1062 1233 1118 Μανουῆλ
1260 1061 1415 1118 ἥνδανε
1444 1063 1517 1106 καὶ
1542 1063 1644 1114 τούς

204 1130 249 1170 ἐκ
276 1130 422 1182 γένους
448 1130 519 1182 τῆς
546 1127 740 1181 γυναικὸς
758 1129 986 1181 μαίνεσθαι
1009 1129 1140 1170 ἐποίει
1161 1131 1249 1170 κατ’
1283 1130 1544 1184 Ἀνδρονίκου
1573 1133 1646 1172 καί

205 1193 477 1247 διαπρίεσθαι
523 1195 736 1247 α’τεχνῶς,
775 1195 820 1235 ἐκ
848 1195 923 1235 τοῦ
952 1194 1138 1242 πλειόνος
1165 1195 1212 1236 δὲ
1239 1193 1310 1236 τὸν
1336 1197 1408 1249 τῆς
1436 1195 1641 1245 Εὕδοκίας
1659 1200 1705 1241 15

205 1258 414 1311 ὁμαίμονα
448 1258 667 1314 Ἰωάννην,
711 1257 758 1308 ὃς
784 1261 834 1317 τῇ
864 1262 939 1302 τοῦ
965 1262 1310 1313 πρωτοσεβαστοῢ
1336 1261 1408 1302 καί
1435 1264 1642 1316 πρωτοβε-

167 1323 394 1379 Βστιοιρίου
436 1325 661 1379 ἐκυδροῦτο
695 1326 819 1381 τιμῇ,
868 1324 940 1366 καί
977 1323 1045 1367 τὸν
1097 1325 1160 1366 ἐπ’
1208 1326 1370 1382 α’δελφῇ
1403 1328 1454 1382 τῇ
1488 1328 1642 1384 Μαρίᾳ

205 1387 408 1438 ὡσαύτως
435 1388 626 1444 γαμβρὸν
658 1387 729 1431 τὸν
758 1388 1113 1444 Καντακουζηνὸν
1135 1389 1338 1445 Ἰωάννην.
1394 1389 1546 1432 πολλαὶ
1562 1392 1642 1442 μὲν

203 1449 304 1508 οὖν,
334 1454 391 1503 ὦς
427 1453 560 1507 εἰκός,
589 1455 812 1507 ἐπιβουλαὶ
832 1455 935 1497 κατὰ
967 1458 1044 1498 τοῦ
1067 1455 1330 1510 Ἀνδρονίκου
1359 1454 1403 1496 αἱ
1423 1457 1500 1508 μὲν
1526 1454 1640 1497 ἐνδό-

200 1535 330 1573 μυχοι
379 1515 487 1573 ἦσαν
525 1517 598 1561 καί
632 1519 787 1562 σκότιοι
834 1520 1129 1576 τυρευόμεναι,
1170 1519 1215 1562 αἱ
1247 1521 1293 1562 δὲ
1320 1523 1395 1562 καί
1424 1522 1639 1575 προδήλως
1654 1538 1704 1563 20

201 1583 547 1637 τολυπευὸμεναι·
616 1580 723 1626 ἄλλά
763 1586 902 1627 διέλυε
931 1586 1086 1634 ταύτας
1115 1585 1171 1633 ὥς
1197 1584 1310 1627 ἱστὸν
1337 1583 1522 1640 ἀράχνης
1545 1586 1637 1628 ’Λν-

205 1648 410 1706 δρόνικος,
453 1648 523 1690 καί
558 1648 614 1698 ὦς
653 1651 833 1691 παιδίων
870 1652 941 1692 ε’πί
966 1649 1146 1703 ψάμμου
1176 1648 1402 1706 ἀθύρματα
1423 1653 1638 1693 διεσκέδα·

202 1715 290 1768 ξεν,
334 1715 508 1772 ἀνδρείᾳ
547 1730 591 1757 τε
633 1716 683 1771 τῇ
713 1716 894 1772 σφετέρᾳ
932 1717 1102 1765 πίσυνος
1143 1712 1201 1757 ὢν
1238 1714 1443 1758 καὶκατὰ
1472 1715 1639 1759 σύνεσιν

292 1838 325 1882 4.
350 1836 500 1884 α’νέδην]
529 1835 790 1879 ἄδιαντρόπως
813 1838 878 1871 καὶ
900 1839 1074 1884 φανεραῖς
1097 1839 1134 1872 Β.
1248 1840 1297 1872 13.
1322 1837 1362 1872 τὸ
1390 1837 1500 1886 γοῦν]
1526 1838 1636 1874 τοῦτο

291 1886 389 1929 γοῦν
414 1883 499 1918 οὔτε
523 1885 574 1917 τῶ
594 1895 635 1930 μ.
664 1883 820 1932 ἤρεσκεν
840 1885 879 1917 Α.
994 1895 1052 1921 22.
1081 1884 1266 1931 ψαμάθου
1287 1884 1327 1917 A.

199 1986 304 2025 liam,
342 1997 450 2031 quam
486 1986 713 2019 matrimonio
753 1986 822 2018 sibi
850 1986 968 2019 iunxit
991 1987 1110 2030 magni
1135 1986 1322 2018 domestici
1346 1985 1516 2018 Iohannis
1540 1985 1637 2018 filius

199 2033 365 2073 Alexim,
393 2033 437 2066 de
464 2033 594 2077 quibus
622 2033 730 2064 etiam
756 2043 861 2076 supra
886 2032 1050 2065 diximus.
1097 2031 1323 2064 Andronicus
1348 2032 1439 2064 filias
1462 2036 1534 2064 tres
1559 2042 1636 2063 sus-

201 2079 318 2122 cepit,
355 2079 505 2111 Mariam
545 2078 773 2110 Theodoram
811 2084 848 2110 et
873 2078 1090 2118 Eudociam,
1126 2083 1162 2110 et
1186 2078 1279 2110 filios
1306 2077 1412 2117 duos,
1439 2076 1636 2110 Iohannem

175 2152 177 2155 .
201 2129 237 2156 et
262 2124 438 2161 Alexium,
487 2123 663 2164 Eudocia,
689 2123 860 2156 defuncto
883 2125 1030 2164 marito,
1054 2124 1191 2156 nefaria
1211 2123 1472 2156 consuetudine
1496 2123 1638 2156 Andro-

199 2170 274 2202 nici
300 2181 375 2203 non
400 2171 491 2203 clam
517 2170 579 2202 sed
599 2170 716 2213 palam
741 2182 804 2202 usa
833 2174 897 2202 est.
944 2169 1169 2202 Andronicus
1183 2181 1267 2202 vero
1294 2170 1437 2214 quoties
1461 2169 1508 2202 ob
1537 2170 1638 2202 ince-

200 2221 294 2250 stum
319 2216 667 2260 reprehendebatur,
696 2216 788 2248 hanc
820 2215 1066 2248 defensionem
1090 2226 1154 2260 per
1177 2216 1294 2248 iocum
1318 2216 1355 2248 in
1377 2220 1544 2260 promptu
1570 2215 1637 2248 ha-

199 2262 323 2303 bebat,
348 2264 464 2295 solere
491 2262 654 2295 subditos
677 2263 880 2306 principum
904 2273 1020 2294 mores
1048 2262 1194 2302 imitari,
1220 2267 1256 2294 et
1284 2273 1412 2306 aquam
1442 2272 1485 2294 ex
1508 2261 1636 2294 eodem

200 2308 300 2342 fonte
335 2310 485 2353 petitam
527 2307 681 2341 eundem
715 2319 877 2352 saporem
917 2309 1058 2340 referre.
1082 2308 1214 2352 quibus
1242 2308 1360 2340 verbis
1384 2308 1635 2352 imperatorem

199 2355 405 2390 Manuelem
432 2355 693 2404 perstringebat
726 2360 766 2386 ut
788 2354 916 2386 iisdem
951 2359 1014 2386 aut
1050 2354 1157 2386 etiam
1184 2353 1424 2387 deterioribus
1450 2353 1637 2387 affectibus

200 2400 419 2441 obnoxium,
463 2402 525 2445 qui
559 2413 636 2433 cum
662 2401 780 2433 fratris
819 2400 894 2432 filia
928 2411 1001 2432 rem
1031 2399 1204 2440 haberet,
1237 2412 1316 2433 cum
1351 2400 1428 2444 ipse
1461 2399 1635 2444 patruelis

201 2447 376 2480 duntaxat
411 2448 519 2480 filiam
559 2448 866 2491 complecteretur.
908 2447 934 2479 ii
958 2446 1049 2479 sales
1087 2458 1154 2479 nec
1189 2446 1351 2479 Manueli
1382 2445 1575 2490 placebant
1599 2451 1636 2478 et

198 2493 361 2526 mulieris
396 2499 562 2541 cognatos
597 2494 716 2525 surore
745 2493 900 2537 quodam
937 2497 1061 2525 contra
1094 2492 1339 2525 Andronicum
1370 2491 1633 2531 incendebant,

199 2538 396 2572 Iohannem
430 2541 467 2572 in
502 2540 625 2584 primis
651 2538 831 2572 Eudociae
855 2540 1021 2579 fratrem,
1049 2539 1111 2583 qui
1140 2538 1381 2583 protosebasti
1408 2543 1444 2570 et
1467 2543 1635 2582 protove-

198 2586 315 2618 stim-ii
339 2586 549 2629 dignitatem
578 2585 790 2626 obtinebat,
817 2585 1012 2618 Iohannem
1039 2585 1124 2617 item
1149 2585 1458 2624 Cantacuzenum,
1487 2585 1550 2628 qui
1574 2594 1634 2616 so-

198 2642 313 2665 rorem
340 2632 438 2665 illius
463 2633 611 2665 Mariam
637 2632 674 2664 in
704 2631 931 2664 matrimonio
970 2631 1137 2663 habebat.
1163 2631 1286 2675 itaque
1312 2635 1435 2674 aperta
1460 2631 1494 2662 vi
1520 2635 1556 2664 et
1575 2641 1635 2662 oc-

198 2677 304 2712 cultis
336 2678 477 2712 insidiis
499 2678 724 2711 Andronicus
750 2678 873 2711 crebro
909 2677 1166 2721 oppetebatur3
1193 2688 1279 2722 quas
1304 2682 1345 2709 ut
1369 2686 1520 2709 araneae
1544 2675 1634 2709 telas

199 2730 234 2757 et
247 2735 438 2769 puerorum
454 2724 588 2758 ludicra
611 2725 646 2757 in
668 2736 773 2758 arena
793 2723 896 2757 facile
923 2723 1131 2768 dissipabat,
1149 2734 1227 2756 cum
1243 2721 1456 2757 fortitudine
1472 2734 1535 2756 sua
1564 2722 1636 2754 sre-
