1878 3230
289 219 360 257 DE
399 218 594 257 ALExuo
624 217 816 259 lsAAcn
854 218 1051 258 ANGEIJ
1090 219 1174 258 m.
1202 219 1300 259 Lm.
1326 220 1398 259 ιιι.
1477 201 1588 275 677

158 315 214 364 ὥς
243 317 502 371 δύσχρηστον
532 317 690 356 τιθέναι
721 313 957 368 α’πόμαχον,
987 317 1027 356 εἰ
1051 312 1111 368 μή
1133 331 1197 364 τις
1228 315 1343 373 αὐτῷ
1365 317 1592 372 ἑνέσπαρτο

155 383 231 422 τοῦ
258 382 471 435 τυραννίδι
513 381 725 433 ἐπιβαλεῖν
754 379 893 422 ἔννοια
910 384 928 433 ,’
963 382 1057 422 ἐπεί
1081 382 1189 435 μηδὲ
1219 380 1271 422 τά
1301 398 1425 424 τινων
1452 381 1592 438 ἐννοή-

152 463 268 497 ματα
301 450 437 502 φιλεῖν
464 461 551 493 πως
577 445 646 487 ἀεί
663 446 721 494 αἱς
749 443 820 486 διὰ
850 447 993 486 πυλῶν
1018 447 1100 486 τῶν
1125 448 1300 498 χειλέων
1325 448 1592 503 ἐκφέρεσθαι,

153 511 247 552 ἀλλ’
277 513 321 553 ἑν
348 515 516 560 πολλοῖς
543 510 617 552 καί
645 512 788 566 φωνῆς
821 508 1066 564 τρανότερον
1096 507 1175 552 ὅσα
1207 513 1403 553 κέκευθεν
1430 512 1452 567 ἦ
1482 512 1594 569 φρὴν

115 577 198 621 δαὶ
240 574 414 632 πράξεις
455 578 782 630 ἐξαγγέλλουσιν.
858 577 910 616 ου’
936 574 1020 630 μήν
1047 578 1107 624 εἰς
1135 571 1223 618 ὦτα
1254 576 1491 620 ἀκουόντων
1516 578 1630 628 uice

150 640 288 697 σοφὰς
329 639 486 691 ταύτας
522 640 691 696 γνώμας
723 637 830 696 ἦσαν
867 640 1175 694 εἰσηγούμενοι·
1236 639 1258 682 ὃ
1284 641 1365 698 γάρ
1392 642 1723 699 βασιλεύςνψηει

149 709 345 761 ἐχέγγυον
387 707 446 755 εἰς
473 709 611 749 πίστιν
649 705 723 748 τὸν
749 709 820 761 τῆς
848 705 1005 748 υἱωνοῦ
1037 705 1264 762 Θεοδώρας
1292 707 1426 762 γάμον
1453 706 1589 751 καθά-

146 775 229 823 παξ
268 770 494 825 ὑπολαβών
539 773 615 813 ου’κ
645 772 772 824 ,ἔστιν
809 768 919 821 ὅπως
958 771 1030 814 ἐπὶ
1069 775 1197 815 πᾶσιν
1238 773 1313 815 οὐκ
1339 775 1512 831 ἀσφαλῆ
1537 774 1590 817 τὰ

147 837 253 888 πρὸς
275 833 441 880 εὔνοιαν
478 839 553 879 καί
578 836 840 892 ἀπρόσκοπον
877 837 1015 893 ἔκρινε
1052 837 1127 881 τὸν
1154 838 1360 892 Ἀλέξιον,
1387 856 1590 896 καταγοη-

88 918 134 944 ιο
147 901 350 957 τευούσης
359 936 372 956 ,
407 898 553 956 οἶμαι,
581 903 798 963 κάνταῦθα
826 906 900 958 τῆς
926 906 1154 945 κακοποιοῦ
1173 905 1393 958 δυνάμεως
1419 908 1493 959 τῆς
1517 906 1592 948 ἐπὶ

143 967 189 1009 τὸ
231 966 425 1017 κάταντες
462 969 534 1010 det
571 968 782 1025 φερούσης
817 967 870 1011 τὰ
895 969 1124 1021 εΡωμαίων
1166 966 1406 1024 πράγματα.
1465 971 1522 1020 ὥς
1551 973 1588 1011 δ’

145 1033 197 1074 οὔ
226 1037 363 1090 πολλῷ
409 1031 583 1090 ὕστερον
620 1037 682 1084 εἰς
721 1033 842 1090 ἔργον
868 1033 911 1077 τό
944 1037 1037 1085 δέος
1077 1036 1299 1090 ἐκβέβηκεν
1310 1069 1322 1088 ,
1351 1035 1492 1086 ἑννεὸς
1518 1036 1590 1078 ἐπὶ

141 1105 229 1148 τοῖς
268 1100 542 1154 η’κουσμένοις
570 1102 717 1156 φανείς
763 1102 836 1142 καί
861 1099 921 1153 μὴ
950 1099 1059 1153 ἔχων
1088 1098 1114 1140 ὅ
1146 1117 1187 1142 τι
1209 1101 1281 1142 καί
1309 1100 1503 1156 δράσειεν
1530 1100 1587 1150 ὦς

143 1166 446 1220 α’ναρραγέντος
472 1168 595 1207 τοῦδε
617 1169 695 1208 τοῦ
718 1168 850 1208 κακοῦ
868 1165 1129 1220 ἄπροόπτως,
1158 1168 1231 1208 καί
1257 1162 1318 1209 ὅτι
1343 1168 1425 1209 τῶν
1452 1184 1584 1221 στρα-
1624 1181 1634 1191 ·

84 1230 361 1283 ιὸτευμάτων
404 1230 590 1286 ἐργώδης
630 1231 657 1287 ἦ
689 1232 891 1286 συλλογή,
931 1233 979 1273 ἐν
1002 1232 1082 1283 μὲν
1107 1233 1167 1289 τῷ
1196 1236 1438 1288 παραυτίκα
1465 1235 1583 1275 στέλ-

139 1299 202 1336 λει
230 1294 334 1350 πρὸς
362 1294 433 1338 τόν
461 1292 693 1351 ἀποστάτην
722 1296 906 1339 θλαδίαν
931 1296 1035 1350 τινά,
1065 1296 1118 1339 τοὶ
1147 1303 1294 1352 πρῶτα
1321 1299 1402 1340 τῶν
1430 1293 1626 1355 eginum-D

138 1363 275 1414 μένων
303 1362 437 1419 αὐτῷ,
463 1362 755 1417 ὖπομνὴσοντα
774 1365 921 1404 τοῦτον
949 1365 1030 1404 τῶν
1052 1365 1272 1418 συνθηκῶν
1300 1363 1374 1405 καί
1400 1365 1474 1414 τοῦ
1501 1381 1583 1420 μη-

138 1429 209 1469 δέν
239 1443 278 1469 τι
319 1425 484 1469 πώποτε
519 1431 672 1471 παθεῖν
712 1429 841 1484 ἀηδὲς
878 1429 952 1470 καί
976 1431 1059 1470 τῶν
1106 1429 1286 1471 ἐλπίδων
1315 1427 1507 1482 α’νάξιον,
1535 1431 1580 1481 ἐξ

139 1490 237 1534 ὅτου
267 1509 344 1548 περ
374 1493 488 1552 αὐτῷ
525 1493 896 1550 προσκεχώρηκεν·
965 1495 1066 1538 ου’δὲ
1094 1494 1176 1550 γὰρ
1204 1489 1255 1550 ἦν
1283 1491 1580 1548 ἀπογινώσκων

75 1578 126 1604 20
138 1557 212 1614 τήν
238 1562 308 1614 τῆς
343 1559 510 1615 γνώμης
547 1559 793 1614 μεταβολήν.
860 1561 939 1602 τοῦ
965 1561 1012 1602 δὲ
1038 1558 1213 1602 κατόπιν
1239 1561 1313 1601 καί
1344 1558 1382 1602 οἱ
1410 1558 1581 1612 νεόνυμ-

139 1640 214 1680 φοι
250 1624 438 1679 γαμβροὶ
473 1627 544 1667 τοῦ
583 1627 790 1678 βασιλέως
827 1623 1078 1682 συνεξῄεσαν
1120 1624 1226 1677 μετά
1253 1640 1300 1678 γε
1323 1624 1476 1673 παντὸς
1505 1628 1581 1667 τοῦ

139 1693 312 1733 οἰκιδιόυ
352 1693 421 1732 καὶ
472 1694 716 1745 συγγενικοῦ
760 1690 1037 1746 πληρώματος
1076 1689 1149 1731 καί
1182 1682 1265 1732 τῶν
1314 1689 1404 1732 τότε
1441 1693 1485 1733 ἐν
1522 1694 1578 1748 τῷ·

138 1758 324 1815 παλατίῳ
358 1756 662 1812 εὑρισκομένων
693 1759 981 1812 στρατιωτῶν.
1037 1756 1270 1811 α’φιγμένος
1297 1752 1372 1797 οὖν
1403 1755 1424 1796 ὄ
1448 1758 1576 1811 βέβη-

228 1893 260 1925 7.
289 1879 483 1924 θεοδωρας
508 1891 566 1912 om
593 1880 634 1921 A.
797 1891 847 1923 ¹7·
873 1879 1021 1933 τοῦτον]
1057 1876 1174 1912 τούτω
1202 1877 1574 1913 APW.20.01‘

226 1925 454 1973 νεόνυμφοι]
490 1927 528 1960 οἱ
552 1918 620 1960 δύο
646 1925 877 1972 νεόγαιιβροι
900 1921 994 1973 μετὰ
1021 1926 1096 1960 τῶν
1118 1924 1334 1971 ἀνθρώπων
1362 1923 1486 1960 αιῖτιόν
1509 1929 1573 1959 καὶ

225 1976 299 2008 τιῦν
324 1974 519 2019 ουγγενων
545 1973 581 2005 Β.

133 2087 247 2120 manis
272 2086 470 2119 immunitis
496 2090 533 2118 et
558 2085 754 2130 aliquando
792 2086 899 2119 etiam
927 2089 968 2118 ut
991 2084 1186 2118 inutilibus
1212 2095 1232 2118 a
1257 2095 1375 2128 pugna
1400 2085 1570 2124 remotis,

133 2135 204 2166 nisi
243 2133 340 2177 regni
373 2132 608 2177 cupiditatem
648 2133 771 2165 aleret.
807 2143 926 2176 neque
963 2133 1059 2164 enim
1085 2142 1209 2164 omnes
1237 2141 1279 2164 ea
1308 2142 1400 2175 quae
1424 2137 1569 2175 pectore

131 2180 271 2213 lateant
293 2191 354 2212 ore
380 2179 559 2224 proferre,
583 2178 648 2211 sed
669 2179 748 2223 ipsa
771 2179 866 2213 facta
902 2189 1160 2224 saepenumero
1185 2178 1283 2211 omni
1306 2178 1469 2210 oratione
1496 2179 1570 2210 evi-

133 2227 277 2259 dentius
302 2227 413 2259 animi
438 2237 597 2259 recessus
613 2225 806 2259 declarare.
829 2236 952 2259 verum
975 2225 1097 2265 surdo,
1121 2229 1163 2257 ut
1186 2225 1309 2265 aiunt,
1338 2224 1462 2257 fabula
1485 2236 1569 2257 nar-

133 2273 290 2307 rabatur.
315 2274 509 2317 imperator
531 2273 626 2306 enim
650 2272 768 2317 neptis
792 2271 1106 2305 suaeTheodorae
1132 2271 1314 2316 sponsalia
1339 2271 1426 2304 satis
1447 2271 1567 2304 firmos

133 2321 237 2364 quasi
261 2319 404 2353 obsides
445 2325 541 2352 ratus
561 2345 571 2360 ,
612 2319 657 2352 de
680 2320 889 2363 integritate
927 2324 966 2352 et
986 2318 1057 2352 fide
1081 2318 1199 2351 Alexii
1237 2317 1332 2351 nihil
1355 2317 1567 2358 dubitabat,

132 2366 294 2398 malefica
321 2366 489 2411 quapiam
512 2366 548 2398 vi
571 2365 631 2399 hic
656 2377 824 2410 quoque,
850 2366 991 2410 opinor,
1014 2365 1146 2398 mentis
1175 2364 1298 2397 oculos
1321 2365 1568 2410 perstringen-

132 2417 188 2452 te,
215 2413 315 2445 cuius
345 2414 502 2457 impulsu
538 2423 592 2446 res
619 2414 776 2445 Romana
799 2412 955 2446 subinde
987 2413 1060 2445 ruit
1083 2412 1121 2444 in
1145 2412 1259 2456 peius.
1285 2417 1328 2445 ut
1352 2417 1471 2444 autem
1494 2423 1568 2443 non

130 2458 246 2491 multo
272 2464 355 2503 post
375 2459 416 2492 id
444 2459 565 2492 evenit
589 2459 689 2504 quod
713 2459 919 2500 timebatur,
949 2470 992 2492 eo
1020 2459 1209 2503 inopinato
1233 2458 1363 2491 nuntio
1391 2457 1568 2491 attonitus

131 2510 169 2537 et
192 2505 295 2548 inops
328 2506 470 2539 consilii
507 2506 552 2538 ob
594 2505 777 2539 difficilem
802 2506 979 2539 exercitus
1005 2505 1323 2545 convocationem,
1347 2504 1394 2537 ad
1418 2504 1570 2536 seditio-

131 2563 211 2584 sum
235 2551 356 2584 statim
381 2553 577 2596 spadonem
605 2553 787 2598 quendam
811 2553 846 2586 ei
875 2552 1194 2586 familiarissimum
1220 2552 1354 2591 mittit,
1382 2551 1445 2595 qui
1462 2554 1568 2593 pacta

132 2604 169 2630 et
193 2603 367 2630 conventa
387 2599 426 2631 in
448 2600 654 2632 memoriam
683 2600 717 2632 ei
741 2605 944 2641 revocaret3
971 2605 1008 2632 et
1030 2598 1130 2644 quod
1152 2597 1246 2631 nihil
1269 2608 1427 2642 unquam
1455 2606 1498 2628 ex
1524 2606 1567 2628 eo

130 2650 314 2688 tempore,
339 2655 410 2688 quo
425 2655 463 2676 se
487 2645 534 2677 ad
558 2647 734 2679 Romanos
761 2647 984 2686 contulisset,
1013 2645 1157 2678 molesti
1181 2650 1243 2676 aut
1267 2644 1344 2687 spei
1371 2653 1456 2675 suae
1481 2652 1567 2674 con-

129 2692 278 2724 trarium
303 2701 491 2735 perpessus
518 2697 624 2732 esset,
646 2693 868 2725 admoneret.
891 2703 1010 2737 neque
1036 2692 1130 2726 enim
1160 2691 1205 2723 de
1231 2701 1273 2722 eo
1299 2687 1565 2720 reconciliando

131 2737 356 2782 desperabat.
396 2748 476 2770 eum
501 2747 575 2769 nou
605 2738 712 2782 longo
737 2739 927 2772 intervallo
947 2738 1061 2772 secuti
1085 2743 1170 2770 sunt
1195 2735 1420 2779 imperatoris
1443 2734 1564 2778 generi

131 2795 210 2817 cum
231 2785 328 2819 omni
352 2784 596 2818 ministrorum
623 2790 659 2817 et
682 2791 912 2827 cognatorum
952 2785 1146 2823 comitatu,
1170 2788 1207 2816 et
1227 2780 1405 2815 militibus
1434 2781 1497 2826 qui
1525 2781 1563 2815 ἰιι
