1838 3210
254 204 321 258 52
678 215 903 260 mcETAE
941 215 1250 258 cuoNiATAE
1282 218 1289 252 J

251 321 446 368 ηευκὸτος
465 351 476 372 ‚
525 318 613 358 ἀλλ’
661 316 703 362 ἐς
737 308 953 367 Ἰσαυριάν
993 316 1220 369 α’φιγμένος
1249 311 1321 354 καί
1343 311 1393 354 τὰ
1420 313 1551 356 ἐκεῖθι
1575 313 1682 370 πρὸς
1717 326 1721 330 ’

250 384 297 427 τὸ
330 388 423 427 δέον
469 377 828 434 καταστησάμενος
867 379 940 432 τῆς
986 378 1132 420 οἷνόπιν
1168 379 1240 419 καί
1265 380 1368 433 πρὸς
1397 380 1556 435 Συρίαν
1570 371 1681 422 ’ὁδοῦ

249 449 408 504 εἴχετο,
451 446 703 502 ἐφεπόμενον
746 441 854 496 ἔχων
889 445 1004 500 αύτῷ
1044 442 1116 485 τὸν
1163 441 1432 498 ὑστερότοκον
1455 445 1587 486 παῖδα
1613 443 1682 487 τὸν

251 512 471 566 Μανουήλ.
539 505 589 564 ἦν
630 509 676 550 δὲ
715 507 741 562 ἦ
784 510 862 560 μὲν
895 507 1101 563 πρόδηλος
1137 510 1208 562 τῆς
1247 507 1470 562 στρατείας
1507 509 1685 565 ταυτησὶ

249 578 450 631 πρόθεσις
490 573 515 628 ἦ
560 575 631 627 τῆς
653 570 1005 628 Ἀρμενιαςπρὸς
1042 572 1086 614 τὸ
1116 579 1299 628 κρεῖττον
1325 571 1588 628 μεθάρμοσις
1611 572 1684 616 καί
1693 571 1718 615 5

249 643 307 690 εἰς
336 641 511 693 βεβαίαν
554 637 811 679 κατάστασιν
851 636 1006 691 συνοχή
1040 640 1124 679 τῶν
1151 636 1309 679 πόλεων
1337 637 1410 679 καί
1439 641 1682 694 φρουρίων,

249 701 308 746 ὧν
346 701 549 758 ἐγκρατὴς
591 703 778 756 γεγένητο
817 699 920 743 κατὰ
962 700 1035 757 τὴν
1061 704 1267 758 προτέραν
1295 702 1427 744 αὐτοῦ
1458 700 1683 755 ἀνάβασιν·

137 780 174 813 V.
194 769 274 826 3ιῆ
305 772 343 812 δ’
385 771 614 824 α’νέκφορος
647 765 752 822 πρὸς
777 765 822 808 τὸ
856 765 1095 821 στράτευμα
1123 770 1311 822 λαθραία
1337 783 1382 809 τε
1411 767 1483 809 καί
1507 765 1685 821 ἑνδόμυ-
1715 797 1717 801 s

244 851 322 890 χος
355 833 426 875 καί
451 835 495 875 ἐκ
525 833 810 887 περισκέψεως
837 832 993 885 κίνησις
1014 829 1118 886 αὕτη
1146 828 1213 886 ἦν.
1271 832 1342 874 del
1367 834 1423 874 δι’
1451 831 1600 888 ἔρωτος
1627 828 1686 875 εἶ-

242 915 296 954 χε
326 897 518 950 συνάψαι
546 895 619 952 τὴν
639 892 858 949 Ἀντιόχου
881 896 932 952 τῇ
962 898 1310 950 Κωνσταντίνου,
1346 897 1424 938 κοῖκ
1447 899 1572 938 τοῦδε
1597 902 1685 946 τοῖς
1702 909 1749 938 10

207 966 484 1016 Βθεοστιβέσι
517 961 656 1009 τόποις
696 962 994 1016 ἐπιφοιτῆσαι,
1039 959 1111 1002 καί
1143 959 1294 1015 δώροις
1321 964 1399 1014 μὲν
1426 965 1686 1016 καταστέψαι

243 1028 318 1072 τὸν
345 1030 420 1071 τοῦ
447 1029 595 1081 κυρίου
622 1024 752 1082 τάφον
779 1023 851 1067 τὸν
880 1025 1170 1080 ζωοποίροχον,
1200 1025 1246 1067 τὸ
1284 1028 1331 1068 δὲ
1359 1026 1491 1084 κύκλῳ
1521 1030 1686 1083 βαρβα-

246 1093 364 1150 ρικὸν
396 1092 683 1146 ἀνακαθᾶραι.
742 1086 842 1131 ὅθεν
872 1094 942 1132 καὶ
969 1093 1110 1132 πᾶσαν
1139 1087 1192 1146 ἧν
1217 1090 1370 1144 μετιών
1401 1090 1616 1147 μηχανήν,
1647 1091 1691 1134 εἴ

242 1176 332 1209 πως
358 1158 602 1199 ὖπεκσταῖεν
629 1154 789 1205 ἑκόντες
820 1154 935 1212 αὐτῷ
966 1155 1004 1197 οἱ
1023 1159 1205 1197 Λατῖνοι
1235 1159 1306 1210 τῆς
1334 1161 1583 1211 κυριαρχίας
1611 1160 1687 1212 τῆς

244 1225 414 1277 λογιζιιης
436 1219 721 1274 Ἀντιοχείας,
756 1217 783 1275 ἢ
814 1221 854 1262 εἰ
884 1218 942 1274 μὴ
974 1214 1089 1261 οὗτοι
1117 1221 1329 1263 πείθοιντο
1362 1222 1581 1277 (ἠπίστατο
1605 1220 1681 1276 γὰρ
1703 1225 1749 1268 15

243 1288 320 1342 τὴν
349 1284 584 1340 Λατινικὴν
611 1286 794 1340 κόρυζαν
833 1285 908 1335 καί
948 1284 992 1326 τὸ
1026 1286 1102 1326 τοῦ
1129 1284 1395 1341 φρονήματος
1424 1287 1560 1329 αὐτῶν
1586 1288 1687 1329 ἆτα-

242 1354 460 1407 πείνωτον)
480 1383 491 1404 ,
539 1351 576 1391 οἱ
603 1352 649 1391 δέ
679 1366 724 1404 γε
757 1352 926 1399 Κίλικες
966 1351 1037 1390 καί
1062 1349 1192 1404 Σύροι
1216 1353 1501 1406 προσρέψαιεν
1528 1353 1683 1410 ἐκείνῳ.

242 1415 419 1472 γράφων
447 1417 586 1457 τοίνυν
614 1413 719 1456 κατὰ
740 1413 863 1468 τήνδε
892 1413 969 1468 τήν
996 1408 1144 1456 ἄνοδον
1169 1413 1242 1456 καὶ
1267 1414 1342 1470 τήν
1370 1412 1505 1458 αὗτοῦ
1529 1432 1686 1472 προση-

242 1480 406 1535 μαίνων
451 1487 535 1529 τοῖς
573 1481 853 1532 Ἀντιοχεῦσιν
891 1476 1039 1535 ἄφιξιν
1082 1481 1279 1532 ου’δαμῶς
1325 1477 1454 1535 οἷνίει,
1484 1479 1589 1523 α’)’στε
1617 1481 1691 1524 καί

242 1549 370 1602 μήπω
399 1548 484 1588 ταῖν
529 1545 656 1601 ὁρίων
685 1543 837 1597 ἐπιβὰς
863 1546 935 1598 τῆς
967 1546 1125 1599 Συρίας
1156 1546 1382 1598 πρεσβείαν
1413 1537 1687 1602 ἐφειλκύσατο
1701 1564 1752 1591 20

245 1615 407 1654 ἐκεῖθεν
447 1609 562 1664 μάλα
602 1608 769 1664 α’γαθοὲς
801 1611 919 1666 αὐτῷ
960 1609 1034 1657 τὰς
1061 1611 1232 1658 ἐλπίδας
1259 1610 1332 1652 em*
1352 1618 1437 1660 τοῖς
1465 1614 1690 1665 μέλλουσιν

208 1676 583 1731 (ἶῦποβάλλουσαν.
639 1676 731 1716 ἐπεὶ
759 1676 806 1716 δὲ
843 1676 893 1730 τῇ
920 1675 1138 1728 Ἀντιόχου
1167 1672 1466 1730 προσήγγισεν,
1496 1678 1690 1727 α’λλοίους

246 1738 401 1796 εὕρατο
429 1739 506 1789 τὰς
531 1737 700 1794 γνώμας
732 1738 828 1787 τοὺς
851 1739 1062 1793 Ἰταλούς,
1089 1740 1162 1793 τῆς
1192 1737 1336 1795 φήμης
1365 1742 1691 1797 προαγγειλάσης

249 1805 386 1849 ὁπόσα
412 1805 624 1858 ε’νδόμυχα
651 1802 724 1845 καὶ
748 1806 830 1846 ταῖν
864 1807 1040 1858 χειλέων
1067 1806 1144 1846 τοῦ
1170 1807 1376 1858 βασιλέως
1407 1804 1599 1862 οἷπρόϊτα.
1627 1805 1688 1862 μὴ

346 1930 398 1952 ιο.
424 1915 606 1963 συνάψαι]
637 1915 805 1961 σύνοιφα
827 1917 867 1948 Α.
973 1917 1022 1949 16.
1046 1914 1221 1964 κόρυζαν]
1251 1916 1467 1964 ὑπεροψίαν
1487 1918 1525 1951 Β.

252 2020 425 2054 Isauriam
467 2018 672 2061 profectus,
698 2027 738 2048 ac
760 2016 943 2060 provincia
975 2015 1163 2056 ordinata,
1193 2017 1263 2049 iter
1285 2017 1323 2049 in
1349 2017 1485 2060 Syriam
1509 2019 1688 2062 intendit,

252 2065 421 2099 Manuele
459 2064 535 2095 filio
572 2068 660 2095 natu
695 2063 844 2094 minimo
878 2061 1082 2094 comitante.
1123 2063 1155 2094 ei
1197 2063 1420 2106 expeditioni
1456 2067 1692 2108 praetexebat

252 2113 346 2146 velle
372 2122 409 2143 se
446 2109 647 2142 Armeniam
674 2108 806 2140 rectius
844 2108 1062 2139 constituere
1078 2133 1087 2148 ‚
1114 2114 1150 2140 et
1175 2108 1308 2152 oppida
1350 2115 1386 2142 et
1411 2112 1557 2144 castella
1583 2124 1690 2158 supe.-

253 2159 348 2191 riore
370 2156 468 2189 bello
493 2160 596 2199 capta
622 2155 659 2187 in
684 2154 798 2186 officio
824 2159 860 2186 et
883 2153 954 2185 fide
978 2154 1160 2186 continere
1177 2166 1217 2186 ac
1245 2155 1395 2187 firmare.
1423 2162 1578 2190 ceterum
1606 2170 1689 2193 vera

254 2215 361 2237 causa
386 2207 482 2242 erat,
508 2212 600 2246 quae
626 2201 664 2233 in
689 2200 884 2233 exercitum
908 2200 1055 2231 minime
1084 2200 1318 2241 efferebatur,
1349 2201 1412 2234 sed
1435 2204 1588 2237 maxime
1613 2205 1688 2238 dis-

253 2249 513 2288 simulabatur,
549 2246 649 2291 quod
671 2245 898 2279 Antiochiam
933 2257 1012 2277 cum
1045 2245 1149 2289 Cpoli
1182 2247 1417 2291 coniungere,
1456 2255 1564 2294 atque
1600 2251 1686 2285 inde

253 2297 420 2340 religiosa
444 2294 523 2326 loca
547 2293 662 2325 visere
687 2298 723 2325 et
756 2292 865 2325 vitale
895 2291 1027 2324 Christi
1053 2292 1254 2335 sepulcrum
1277 2295 1472 2337 magnificis
1501 2297 1604 2330 donis
1630 2309 1688 2331 or-

252 2353 338 2377 nare
367 2353 407 2374 ac
431 2340 602 2372 finitimos
627 2338 798 2371 barbaros
823 2337 1011 2382 profligare
1043 2335 1218 2382 perpetuo
1242 2341 1421 2383 cupiebat.
1448 2342 1571 2387 itaque
1595 2344 1688 2377 nihil

253 2390 433 2422 intentum
458 2385 703 2429 relinquebat,
729 2384 758 2416 si
786 2384 966 2428 quomodo
995 2384 1130 2416 Latinis
1154 2386 1369 2428 persuadere
1392 2394 1514 2431 posset
1530 2394 1571 2422 ut
1591 2390 1688 2423 ultro

255 2435 441 2468 dominatu
481 2432 628 2463 inclitae
663 2430 876 2463 Antiochiae
900 2430 1087 2470 cederent,
1126 2436 1188 2463 aut
1212 2432 1242 2464 si
1275 2433 1302 2464 ii
1320 2433 1462 2466 nollent
1487 2434 1568 2479 (nec
1592 2437 1687 2469 enim

256 2482 388 2514 fastum
413 2478 582 2510 Latinum
620 2482 656 2509 et
681 2476 921 2520 praefidentes
954 2487 1075 2508 eorum
1103 2477 1239 2510 animos
1270 2478 1473 2526 ignorabat)
1496 2486 1533 2513 at
1557 2481 1688 2515 Cilices

258 2533 295 2560 et
311 2527 414 2569 Syros
432 2525 470 2556 in
487 2535 566 2556 suas
581 2528 700 2566 partes
725 2522 960 2566 pertraheret.
985 2532 1051 2553 nec
1075 2522 1114 2554 in
1140 2533 1182 2554 eo
1208 2524 1338 2557 itinere
1364 2536 1520 2569 unquam
1546 2528 1688 2562 destitit

256 2571 490 2607 Antiochenis
508 2569 663 2602 scribere
680 2573 716 2601 et
728 2579 831 2600 suum
856 2568 1047 2600 adventum
1064 2570 1328 2611 praenuntiare,
1345 2571 1435 2603 adeo
1464 2578 1504 2605 ut
1527 2574 1687 2607 nondum

258 2619 380 2662 Syriae
416 2617 505 2648 fines
541 2616 717 2658 ingressus
753 2614 967 2657 legationem
1003 2613 1089 2646 inde
1129 2616 1338 2657 attraxerit,
1362 2619 1494 2661 quain
1516 2620 1687 2663 optimam

258 2675 356 2709 spem
393 2674 510 2695 rerum
544 2661 743 2693 futurarum
768 2660 980 2704 erigebatur.
1006 2659 1069 2692 sed
1097 2671 1175 2693 cum
1207 2673 1318 2706 prope
1350 2663 1474 2696 urbem
1507 2666 1685 2707 venisset,

257 2711 348 2743 alios
372 2709 545 2743 Italorum
569 2707 705 2739 animos
737 2707 932 2751 comperit,
958 2717 1037 2738 cum
1061 2707 1155 2739 fama
1178 2707 1248 2739 iam
1273 2714 1356 2741 ante
1380 2720 1524 2744 arcanas
1549 2713 1626 2745 eius
1650 2718 1688 2746 et

258 2757 385 2791 tacitas
418 2753 702 2790 machinationes
732 2753 919 2797 vulgasset.
956 2763 1034 2785 cum
1068 2753 1178 2797 igitur
1199 2754 1412 2789 Antiochiae
1451 2757 1589 2792 aditum
1612 2769 1686 2792 non
