1878 3230
339 226 411 265 DE
446 224 643 265 ALExto
683 223 878 266 1sAAcn
916 223 1115 264 ANGm
1156 207 1465 264 FR.L113.‘111.
1544 204 1659 277 699

216 340 340 378 μενος
382 327 442 383 τῷ
481 322 662 381 ῥεύματι
704 322 777 365 καί
818 323 1252 375 καταλαζονευόμενος
1289 322 1337 365 τὸ
1385 322 1656 378 κατόρθωμα.

217 389 326 442 μετὰ
353 391 400 433 δὲ
427 389 475 431 τὸ
500 394 622 442 σῶμα
647 391 808 432 ἐκεῖθεν
836 389 968 442 ἀρθὲν
995 391 1095 432 κυσὶ
1120 391 1193 431 καί
1220 384 1356 444 ὄρνισι
1381 388 1488 444 βορὰ
1520 405 1660 443 παρα-

218 453 406 509 τίθεται,
439 454 464 497 ὃ
493 458 565 497 καί
591 455 800 509 θηριῶδες
825 455 982 508 μικροῦ
1008 458 1082 496 καί
1111 453 1394 508 ἀπάνθρωπον
1431 460 1518 504 τοῖς
1552 450 1661 495 ἅπα-

219 536 287 562 σιν
313 518 465 571 ἔδοξεν·
525 518 563 561 οἱ
589 521 628 560 δ’
667 521 712 562 ἑκ
738 518 814 573 τῆς
842 519 1128 571 συνωμότιδος
1156 519 1326 574 μερίδος
1360 521 1433 562 τοῦ
1458 518 1661 562 Ἰωάννου

181 587 508 639 5συσχεθὲντες,
538 586 610 626 καί
633 583 835 637 βασάνοις
861 581 1168 639 ὗποβληθέντες
1195 582 1309 634 ὅπως
1335 585 1547 641 ἑκφήνωσι
1564 581 1664 632 τούς

218 649 494 705 συνίστορας,
525 651 695 702 δεσμοῖς
725 651 799 690 καί
825 656 1036 704 φρουραῖς
1063 651 1429 704 παραπέμπονται.

321 711 440 759 Ἀλλ’
464 711 552 758 οἷον
577 715 650 756 καί
667 713 757 756 τόδ’
783 713 920 769 ἔρεξεν
948 709 1070 763 οὗτος
1096 714 1117 757 ὃ
1145 713 1361 768 βασιλεύς.
1421 715 1550 770 α’νδρί
1579 730 1665 756 τινι

216 779 436 837 παραδούς
464 779 652 836 τριήρεις
676 782 737 832 ἔξ,
766 774 801 836 ᾧ
828 780 854 834 ἦ
882 782 962 833 μὲν
980 783 1125 834 κλῆσις
1154 775 1207 835 ἦν
1227 783 1547 830 Κωνοταντΐνος
1569 781 1596 835 ἦ
1625 781 1664 821 δ’

217 848 429 902 ἐπίκλησις
458 845 806 901 Φραγγόπουλος,
839 847 883 895 ἐς
911 844 985 888 τὸν
1013 842 1216 898 Εὔξεινον
1245 843 1416 889 Πόντον
1440 846 1663 898 ἐξέπεμψε,

159 915 272 970 ποτῷ
301 914 380 966 μὲν
422 914 557 954 δοκεῖν
602 913 702 967 περὶ
740 914 913 968 φορτίου
954 913 1101 954 πλοίου
1141 911 1253 961 τινὸς
1298 910 1569 964 ἑξετὰσοντα,
1618 912 1665 952 ἐκ

219 979 407 1027 Φάσιδος
447 979 715 1034 καταίροντος
753 980 814 1027 εἷς
852 976 1118 1031 Βυζάντιον,
1160 976 1259 1034 περὶ
1295 978 1344 1020 δὲ
1383 979 1665 1031 Κερασοῦντα

215 1041 554 1098 ναυαγήσαντος,
584 1046 643 1101 τῷ
671 1045 717 1086 δὲ
745 1038 830 1085 ὄντι
857 1049 951 1092 ταῖς
979 1045 1023 1093 ἐς
1050 1044 1172 1086 πόλιν
1208 1042 1285 1099 τήν
1303 1039 1508 1096 ’Ἀμινσον
1535 1058 1665 1084 κατα-

216 1110 439 1158 πλεούσαις
467 1108 641 1152 ὁλκάσιν
665 1107 966 1165 ἐπιθησόμενον
990 1109 1064 1151 καί
1089 1107 1244 1151 τούτων
1270 1108 1323 1151 τὰ
1342 1106 1536 1164 α’γώγιμα
1561 1122 1663 1162 προ·
1677 1117 1710 1150 P.
1725 1117 1789 1161 34¹

216 1173 488 1228 νομεύσοντα.
546 1173 571 1215 ὅ
604 1176 652 1217 δὲ
679 1177 769 1216 κατ’
797 1176 1006 1228 ἐπίταγμα
1043 1174 1090 1216 τὸ
1130 1173 1348 1228 βασιλικὸν
1393 1175 1438 1223 ἐς
1473 1172 1548 1216 τὸν
1575 1169 1663 1216 Εὔ-

157 1241 348 1290 ι5ξεινον
373 1239 636 1297 α’ναπλεύσας
665 1241 870 1293 οὐδεμιᾶς
894 1239 1082 1296 φείδεται
1115 1241 1224 1295 νηός,
1258 1239 1365 1282 α’λλά
1396 1240 1537 1289 πάσας
1564 1255 1662 1281 axv·

214 1305 395 1358 λεύσας,
424 1301 524 1347 ὅσαι
550 1321 594 1347 τε
623 1308 667 1356 ἐς
694 1304 930 1357 Βυζάντιον
957 1304 1284 1361 ἐμπορευμάτων
1324 1303 1497 1360 πλήρεις
1535 1303 1663 1359 κατή-

214 1385 355 1425 γοντο,
386 1373 460 1412 καί
488 1367 587 1412 ὅσαι
617 1367 745 1421 αὖθις
773 1370 970 1427 ἀνήγοντο
992 1364 1295 1424 ἆποδιδόμεναι
1319 1370 1373 1413 τὰ
1403 1367 1567 1413 ἑαυτῶν
1591 1373 1665 1413 καί

215 1432 305 1477 ἄλλ’
339 1431 446 1478 ἅττα
475 1438 710 1491 ἐνθέμεναι,
742 1436 852 1490 μετὰ
882 1438 960 1479 δύο
975 1439 1112 1492 μῆνας
1140 1435 1404 1491 ὑπέστρεψε,
1433 1435 1551 1485 τινας
1578 1439 1664 1478 τῶν

215 1499 411 1557 ἐμπόρων
439 1505 634 1559 μαχαίρᾳ
661 1503 923 1552 ὖποδικάσας
950 1502 1023 1545 καί
1042 1506 1098 1560 τῷ
1122 1504 1244 1559 βυθῷ
1270 1503 1575 1557 παραπέμψας,
1604 1496 1664 1542 ὧν

153 1582 204 1609 20
216 1566 268 1609 τά
286 1567 491 1623 χρήματα
520 1568 648 1617 αὐτὸς
671 1568 898 1620 ἰδιώσατο,
926 1567 1022 1617 τούς
1053 1570 1093 1610 δ’
1121 1564 1276 1617 ἄλλους
1314 1567 1473 1622 ὑπέρου
1511 1582 1663 1620 γυμνο-

212 1633 361 1688 τέρους
393 1632 764 1687 ἀποπεμψάμενος.
820 1633 860 1675 οἱ
889 1635 936 1676 δὲ
967 1633 1046 1690 τὴν
1075 1632 1198 1675 πόλιν
1225 1631 1428 1681 εἰσιόντες
1466 1630 1663 1682 πολλάκις

308 1744 342 1778 5.
365 1743 558 1790 βασάνοις]
582 1745 886 1790 μαστιγωθέντες
907 1745 947 1780 Β.
1087 1756 1119 1790 7.
1148 1742 1260 1788 ἀνδρί
1288 1757 1367 1780 τινι
1391 1743 1661 1790 φραγγοπιῦλω

309 1790 382 1836 μὲν
409 1789 674 1836 ἄνομαζομένω
700 1792 736 1823 Β.
838 1805 870 1838 9.
898 1792 935 1829 ἐς
958 1785 1040 1838 τᾶν]
1067 1789 1164 1837 πρὸς
1189 1788 1257 1834 τὴν
1281 1793 1487 1837 λεγομένην
1508 1791 1662 1836 μαυῗρην

308 1836 510 1870 θάλασσαν
536 1838 746 1884 ἐξέπεμψε,
780 1835 820 1871 τὸ
845 1840 918 1884 μὲν
941 1837 1183 1884 φαινόμενον
1208 1837 1271 1872 διιὶ
1298 1838 1426 1884 γόμον
1450 1835 1558 1874 τινὰς
1594 1849 1661 1871 κα-

313 1886 445 1929 ραβίου
470 1882 545 1917 ἀπὸ
571 1887 641 1918 τοῦ
670 1883 767 1919 uim
792 1885 1003 1931 ἐρχομένου
1039 1877 1138 1927 πρὸς
1164 1884 1568 1922 κωνσιαντινούπολιν
1598 1885 1664 1917 καὶ

312 1932 415 2009 περὶὺ
431 1923 500 2011 τέν
533 1930 804 2026 ιῖερασοίἱνταιὶ3
827 1931 1114 1978 ναυαγήσαντος
1136 1933 1173 1967 Β.
1319 1943 1370 1978 ¹7·
1397 1930 1664 1978 α’ποδόμεναιῖ

311 1987 368 2011 20.
418 1988 442 2010 71
469 1988 537 2023 ρου
578 1989 750 2013 κυπανου
807 2003 815 2011 .

221 2077 303 2110 culo
332 2077 397 2110 illo
426 2077 612 2112 fruebatur
646 2078 826 2112 cadaveris
862 2079 975 2112 instar
1006 2079 1096 2113 vasti
1128 2079 1220 2112 tauri
1253 2079 1441 2119 tumentis,
1480 2078 1586 2112 simul
1629 2084 1667 2112 et

220 2129 323 2157 tanto
348 2135 513 2158 successu
539 2137 617 2158 cum
648 2125 844 2159 insolentia
876 2126 1090 2159 laetabatur.
1127 2125 1297 2158 cadavere
1332 2124 1418 2158 inde
1450 2125 1594 2158 sublato
1627 2131 1666 2159 et

221 2170 370 2204 canibus
386 2182 427 2204 ac
453 2172 659 2205 volucribus
677 2173 851 2217 proiecto,
868 2172 967 2217 quod
981 2173 1148 2206 omnibus
1174 2172 1249 2204 fere
1266 2173 1418 2204 immane
1438 2178 1474 2205 et
1502 2171 1666 2204 inhuma-

163 2212 177 2222 '
221 2228 307 2250 num
332 2217 471 2251 facinus
495 2219 611 2252 visum
636 2224 712 2260 est,
738 2219 917 2252 coniurati
943 2220 1021 2252 eius
1048 2218 1299 2264 comprehensi
1324 2224 1360 2252 et
1391 2219 1666 2264 quaestionibus

222 2263 399 2304 adhibiti,
424 2270 466 2298 ut
488 2266 649 2298 conscios
672 2266 910 2307 nominarent,
936 2266 975 2299 in
997 2266 1140 2300 vincula
1167 2271 1204 2298 et
1228 2276 1385 2298 carceres
1414 2266 1667 2298 coniiciuntur.

314 2310 416 2344 Fecit
440 2317 478 2345 et
501 2312 602 2345 aliud
635 2313 852 2357 imperator,
881 2313 1002 2346 nescio
1031 2313 1151 2357 quale.
1187 2311 1463 2345 Constantinum
1487 2311 1666 2357 quendam

221 2356 487 2402 Francopulum
506 2370 586 2392 cum
613 2370 675 2391 sex
698 2358 905 2392 triremibus
931 2360 970 2393 in
994 2360 1144 2393 Pontum
1170 2359 1349 2392 Euxinum
1372 2359 1472 2392 misit
1495 2370 1560 2403 per
1584 2369 1666 2403 spe-

223 2402 315 2435 ciem
340 2403 387 2437 de
409 2405 587 2439 mercibus
611 2405 712 2439 navis
739 2406 943 2447 cuiusdam,
967 2417 1060 2452 quae
1087 2417 1131 2439 ex
1154 2405 1307 2439 Phaside
1329 2405 1537 2449 Byzantium
1564 2404 1666 2437 navi-

224 2459 309 2492 gans
333 2451 434 2483 iuxta
465 2451 695 2485 Cerasuntem
734 2453 846 2486 fracta
865 2453 985 2493 esset,
1024 2452 1253 2498 inquirendi,
1287 2463 1325 2485 re
1351 2463 1436 2485 vera
1472 2457 1591 2484 autem
1625 2455 1667 2483 ut

225 2496 390 2528 oneraria
413 2498 573 2542 navigia,
599 2509 692 2544 quae
716 2500 900 2533 Aminsum
928 2499 1171 2544 appellerent,
1205 2499 1386 2544 spoliaret.
1415 2498 1466 2537 is,
1501 2503 1542 2530 ut
1568 2498 1666 2529 iussa

225 2541 450 2586 imperatoris
476 2551 724 2590 exequeretur,
749 2547 845 2579 nulli
868 2546 951 2579 navi
966 2547 1098 2591 parcit:
1124 2545 1188 2579 sed
1206 2546 1370 2590 spoliatis
1388 2543 1553 2576 omnibus
1572 2554 1666 2589 quae

227 2592 264 2619 et
289 2588 496 2630 Byzantium
519 2592 648 2637 plenae
683 2593 860 2626 mercibus
884 2593 1009 2634 ibant,
1037 2598 1074 2626 et
1098 2593 1171 2626 suis
1197 2591 1304 2624 rebus
1328 2590 1486 2622 venditis
1513 2595 1550 2622 et
1585 2590 1666 2622 aliis

227 2634 406 2678 impositis
431 2636 516 2670 inde
544 2638 773 2680 recedebant,
798 2645 882 2685 post
905 2640 1077 2672 bimestre
1102 2640 1140 2671 in
1166 2638 1291 2671 urbem
1311 2636 1430 2676 rediit,
1449 2635 1665 2680 quibusdam

226 2681 511 2724 negotiatoribus
543 2685 670 2718 occisis
703 2691 740 2719 et
772 2686 810 2718 in
845 2686 933 2719 mari
966 2685 1157 2726 demersis,
1191 2695 1342 2730 quorum
1373 2682 1560 2727 pecuniam
1594 2682 1666 2715 sibi

226 2726 443 2768 vendicavit,
468 2734 627 2764 caeteros
653 2731 830 2765 Leberide
854 2732 1028 2766 nudiores
1053 2731 1202 2764 dimisit.
1229 2731 1256 2763 ii
1282 2729 1406 2762 urbem
1432 2734 1470 2762 et
1492 2729 1664 2774 palatium

228 2773 379 2820 ingressi
405 2784 511 2821 saepe
539 2787 618 2811 suas
643 2777 793 2823 iniurias
817 2778 1007 2824 conquesti
1032 2783 1131 2819 suut,
1161 2782 1198 2811 et
1221 2787 1301 2810 cum
1324 2775 1522 2810 luminibus
1547 2786 1663 2810 sacras
