1878 3230
289 175 400 230 618
715 191 942 233 NicETAE
981 192 1288 234 CHONJATAE

291 294 451 333 διέπεσε
480 292 554 331 τοῦ
581 290 795 343 θυηπόλου
827 289 870 332 τὸ
891 289 1133 345 πρόρρημα·
1192 294 1326 348 μικρῷ
1353 293 1431 346 γάρ
1464 290 1632 347 ὕστερον
1658 296 1717 343 εἰς

244 356 360 409 Βτὴν
389 354 565 396 Mvm‘av
604 354 819 408 ἐπανηκώς
864 353 978 409 παρά
1020 371 1127 404 τινος
1173 358 1255 397 τῶν
1284 357 1442 398 οἰκείων
1472 359 1717 414 διαχειρίζε-

287 438 367 461 ται.
425 417 477 473 ἦν
503 421 548 461 δὲ
577 418 598 462 ὅ
627 418 776 474 τρόπος
802 414 922 468 οὗτος
953 423 1024 474 τῆς
1053 421 1183 462 αὐτοῦ
1215 418 1474 474 ἀναιρέσεως.
1531 423 1634 477 α’νήρ
1654 440 1715 473 τις

288 484 478 539 ὁμοφυὴς
506 485 621 541 αὐτῷ
651 485 723 526 καί
749 484 977 539 ὁμότροπος
1005 487 1076 526 καί
1113 479 1147 542 ᾧ
1175 487 1284 527 πάνυ
1311 489 1588 540 προσέβλεπεν
1616 484 1715 541 ἥμε-

289 564 362 604 ρον
392 549 595 605 (Ἰβαγκὸς
619 545 748 602 ὄνομα
766 552 892 607 τῷδε,
921 550 1112 605 σημαίνει
1132 553 1178 592 δὲ
1208 552 1233 605 ἧ
1266 553 1372 601 λε’ξις
1399 550 1469 593 τὸν
1491 551 1755 609 Ἰωάννην),5

286 616 337 670 τῇ
365 616 438 669 τῆς
464 613 659 668 γυναικὸς
704 617 838 657 αὐτοῦ
864 613 1092 673 κασιγνήτῳ
1119 617 1258 673 λάθρᾳ
1285 615 1527 671 συνήρχετο.
1583 616 1718 659 πυθό-

286 695 406 732 μενος
436 676 511 721 οὖν
540 679 589 722 τὰ
622 683 696 735 τῆς
723 683 877 733 μίξεως
904 682 1056 731 ἐκεῖνος
1093 681 1139 723 τά
1173 684 1250 734 μὲν
1277 684 1418 737 πρῶτα
1446 683 1505 731 εἰς
1533 678 1718 731 εὐθύνας

287 740 358 798 ἦγε
403 744 476 799 τήν
514 744 749 799 ὅμευνέτιν,
787 748 861 788 καί
885 746 1068 788 θανάτου
1101 749 1221 800 ἐτιζιια
1252 746 1328 801 τὴν
1351 749 1421 790 ἐπὶ
1448 753 1531 796 τοῖς
1558 749 1720 803 δρωμέ-

288 826 374 859 νοις
417 827 756 866 παρασιωπησιν·
831 811 888 860 ὥς
918 813 956 852 δ’
997 808 1136 861 ἄλλοις
1164 827 1208 854 τε
1235 809 1365 854 αὐτὸν
1393 813 1417 867 ἦ
1449 811 1548 867 γυνή
1583 811 1717 866 λόγοις

287 878 366 916 τοῦ
394 879 540 931 φονίου
580 875 806 932 κατηύναζε
849 879 1083 930 βλέμματος
1120 877 1191 918 καί
1230 875 1490 932 ὃρμήματος,
1523 877 1628 919 ἀλλὰ
1663 877 1716 933 δή
1735 893 1782 921 ιο

287 942 360 982 καί
385 944 441 997 τῷ
468 940 691 996 προσάγειν
719 939 896 997 ὕστερον
922 943 979 991 ὥς
1006 945 1169 992 εἰκαίως
1191 945 1299 998 χολᾷ
1326 945 1412 984 κατ’
1443 945 1581 997 αὐτῆς,
1598 943 1716 998 ἀκρι-

251 1025 255 1028 ·
286 1008 370 1060 βῶς
397 1006 478 1061 γὰρ
507 1007 693 1048 κάκεῖνον
720 1006 772 1048 τοὶ
801 1007 898 1060 περὶ
926 1006 999 1062 τὴν
1023 1011 1139 1060 μῖξιν
1173 1009 1342 1061 ταυτηνί
1366 1010 1614 1062 συνειδέναι,
1645 1008 1716 1050 τὸν

282 1072 388 1114 κατὰ
425 1074 499 1127 τῆς
534 1072 795 1127 ὁμολὲκτρου·
804 1070 930 1126 χόλον
962 1075 1021 1122 εἰς
1056 1071 1238 1126 Ἰβαγκὸν
1263 1076 1533 1127 μετατίθησι,
1565 1073 1638 1114 καί
1663 1072 1714 1128 δὴ

280 1140 592 1190 μεταπέμπεται
633 1133 860 1191 τὸνίἱνδρα
902 1141 982 1180 τῶν
1003 1141 1159 1180 νυκτῶν
1194 1140 1323 1193 α’ωρί,
1351 1140 1481 1193 μηδὲν
1509 1140 1715 1194 καθυφείς

280 1206 354 1255 τῆς
394 1202 543 1258 ὁρμῆς.
617 1203 639 1244 0‘
685 1204 731 1245 δὲ
772 1202 817 1245 τὸ
856 1206 930 1258 τῆς
974 1205 1121 1259 χρείας
1147 1201 1305 1258 ἔξωρον
1333 1206 1405 1245 οὐκ
1431 1205 1616 1246 α’ναίτιον
1645 1205 1780 1246 καιί5

280 1269 511 1310 ἀνεύθυνον
552 1269 708 1322 οἰηθείς
746 1269 790 1317 ἒς
831 1267 905 1323 τήν
941 1263 1089 1323 αὔριον
1129 1267 1203 1323 τήν
1243 1264 1386 1324 ἄφιξιν
1429 1266 1715 1324 ὑπερτίθεται.

155 1337 188 1370 Ρ.
201 1337 265 1371 302
279 1332 435 1374 ἐκείνου
481 1335 520 1376 ‹5’
547 1329 604 1375 αὖ
644 1332 768 1374 πάλιν
816 1335 1051 1387 ἐγκειμένου
1081 1336 1154 1375 καί
1195 1332 1252 1387 μὴ
1285 1336 1429 1389 φέρειν
1453 1331 1616 1386 ἔχοντος
1641 1333 1714 1387 τήν

282 1398 498 1454 ῥαστώνην
537 1398 592 1447 ὠς
629 1397 889 1453 παρόρασιν,
932 1400 1147 1441 κοινοῦται
1173 1404 1256 1447 τοῖς
1285 1401 1381 1440 καθ’
1407 1394 1512 1451 αἷμα
1542 1399 1615 1439 καί
1641 1398 1713 1453 φά-

280 1468 368 1513 λοις
395 1462 439 1505 τό
469 1465 660 1518 ποιητέον
686 1462 710 1504 ὅ
737 1462 929 1518 Ἰβαγκός,
958 1465 1018 1513 εἷς
1049 1465 1149 1505 νοῦν
1176 1465 1258 1516 ὀψὲ
1277 1478 1373 1505 ποτε
1401 1462 1541 1517 βαλών
1566 1461 1612 1505 τὸ
1639 1466 1712 1517 τῆς

279 1528 459 1584 ἀφίξεως
486 1527 634 1573 αἴτιον.
701 1529 739 1570 οἱ
786 1530 826 1570 δ’
854 1529 1103 1579 ὑποτιθέασι
1130 1527 1262 1585 τούτῳ
1295 1528 1368 1583 τὴν
1395 1530 1570 1583 προτενῆ
1597 1544 1712 1582 περι·
1726 1541 1777 1569 20

143 1596 265 1640 V.248
279 1591 499 1644 ζώσασθαι
540 1595 780 1648 μάχαιραν,
810 1593 882 1635 καί
911 1594 1064 1648 ταύτην
1087 1595 1143 1650 τῷ
1171 1593 1323 1650 ἱματίῳ
1353 1593 1595 1646 ἐνθάψαντα
1623 1594 1708 1635 εἰσ-

277 1661 436 1711 ελθεῖν,
479 1661 552 1699 καί
578 1659 653 1699 τοῦ
689 1661 768 1711 μὲν
794 1658 918 1701 Ἀσὰν
956 1661 1095 1713 ἠρέμα
1122 1660 1537 1713 προσεπιπλήττοντος
1568 1660 1639 1699 καί
1660 1656 1708 1698 w*

277 1725 353 1765 τοῦ
390 1725 535 1776 θυμοῦ
573 1727 662 1766 κατ’
702 1723 834 1766 αὐτοῦ
860 1724 1036 1780 βράττον
1065 1721 1214 1779 ὕβρεσι
1262 1727 1611 1779 συμμετροῢντος,
1640 1722 1713 1765 καί

374 1861 404 1883 2.
431 1847 639 1929 {gravantis
657 1851 766 1884 APW.
902 1854 934 1886 6.
962 1852 1085 1898 λάθρᾳ
1118 1850 1335 1897 συνήρχετο]
1365 1851 1532 1897 κρυφίως
1553 1851 1707 1896 ἐμίγνυ-

368 1908 409 1932 το
463 1921 471 1929 .

274 2002 357 2042 post
384 1998 420 2030 in
453 1997 603 2041 Mysiam
639 2009 799 2032 reversus
832 2010 852 2031 a
885 1999 1114 2032 familiarium
1149 2011 1293 2032 suorum
1329 1998 1484 2043 quodam
1523 1998 1709 2031 occiditur.

276 2044 386 2089 idque
420 2043 488 2076 hoc
529 2043 636 2076 modo
662 2045 792 2078 factum
825 2051 889 2080 est.
926 2045 1072 2090 quidam
1099 2050 1226 2078 natura
1250 2050 1287 2078 et
1313 2044 1472 2078 moribus
1509 2044 1542 2076 ei
1569 2044 1712 2086 similis,

273 2095 312 2122 et
336 2090 463 2123 intima
493 2090 740 2124 familiaritate
776 2093 1009 2132 coniunctus,
1047 2092 1194 2124 nomine
1221 2091 1373 2124 Ibancus
1397 2091 1464 2133 (sic
1487 2090 1664 2124 Iohannes
1687 2102 1710 2124 a

274 2136 416 2169 Blachis
440 2137 608 2183 dicitur),
651 2138 742 2170 clam
766 2149 846 2172 cum
872 2139 992 2171 uxoris
1014 2139 1092 2171 eius
1115 2148 1236 2171 sorore
1263 2141 1505 2170 consueverat.
1532 2147 1616 2181 quo.
1631 2141 1708 2169 stu-

273 2193 339 2226 pro
365 2189 567 2227 comperto,
591 2184 771 2228 principio
814 2195 958 2218 uxorem
988 2184 1179 2218 accusabat
1205 2190 1242 2218 et
1262 2189 1410 2229 propter
1438 2183 1514 2215 eius
1539 2182 1710 2216 facinoris

275 2227 599 2262 dissimulationem
624 2231 752 2275 capitis
780 2230 984 2264 damnabat.
1011 2243 1030 2264 a
1055 2242 1127 2276 quo
1156 2230 1293 2264 crudeli
1312 2228 1600 2274 propositovcum
1625 2228 1710 2262 aliis

274 2273 392 2306 verbis
420 2276 539 2308 uxoris
559 2287 643 2308 suae
669 2276 880 2318 deterritus,
905 2283 979 2311 tum
1006 2288 1048 2310 eo
1075 2277 1173 2322 quod
1197 2277 1393 2310 affirmabat
1417 2275 1531 2318 ipsum
1561 2285 1708 2320 quoque

275 2320 352 2352 eius
377 2321 429 2352 rei
456 2321 570 2364 probe
611 2331 756 2366 gnarum
783 2334 879 2364 esse,
913 2325 1001 2356 iram
1027 2335 1047 2356 a
1071 2324 1221 2356 muliere
1249 2323 1287 2355 in
1315 2322 1483 2354 Ibancum
1510 2321 1708 2361 transfert,

274 2377 430 2411 eumque
453 2367 554 2399 nulla
579 2379 677 2401 mora
701 2370 915 2415 interposita
940 2371 1158 2414 intempesta
1181 2374 1287 2401 nocte
1311 2367 1470 2400 accersit.
1506 2366 1536 2399 is
1559 2378 1644 2399 vero
1669 2378 1708 2400 se

273 2412 393 2445 alieno
414 2418 576 2457 tempore
602 2426 675 2448 non
701 2416 778 2449 sine
806 2418 901 2459 gravi
926 2428 1030 2450 causa
1056 2421 1094 2448 et
1120 2415 1267 2448 crimine
1293 2413 1412 2446 vocari
1437 2417 1545 2453 ratus,
1574 2412 1708 2447 adven-

271 2464 350 2492 tum
379 2470 482 2491 suum
522 2460 560 2492 in
585 2462 777 2494 crastinum
799 2460 931 2497 differt.
971 2463 1035 2495 sed
1072 2462 1137 2504 illq
1170 2471 1288 2493 rursus
1317 2460 1474 2492 instante
1500 2464 1537 2492 et
1563 2469 1708 2503 procra-

272 2505 504 2539 stinationem
528 2506 584 2538 sui
607 2513 851 2552 contemptum
875 2509 1158 2553 interpretante,
1197 2506 1350 2539 Ibancus
1374 2506 1433 2537 vix
1456 2505 1602 2538 tandem
1622 2516 1708 2538 cau·-

274 2563 312 2584 sa
338 2563 401 2584 cur
422 2556 608 2585 vocaretur
630 2553 816 2586 intellecta
831 2579 840 2594 ‚
867 2565 946 2587 cum
971 2554 1094 2586 amicis
1117 2558 1155 2586 et
1178 2552 1336 2596 cognatis
1363 2551 1551 2584 deliberat.
1575 2552 1603 2584 ii
1627 2563 1706 2584 mo·-

273 2603 363 2631 nent
385 2603 426 2631 ut
448 2598 554 2642 longo
571 2598 689 2641 gladio
715 2599 780 2631 sub
808 2606 906 2633 veste
925 2601 1103 2633 occultato
1122 2599 1301 2631 accinctus
1327 2597 1560 2642 ingrediatur.
1588 2597 1705 2642 quod-

273 2645 302 2676 si
326 2644 421 2677 Asan
448 2655 527 2677 eum
546 2644 686 2678 modice
711 2645 877 2690 obiurget
904 2652 940 2679 et
957 2645 1163 2679 iracundiae
1191 2645 1362 2689 impetum
1389 2644 1556 2677 conviciis
1581 2644 1704 2676 termi-

271 2695 335 2724 net
371 2691 448 2723 sine
497 2691 653 2724 cruciatu
684 2693 862 2736 corporis,
900 2698 940 2726 ut
972 2693 1115 2725 fortiter
1138 2693 1230 2724 ferat
1258 2696 1294 2723 et
1317 2691 1457 2735 culpam
1481 2690 1702 2735 deprecetur.

273 2738 328 2771 sin
353 2747 472 2771 ensem
504 2738 683 2782 postulet,
718 2744 792 2772 tum
819 2744 854 2772 et
885 2740 961 2784 ipse
985 2739 1099 2772 virum
1129 2750 1164 2771 se
1194 2737 1384 2782 praebeat,
1415 2743 1449 2770 et
1474 2748 1616 2782 operam
1642 2735 1703 2770 det
