1878 3230
293 170 408 244 676
769 185 999 226 mermi:
1043 184 1352 225 cnomA‘rAE

293 283 585 327 λιππούπολιν.
655 280 712 330 ὥς
745 281 827 335 γὰρ
873 277 1036 322 ἄνωθεν
1069 280 1258 333 εἴπομεν,
1297 284 1621 333 μετονομασθείς
1649 277 1721 323 ὅδε

283 347 471 400 Ἀλέξιος
497 346 572 388 καί
603 345 793 400 γαμβρὸς
840 347 910 388 ἑπί
936 346 1244 400 θυγατρόπαιδι
1273 347 1331 402 τῷ
1358 349 1527 398 βασιλεῖ
1547 339 1722 400 γεγονώς

289 415 362 456 καί
388 414 516 454 πλείω
547 413 618 467 τῆς
657 409 832 465 δεούσης
859 410 983 466 ι’σχύν
1010 409 1173 458 ὑποδύς
1194 415 1438 465 στρατηγεῖν
1465 406 1628 464 εἰλήφει
1652 409 1724 451 καὶ

288 477 539 531 προεστάναι
564 478 649 519 τιδν
674 475 829 528 τάξεων
855 478 904 519 at*
928 482 1014 525 τοῖς
1043 475 1279 529 ὃμογενέσιν
1305 476 1418 530 αυτῷ
1435 471 1621 527 Βλάχοις
1648 490 1721 515 πε-

287 544 334 598 ρί
369 542 444 597 την
472 545 683 585 Φιλίππου
725 542 932 598 ἐπαρχίαν
961 539 1243 596 ἅντεκάθηντό
1273 555 1316 582 τε
1343 541 1417 581 καί
1441 539 1757 594 α’ντεφέροντο.5

289 610 435 661 α’μέλει
457 606 530 649 καί
548 610 632 650 τῶν
654 609 786 650 ἐκεῖσε
807 609 959 662 χωρῶν
979 609 1126 663 φανείς
1153 606 1296 662 κύριος
1323 602 1395 661 ἦγε
1421 603 1470 647 τοὶ
1497 603 1632 646 πάντα
1652 603 1725 647 καὶ

162 680 196 713 Ρ.
209 679 276 714 330
287 672 454 730 ἔφερεν,
482 670 763 729 ἆγχίστροφος
793 670 851 714 ὢν
875 672 946 714 καί
964 671 1212 728 δραστήριος
1236 670 1341 726 πρὸς
1360 669 1472 712 ἅπαν
1491 667 1724 725 σύνδρομον

287 739 407 794 ἔργον
439 744 524 788 τοῖς
564 741 608 782 ἐν
635 740 834 795 τῇψυχῇ
858 737 1055 792 κινὴμασι
1084 739 1157 779 καί
1184 735 1480 791 βουλεύμασιν.
1537 728 1655 790 ἤσκει
1682 751 1724 777 τε

285 807 346 853 εἰς
376 802 556 858 πόλεμον
582 803 629 846 τὰ
660 806 759 858 περὶ
789 802 916 844 αὐτὸν
953 800 1196 859 ὁμόφυλον,
1244 803 1420 856 δωρεαῖς
1446 802 1623 842 πιαίνων
1653 799 1728 842 καὶ

283 869 502 923 ἇπλισμοῖς
534 866 785 925 κρατύνων,
825 867 898 910 καί
935 871 1150 924 φρουρίων
1191 868 1382 922 ἐρυμνῶν
1411 860 1646 920 α’νεγὲρσεσι
1673 865 1723 908 τὰ
1742 883 1787 911 ιο

281 935 545 987 α’ντικειζιιενα
586 935 643 992 τῷ
669 933 798 990 Αἴμῳ
841 928 930 986 ἷῖρει
956 932 1255 987 ἀνεπιχείρητα
1294 933 1447 986 μικροῦ
1478 928 1724 985 ἀπειργάζε-

282 1017 340 1042 το.
395 1002 594 1053 βασιλεὺς
637 1001 714 1052 μὲν
749 994 825 1040 οὖν
856 996 998 1055 ἐπῄνει
1027 999 1163 1039 ταῦτα
1193 995 1439 1050 μανθάνων,
1475 999 1547 1038 καί
1573 997 1628 1037 δι’
1659 997 1724 1038 αι’-

282 1067 382 1114 δοῦς
412 1058 573 1107 ἐτίθετο
614 1063 684 1106 τὸν
723 1063 926 1116 Ἀλέξιον,
957 1067 1128 1112 πολλαῖς
1168 1062 1240 1104 καί
1275 1061 1490 1116 μεγίσταις
1519 1065 1725 1117 φιλοφρο-

280 1130 476 1182 νούμενος
509 1129 639 1172 αὐτὸν
667 1131 854 1184 δωρεαῖς,
882 1129 1014 1183 ἡδέως
1043 1145 1086 1170 τε
1115 1129 1244 1170 αὐτοῦ
1275 1123 1426 1182 ἤκουε,
1455 1128 1528 1168 καί
1554 1125 1631 1175 τοὶς
1659 1126 1725 1167 αἰ-

284 1193 419 1250 τήσεις
462 1197 698 1248 ὲξεπέραινε
738 1194 907 1251 ῥᾴδιον·
983 1193 1034 1236 τοὶ
1070 1196 1116 1235 δὲ
1159 1194 1272 1247 παρὰ
1314 1194 1395 1235 τοῦ
1424 1191 1577 1246 α’νδρὸς
1603 1193 1723 1234 τοῦδε
1741 1196 1787 1236 15

282 1258 545 1314 πραττόμενα
589 1259 627 1301 οἱ
656 1258 754 1313 περὶ
795 1257 864 1300 τὸν
891 1261 1070 1311 βασιλέα
1100 1260 1353 1312 συνορῶντες
1380 1256 1487 1319 καλοὶ
1517 1259 1595 1310 μὲν
1623 1257 1725 1298 α’πε-

283 1325 478 1381 φαίνοντο
505 1321 610 1366 εἶναι
642 1326 714 1365 καί
743 1324 922 1378 ἆρίστως
959 1321 1098 1376 ἔλεγον
1126 1324 1335 1377 δρᾶσθαι,
1366 1324 1416 1363 015
1446 1321 1532 1377 μὴν
1555 1321 1628 1363 καί
1654 1322 1726 1363 ἐπὶ

243 1393 422 1447 Βσκοπιξῐ
452 1387 676 1442 Ῥωμαίοις
715 1389 946 1431 συνοίσοντι
992 1386 1104 1443 παρὰ
1135 1391 1209 1428 τοῦ
1235 1387 1482 1442 πράττοντος
1506 1386 1723 1442 γίνεσθαι,

282 1451 382 1496 ὅθεν
410 1455 482 1496 καί
502 1456 772 1509 παραινέσεις
800 1455 963 1507 εἰσῆγον
991 1455 1049 1510 τῷ
1078 1452 1360 1507 αὐτοκράτορι
1382 1454 1627 1506 παραλῦσαι
1651 1454 1723 1505 τῆς

283 1520 418 1574 ἀρχῆς
448 1517 519 1560 τὸν
543 1519 754 1577 Ἀλέξιονξ
811 1520 920 1572 μηδὲ
949 1516 1028 1573 γὰρ
1060 1514 1111 1559 ἂν
1142 1516 1361 1571 βάρβαρον
1389 1512 1523 1571 ἄνδρα
1554 1516 1613 1570 μή
1642 1515 1720 1558 πά·
1736 1533 1787 1559 20

281 1601 330 1626 νυ
357 1583 500 1638 πρώην
525 1584 750 1636 Ῥωμαίοις
776 1581 1084 1635 πολεμιώτατον
1103 1580 1235 1630 οὕτως
1256 1581 1452 1637 ἐξαίφνης
1478 1587 1724 1635 μεταπεσεῖν

284 1651 345 1698 εἰς
380 1649 596 1705 α’κραιφνῆ
637 1647 855 1702 διάθεσιν,
897 1647 954 1698 ὥς
994 1645 1181 1704 φρούρια
1219 1646 1293 1688 καί
1327 1648 1522 1700 πολίχνια
1564 1647 1608 1688 ἐν
1636 1652 1722 1695 τοῖς

285 1717 517 1768 ἐπικαίροις
545 1720 757 1770 νεουργεῖν
782 1712 945 1767 τόποις,
972 1713 1043 1755 καὶ
1069 1710 1211 1763 αὔξειν
1238 1715 1315 1766 μὲν
1342 1710 1386 1754 τὸ
1413 1710 1620 1767 ἐμφύλιον
1644 1713 1723 1752 αυ’-
1874 1726 1878 1754 3

284 1795 340 1835 τῳ
371 1779 639 1833 στράτευμα,
670 1780 916 1834 σμικρύνειν
947 1781 992 1822 δὲ
1020 1777 1068 1821 τὸ
1095 1777 1349 1832 Ῥωμαϊκόν,
1379 1779 1548 1831 ἐνιαχοῦ
1577 1778 1622 1819 δὲ
1654 1777 1724 1819 καί

378 1920 431 1942 21.
460 1912 544 1945 πολ.
571 1910 611 1945 δὲ
631 1909 756 1948 ,οὕτως
781 1911 823 1945 Α.

1873 1818 1878 1845 l

1863 1883 1878 1992 i

1864 1993 1878 2018 Ξ

285 2035 324 2067 in
348 2034 513 2067 Alexium
550 2038 688 2068 mutato
724 2034 974 2080 desponsaque
1012 2041 1121 2080 nepte
1147 2036 1370 2080 imperatoris
1387 2061 1395 2076 ‚
1419 2036 1589 2069 maiorem
1615 2047 1721 2081 quam
1863 2022 1878 2087 ᾗ

289 2081 412 2113 decuit
449 2082 701 2114 auctoritatem
740 2087 883 2122 nactus,
927 2087 964 2114 et
987 2081 1194 2114 cohortibus
1234 2084 1435 2126 praefectus
1462 2093 1555 2127 quae
1579 2083 1721 2116 Blachis
1864 2100 1878 2131 ᾗ

287 2126 334 2159 ad
373 2126 652 2171 Philippopolim
676 2128 912 2168 resistebant,
948 2139 988 2160 ac
1020 2129 1140 2172 potius
1174 2129 1333 2161 locorum
1371 2129 1515 2161 illorum
1555 2128 1721 2163 dominus

289 2174 427 2212 sactus,
455 2184 518 2205 suo
546 2173 722 2206 arbitratu
763 2174 911 2217 regebat
935 2176 1072 2207 omnia:
1100 2176 1233 2220 quippe
1258 2175 1364 2207 homo
1390 2174 1541 2207 callidus
1568 2180 1604 2207 et
1631 2181 1724 2208 stre·
1860 2147 1878 2243 ὅ

288 2230 404 2259 nnus,
430 2219 534 2251 facile
562 2220 736 2264 quicquid
761 2221 880 2253 animo
906 2220 1120 2254 destinasset
1143 2232 1333 2265 exequens,
1363 2226 1399 2253 et
1421 2221 1613 2265 populares
1639 2232 1723 2255 suos
1857 2226 1875 2257 ζ’

289 2264 501 2297 liberalibus
526 2265 703 2299 donativis
729 2266 907 2310 saginatos
934 2273 970 2299 et
997 2268 1102 2300 armis
1132 2273 1319 2299 exornatos
1346 2265 1392 2298 ad
1416 2267 1552 2299 bellum
1579 2278 1723 2301 exerce·-
1855 2244 1875 2304 {l

289 2311 376 2350 bat,
405 2316 441 2343 et
468 2311 546 2343 loca
586 2313 701 2344 monti
727 2312 863 2345 Haemo
889 2314 1041 2346 finitima
1079 2314 1188 2345 firmis
1217 2313 1372 2345 castellis
1397 2313 1446 2345 ita
1470 2314 1659 2347 muniebat
1681 2319 1724 2348 ut
1856 2291 1874 2363 fl

292 2369 333 2390 ea
362 2356 482 2389 hostes
507 2368 600 2401 pene
633 2358 802 2391 invadere
836 2369 910 2391 non
948 2359 1133 2394 auderent.
1170 2358 1399 2403 quamobrem
1434 2359 1478 2391 ab
1506 2360 1722 2405 imperatore
1858 2367 1869 2397 ἱ

292 2403 566 2436 collaudabatur
590 2408 625 2436 et
648 2405 767 2448 magni
796 2404 927 2444 fiebat,
956 2406 1079 2438 multis
1105 2406 1330 2448 amplissimis
1358 2405 1565 2439 muneribus
1591 2406 1722 2439 assicie-
1856 2410 1869 2439 i

292 2450 409 2489 batur,
436 2449 651 2482 audiebatur
674 2450 849 2492 libenter3
875 2451 1049 2495 quicquid
1071 2452 1254 2495 petiisset,
1279 2452 1503 2496 impetrabat.
1527 2453 1635 2485 aulici
1661 2463 1725 2486 ve-
1845 2443 1870 2517 ἦ

294 2508 332 2529 ro
357 2497 455 2528 illius
479 2495 547 2528 viri
573 2496 665 2529 facta
701 2497 839 2540 egregia
864 2503 900 2529 et
928 2498 1031 2530 utilia
1062 2497 1207 2541 quidem
1234 2508 1310 2530 esse
1338 2498 1562 2539 fatebantur,
1587 2499 1650 2531 sed
1675 2498 1721 2532 ad
1858 2519 1865 2536 ι

294 2545 530 2575 Romanorum
555 2542 749 2575 utilitatem
777 2543 900 2575 referri
925 2544 1116 2587 negabant,
1143 2549 1178 2576 et
1194 2544 1399 2588 imperatori
1428 2550 1588 2578 auctores
1620 2551 1721 2579 erant
1855 2542 1868 2568 23

294 2588 477 2621 adimendi
507 2589 540 2621 ei
575 2589 810 2632 magistratus.
858 2600 976 2634 neque
1014 2591 1108 2622 enim
1143 2589 1325 2623 hominem
1365 2591 1579 2631 barbarum,
1610 2591 1720 2636 paulo

295 2642 378 2668 ante
401 2635 566 2668 Romanis
601 2635 870 2668 infestissimum
888 2661 897 2676 ‚
937 2647 1049 2680 usque
1078 2636 1167 2669 adeo
1193 2637 1313 2670 subito
1338 2643 1513 2671 mutatum
1539 2647 1614 2670 esse
1639 2643 1721 2671 tan-

294 2687 440 2726 tamque
465 2681 752 2714 benevolentiam
777 2683 994 2726 concepisse,
1020 2687 1060 2716 ut
1085 2693 1175 2716 nova
1202 2685 1348 2717 castella
1375 2691 1411 2718 et
1434 2683 1567 2729 oppida
1592 2684 1630 2716 in
1653 2695 1719 2728 op-

295 2729 458 2773 portunis
481 2728 568 2762 locis
594 2734 742 2762 extruat.
766 2739 884 2773 neque
911 2739 990 2762 eum
1027 2729 1189 2762 cohortes
1213 2730 1394 2764 Blachicas
1421 2737 1624 2771 aucturum,
1649 2731 1719 2764 Ro>-
