1838 3210
429 179 501 218 DE
547 176 800 218 MANUELE
841 172 1101 216 COMNENO
1144 173 1241 214 Lm.
1268 173 1358 212 vn.
1495 149 1604 208 285

170 281 268 323 νοῦν
292 279 541 332 βάπτοντες,
583 279 627 318 ἐν
673 277 816 331 ἀπόρῳ
858 276 1041 315 ἐτίθεντο
1078 274 1118 314 εἷ
1143 275 1231 323 νέος
1261 268 1319 314 αῗν
1347 269 1367 314 ὃ
1399 271 1607 326 Μανουὴλ
1620 277 1652 310 P.
1673 277 1731 320 ιφ

169 344 245 388 καὶ
273 340 371 400 ἄρτι
411 340 581 398 πρώτως
617 341 810 395 χνοάζων
851 337 924 380 τὸν
948 338 1088 381 ἴουλον
1133 336 1474 393 διακυβερνήσειν
1503 334 1609 385 ὅλως

169 409 246 466 τήν
273 411 490 463 βασιλείαν
521 405 761 462 δυνήσεται,
792 400 882 459 ἥτις
907 405 952 446 τὸ
982 403 1090 445 πολὺ
1119 405 1252 445 δεῖται
1281 401 1436 459 α’νδρός
1463 403 1612 444 πολιοῦ

168 479 247 530 μὲν
285 475 331 518 τὸ
378 478 548 531 φρονεῖν
595 468 844 525 λαχνήεντος
886 471 932 512 δὲ
958 469 1027 511 τὸν
1064 467 1266 523 πώγωνα,
1296 466 1358 510 ἔτι
1383 483 1429 522 γε
1459 466 1546 522 μὴν
1572 468 1614 509 ἐἰ

134 540 240 584 5τόν
285 543 526 594 κασίγνητον
575 537 922 578 καταπαλαίσειεν
957 531 1162 577 Ἰσαάκιον
1215 533 1471 588 δικαιότερον
1510 528 1611 575 ὄντα

169 606 274 662 πρὸς
297 606 373 660 τὴν
405 602 539 659 α’ρχῆν
567 604 640 643 καί
666 604 740 656 τῆς
762 602 978 654 βασιλίδος
1004 601 1087 641 τῶν
1113 598 1272 641 πόλεων
1302 597 1419 641 ἔνδον
1451 594 1611 650 ἱζάνον-

168 689 236 714 τα.
294 671 315 713 ὃ
343 673 390 712 δὲ
414 672 544 723 μέγας
561 669 713 716 ἐκεῖνος
742 665 848 721 α’νῆρ
880 664 953 706 καί
968 659 1098 713 ὅντως
1135 660 1358 718 ἅνθρωπος
1387 666 1465 705 τοῦ
1493 664 1611 716 θεοῦ,

170 735 286 783 λύων
312 735 357 778 τὸ
393 731 553 788 ἄπορον
580 731 655 774 καὶ
681 733 906 787 διασαφῶν
945 729 992 772 τὸ
1027 732 1127 785 παρ’
1154 729 1325 778 ἐκείνοις
1356 727 1614 784 ἀμφιγνοού-

168 817 313 856 μενον,
356 801 486 855 „val”
516 815 642 854 φησι,
688 798 789 851 »καὶ
813 796 889 852 τὴν
917 796 1136 850 βασιλείαν
1164 793 1187 836 ὅ
1214 797 1367 851 μεῖραξ
1391 788 1509 843 οὗτος
1536 795 1615 835 διι-

112 868 314 921 ιοθυνεῖ,
333 865 406 908 καί
432 864 551 922 (ninii
578 863 849 906 ὖποπεσεῖται
881 861 903 903 ὅ
932 859 1131 917 α’δελφός·
1191 856 1300 903 οὕτω
1327 858 1407 915 γάρ
1431 862 1520 917 θεῷ
1545 860 1614 900 δέ·

169 935 314 975 δοκται
341 933 412 973 καί
438 930 711 985 προώρισται.
740 930 808 970 ἵνα
839 929 885 970 δὲ
914 928 1050 982 εἰδῆτε
1077 929 1151 969 καί
1175 928 1275 982 περὶ
1301 920 1360 967 ὧν
1388 924 1481 966 οὐδ’
1508 920 1614 974 ὅλως

167 1014 221 1052 με
241 995 417 1055 ἦρεσθε,
457 995 528 1038 τὸν
565 997 718 1038 οἰκεῖον
760 995 951 1046 πάππον,
992 996 1096 1047 λέγω
1134 991 1187 1048 δὴ
1217 991 1288 1035 τὸν
1321 990 1614 1046 αὐτοκράτορα

160 1063 382 1117 Ῥωμαίων
411 1064 485 1103 καί
511 1061 752 1116 προπάτορα
788 1061 927 1116 ἐκείνῳ
955 1059 1156 1111 Ἀλέξιον,
1186 1055 1467 1112 ὑπερβήσεται
1496 1050 1614 1104 οὗτος

167 1129 309 1186 βραχύ
337 1145 380 1170 τι
409 1125 514 1169 κατὰ
541 1125 639 1175 τούς
674 1127 748 1179 τῆς
766 1126 873 1180 ζωῆς
899 1123 1097 1179 χρόνους.
1126 1126 1202 1179 τῆς
1233 1124 1279 1164 δὲ
1305 1123 1502 1176 τελευτῆς
1532 1121 1651 1163 ani-B

108 1197 227 1253 ιότῷ
262 1193 504 1249 έγγιζούσης
540 1189 817 1246 μανήσεται.”
885 1186 937 1244 ἧν
967 1185 1042 1231 οὖν
1081 1186 1109 1245 ἧ
1150 1187 1384 1244 πρόρρησις
1413 1183 1517 1242 αὕτη
1544 1187 1618 1229 καί

167 1261 262 1314 ἐμοὶ
303 1261 359 1317 τῷ
396 1263 639 1313 συγγραφεῖ·
657 1254 823 1313 Νικὴτᾳ
859 1254 939 1297 σύν
981 1251 1122 1304 ἄλλοις
1150 1253 1360 1302 πλείστοις
1385 1252 1614 1308 γνώριμος,

166 1323 229 1368 δτι
258 1324 331 1366 καί
359 1322 461 1377 ε’μὸς
489 1322 511 1364 ὅ
541 1320 791 1378 προφάντωρ
822 1321 1034 1374 ἅνάδοχος
1062 1321 1108 1362 ἐκ
1128 1321 1206 1361 τοῦ
1232 1317 1353 1360 θειόυ
1375 1320 1615 1372 βαπτίσμα-

164 1405 249 1440 τος.
274 1393 335 1440 τι’ς
369 1391 415 1432 δὲ
445 1380 530 1444 ιἄρα
559 1385 677 1430 ἔσται
702 1387 728 1442 ἦ
753 1388 886 1439 μανία
921 1385 990 1427 καὶ
1018 1381 1104 1435 οἷος
1130 1381 1151 1427 ὁ
1179 1381 1330 1440 τρόπος
1363 1385 1509 1438 αὐτῆς,
1539 1383 1614 1424 ου’-

165 1456 252 1506 δεῖς
278 1452 390 1509 εἶχεν
433 1450 616 1509 άκριβῶς
648 1454 946 1506 συμβαλέσθαι
971 1453 1055 1494 τῶν
1080 1449 1251 1493 εἰδότων
1275 1447 1324 1492 τό
1354 1447 1615 1504 προαγόρευ-

101 1543 153 1570 20
164 1536 246 1575 μα·
277 1519 315 1562 οἱ
342 1521 421 1574 μὲν
449 1518 527 1576 γάρ
557 1521 602 1568 ἐς
629 1517 676 1560 τό
707 1518 975 1572 χρυσομανὲς
1000 1518 1205 1574 ἀνέφερον
1224 1514 1268 1558 τὸ
1297 1516 1614 1571 προφοίβασμα,

165 1585 206 1629 οἱ
235 1587 270 1628 δ’
313 1587 356 1635 ἐς
395 1582 497 1627 ἄλλο
532 1600 575 1626 τι
601 1581 801 1639 σαρκικὸν
838 1582 1058 1635 ἐλάττωμα
1093 1579 1399 1638 ᾐχμαλώτιζον.
1463 1582 1541 1621 τοῦ
1567 1581 1614 1620 ὸὲ

164 1654 379 1707 προσεχῶς
426 1652 648 1706 εἰρημένου
691 1647 896 1703 δόγματος
950 1650 1211 1703 κινηθέντος,
1246 1645 1319 1688 καί
1357 1644 1613 1700 παραβόλως

165 1719 437 1771 ἐνισταμένου
481 1714 534 1758 τὰ
568 1717 716 1771 πρῶτα
762 1716 839 1756 τοῦ
870 1716 1077 1767 βασιλέως
1114 1714 1259 1768 α’ληθιῖ
1294 1710 1480 1764 δοξάζειν
1508 1710 1613 1753 θεὸν

260 1852 292 1874 a.
313 1838 412 1887 ἄρτι]
439 1839 511 1875 νῦν
535 1839 574 1872 Α.
674 1848 723 1883 ¹7·
746 1834 850 1883 ἐμὸς]
878 1837 916 1876 ἐξ
939 1837 1086 1871 ἐκείνου
1110 1834 1149 1870 τὸ
1178 1838 1288 1870 θεῖον
1309 1834 1505 1881 βάπτισμα
1525 1834 1610 1870 ἔλα-

256 1892 324 1932 βον
348 1887 386 1920 Β.
540 1888 594 1920 23.
623 1883 851 1924 δοξάζεσθαι
874 1884 913 1916 Α.

164 2007 344 2050 ingressus
368 2005 519 2037 faustam
557 2002 880 2047 comprecationem
911 2001 956 2033 ab
986 2001 1054 2033 hoc
1076 2000 1248 2044 pontifice
1274 1998 1471 2044 accepisset
1497 2003 1536 2031 ut
1562 1998 1609 2031 ob

163 2054 332 2087 virtutem
357 2051 494 2095 ubique
521 2049 682 2093 gentium
710 2049 966 2088 celeberrimo,
994 2047 1141 2092 qnidam
1169 2047 1384 2086 sacerdotes,
1410 2046 1511 2090 iique
1526 2057 1611 2089 pru-

165 2098 391 2139 dentissimi,
415 2096 635 2130 dubitabant
660 2106 706 2128 an
729 2095 877 2128 Manuel
905 2094 1024 2127 adhuc
1059 2094 1270 2126 adolescens
1294 2104 1335 2125 ac
1359 2103 1452 2137 pene
1477 2092 1611 2124 imber-

163 2147 222 2179 bis
242 2151 382 2179 tantum
406 2144 596 2189 imperium
625 2141 876 2175 administrare
900 2146 1041 2186 posset,
1064 2140 1163 2185 qumi
1187 2141 1300 2173 virum
1327 2139 1433 2172 senili
1451 2138 1609 2184 prudeu-

164 2194 216 2226 tia
241 2191 446 2237 praeditum
482 2196 519 2223 et
552 2194 731 2222 maturum
758 2189 969 2232 postularet.
1009 2187 1142 2220 deinde
1169 2198 1214 2219 an
1240 2187 1384 2219 fratrem
1410 2186 1608 2226 Isaacium,

163 2239 229 2284 qui
258 2238 384 2270 urbem
418 2237 683 2282 imperatricem
721 2234 930 2276 obtineret,
969 2239 1201 2278 superaturus
1237 2239 1351 2273 esset‚
1376 2233 1433 2265 cui
1458 2233 1609 2265 meliore

163 2286 243 2318 iure
267 2284 457 2329 imperium
480 2283 682 2316 deberetur.
708 2287 786 2315 tum
808 2293 956 2325 magnus
994 2281 1058 2313 ille
1086 2281 1140 2313 vir
1166 2285 1203 2313 et
1227 2291 1309 2312 vere
1335 2279 1478 2312 divinus
1500 2278 1609 2311 homo

162 2332 203 2365 in
217 2332 315 2364 hunc
330 2330 475 2363 modum
491 2329 696 2374 respondit:
716 2329 889 2369 „omnino
906 2327 1115 2361 adolescens
1136 2327 1204 2359 iste
1221 2331 1257 2359 et
1271 2326 1459 2370 imperium
1478 2325 1610 2369 guber-

163 2379 269 2412 nabit
290 2383 326 2410 et
350 2379 495 2410 fratrem
517 2375 726 2420 superabit:
752 2375 803 2407 sic
828 2375 925 2407 enim
949 2386 970 2406 a
993 2374 1061 2406 deo
1089 2373 1273 2406 decretum
1307 2379 1345 2406 et
1370 2373 1607 2405 constitutum

165 2429 228 2457 est.
253 2430 293 2457 ut
317 2429 435 2456 autem
461 2435 502 2456 ea
533 2433 679 2468 quoque
705 2422 826 2454 sciatis
851 2421 896 2454 de
935 2420 1067 2465 quibus
1094 2432 1166 2452 non
1199 2419 1465 2462 interrogastis,
1504 2430 1607 2451 avum

164 2471 328 2504 Alexium
343 2477 461 2503 aetate
475 2469 623 2514 paulum
641 2467 841 2513 superabit:
867 2467 931 2500 sed
948 2468 1106 2500 instante
1121 2466 1223 2499 obitu
1238 2466 1432 2499 insaniet?
1448 2465 1486 2497 id
1503 2476 1608 2509 prae-

166 2517 301 2561 sagium
325 2522 362 2549 et
384 2517 475 2549 mihi
499 2521 536 2549 et
556 2516 636 2548 aliis
662 2515 827 2561 plurimis
852 2514 922 2547 fuit
945 2519 1093 2546 notum:
1118 2514 1147 2546 is
1177 2513 1272 2545 enim
1299 2518 1399 2545 vates
1416 2522 1460 2544 ex
1484 2512 1606 2544 divino

164 2563 383 2607 baptismate
417 2574 473 2596 me
497 2563 665 2607 suscepit.
703 2572 796 2607 quae
818 2566 938 2594 autem
964 2571 1006 2592 ea
1032 2561 1174 2593 insania
1200 2565 1238 2592 et
1259 2558 1461 2592 cuiusmodi
1486 2559 1604 2590 futura

165 2614 280 2650 esset,
316 2620 421 2642 nemo
447 2615 524 2642 tum
549 2614 644 2641 recte
672 2608 851 2642 coniicere
875 2608 1023 2652 potuit:
1048 2619 1130 2639 nam
1155 2607 1219 2638 alii
1246 2606 1284 2638 id
1306 2605 1529 2651 praesagium
1559 2603 1606 2635 ad

165 2656 326 2688 insanam
353 2656 430 2687 auri
468 2655 726 2700 cupiditatem,
761 2655 825 2686 alii
863 2654 909 2686 ad
943 2652 1109 2686 libidinis
1146 2653 1460 2696 intemperantiam
1485 2650 1609 2682 detor-

166 2702 338 2747 quebant.
365 2701 427 2734 sed
461 2713 540 2734 cum
568 2701 681 2743 haec,
706 2713 813 2746 quam
853 2700 943 2741 dixi,
969 2700 1212 2733 controversia
1237 2699 1369 2743 agitata
1397 2702 1513 2736 esset,
1539 2696 1607 2727 im-

164 2754 330 2795 peratore
355 2754 490 2783 temere
516 2748 694 2794 principio
719 2747 961 2782 contendente
986 2746 1244 2792 holospbyrum
1270 2746 1374 2778 illum
1387 2742 1603 2778 Machometi
