<?xml version="1.0" encoding="UTF-8"?>
<!DOCTYPE html PUBLIC "-//W3C//DTD XHTML 1.0 Transitional//EN"
    "http://www.w3.org/TR/xhtml1/DTD/xhtml1-transitional.dtd">
<html xmlns="http://www.w3.org/1999/xhtml" xml:lang="en" lang="en">
 <head>
  <title>
</title>
<meta http-equiv="Content-Type" content="text/html;charset=utf-8" />
  <meta name='ocr-system' content='tesseract 3.04.00' />
  <meta name='ocr-capabilities' content='ocr_page ocr_carea ocr_par ocr_line ocrx_word'/>
</head>
<body>
  <div class='ocr_page' id='page_1' title='image "./corpusscriptorum41niebuoft/corpusscriptorum41niebuoft_0674.png"; bbox 0 0 1878 3230; ppageno 0'>
   <div class='ocr_carea' id='block_1_1' title="bbox 267 173 1266 238">
    <p class='ocr_par' dir='ltr' id='par_1_1' title="bbox 267 173 1266 238">
     <span class='ocr_line' id='line_1_1' title="bbox 267 173 1266 238; baseline 0.001 -12"><span class='ocrx_word' id='word_1_1' title='bbox 267 173 380 238; x_wconf 70' lang='grc'><em>644</em></span> <span class='ocrx_word' id='word_1_2' title='bbox 680 182 919 230; x_wconf 69' lang='grc' dir='ltr'><em>’ΝιοΕΤΑΕ</em></span> <span class='ocrx_word' id='word_1_3' title='bbox 956 187 1266 229; x_wconf 73' lang='lat' dir='ltr'>cnomATAE</span> 
     </span>
    </p>
   </div>
   <div class='ocr_carea' id='block_1_2' title="bbox 129 285 1758 1776">
    <p class='ocr_par' dir='ltr' id='par_1_2' title="bbox 129 285 1758 1776">
     <span class='ocr_line' id='line_1_2' title="bbox 265 285 1686 344; baseline -0.002 -13"><span class='ocrx_word' id='word_1_4' title='bbox 265 290 425 344; x_wconf 75' lang='grc' dir='ltr'><em>ἧλικιίιν</em></span> <span class='ocrx_word' id='word_1_5' title='bbox 464 289 812 339; x_wconf 74' lang='grc' dir='ltr'><strong><em>συνεσταλμένος,</em></strong></span> <span class='ocrx_word' id='word_1_6' title='bbox 847 287 904 342; x_wconf 76' lang='grc' dir='ltr'><em>μη</em></span> <span class='ocrx_word' id='word_1_7' title='bbox 939 285 1237 343; x_wconf 65' lang='grc' dir='ltr'><em>συμφρονήσας</em></span> <span class='ocrx_word' id='word_1_8' title='bbox 1276 288 1352 338; x_wconf 79' lang='grc' dir='ltr'><em>μὲν</em></span> <span class='ocrx_word' id='word_1_9' title='bbox 1389 286 1686 340; x_wconf 74' lang='grc' dir='ltr'><em>ἀφισταμένοις</em></span> 
     </span>
     <span class='ocr_line' id='line_1_3' title="bbox 259 351 1686 409; baseline -0.001 -14"><span class='ocrx_word' id='word_1_10' title='bbox 259 354 472 406; x_wconf 67' lang='grc' dir='ltr'><em>Ῥωμαίων</em></span> <span class='ocrx_word' id='word_1_11' title='bbox 503 354 655 408; x_wconf 78' lang='grc' dir='ltr'><em>Πέτρῳ</em></span> <span class='ocrx_word' id='word_1_12' title='bbox 680 354 752 393; x_wconf 78' lang='grc' dir='ltr'><em>καί</em></span> <span class='ocrx_word' id='word_1_13' title='bbox 777 354 839 409; x_wconf 65' lang='grc' dir='ltr'><em>τῷ</em></span> <span class='ocrx_word' id='word_1_14' title='bbox 859 351 1012 406; x_wconf 76' lang='grc' dir='ltr'><em>Ἀσάν,</em></span> <span class='ocrx_word' id='word_1_15' title='bbox 1045 351 1105 394; x_wconf 79' lang='grc' dir='ltr'><em>ὅτι</em></span> <span class='ocrx_word' id='word_1_16' title='bbox 1125 351 1183 406; x_wconf 74' lang='grc' dir='ltr'><em>μὴ</em></span> <span class='ocrx_word' id='word_1_17' title='bbox 1211 354 1283 393; x_wconf 70' lang='grc' dir='ltr'><em>καί</em></span> <span class='ocrx_word' id='word_1_18' title='bbox 1306 352 1464 403; x_wconf 75' lang='grc' dir='ltr'><em>μᾶλλον</em></span> <span class='ocrx_word' id='word_1_19' title='bbox 1489 353 1573 392; x_wconf 80' lang='grc' dir='ltr'><em>κατ’</em></span> <span class='ocrx_word' id='word_1_20' title='bbox 1609 353 1686 393; x_wconf 67' lang='grc' dir='ltr'><em>αὖ·</em></span> 
     </span>
     <span class='ocr_line' id='line_1_4' title="bbox 262 412 1690 471; baseline -0.001 -12"><span class='ocrx_word' id='word_1_21' title='bbox 262 419 344 459; x_wconf 77' lang='grc' dir='ltr'><em>τῶν</em></span> <span class='ocrx_word' id='word_1_22' title='bbox 373 414 578 470; x_wconf 79' lang='grc' dir='ltr'><em>α’ράμενος</em></span> <span class='ocrx_word' id='word_1_23' title='bbox 607 414 714 458; x_wconf 80' lang='grc' dir='ltr'><em>ὅπλα</em></span> <span class='ocrx_word' id='word_1_24' title='bbox 741 419 840 470; x_wconf 75' lang='grc' dir='ltr'><em>μεθ’</em></span> <span class='ocrx_word' id='word_1_25' title='bbox 863 412 920 459; x_wconf 80' lang='grc' dir='ltr'><em>ὧν</em></span> <span class='ocrx_word' id='word_1_26' title='bbox 948 415 1034 471; x_wconf 82' lang='grc' dir='ltr'><em>εἶχε</em></span> <span class='ocrx_word' id='word_1_27' title='bbox 1063 417 1341 458; x_wconf 74' lang='grc' dir='ltr'><em>πεντακοσίων</em></span> <span class='ocrx_word' id='word_1_28' title='bbox 1369 414 1596 468; x_wconf 78' lang='grc' dir='ltr'><em>ὁμογενῶν,</em></span> <span class='ocrx_word' id='word_1_29' title='bbox 1618 418 1690 458; x_wconf 81' lang='grc' dir='ltr'><em>καί</em></span> 
     </span>
     <span class='ocr_line' id='line_1_5' title="bbox 257 478 1688 540; baseline -0.002 -17"><span class='ocrx_word' id='word_1_30' title='bbox 257 481 474 534; x_wconf 74' lang='grc' dir='ltr'><em>Ῥωμαίων</em></span> <span class='ocrx_word' id='word_1_31' title='bbox 500 480 676 536; x_wconf 78' lang='grc' dir='ltr'><em>γεγονώς</em></span> <span class='ocrx_word' id='word_1_32' title='bbox 698 479 933 531; x_wconf 76' lang='grc' dir='ltr'><em>ἔνσπονδος.</em></span> <span class='ocrx_word' id='word_1_33' title='bbox 991 482 1041 523; x_wconf 79' lang='grc' dir='ltr'><em>οὕ</em></span> <span class='ocrx_word' id='word_1_34' title='bbox 1071 484 1208 540; x_wconf 73' lang='grc' dir='ltr'><em>πολλῷ</em></span> <span class='ocrx_word' id='word_1_35' title='bbox 1229 483 1265 523; x_wconf 90' lang='grc' dir='ltr'><em>δ’</em></span> <span class='ocrx_word' id='word_1_36' title='bbox 1288 478 1460 534; x_wconf 72' lang='grc' dir='ltr'><em>ὕστερον</em></span> <span class='ocrx_word' id='word_1_37' title='bbox 1486 478 1613 529; x_wconf 81' lang='grc' dir='ltr'><em>ἁλούς</em></span> <span class='ocrx_word' id='word_1_38' title='bbox 1632 480 1688 529; x_wconf 76' lang='grc' dir='ltr'><em>ὥς</em></span> 
     </span>
     <span class='ocr_line' id='line_1_6' title="bbox 264 543 1728 604; baseline -0.002 -15"><span class='ocrx_word' id='word_1_39' title='bbox 264 545 397 601; x_wconf 78' lang='grc' dir='ltr'><em>ῥέπων</em></span> <span class='ocrx_word' id='word_1_40' title='bbox 423 545 526 601; x_wconf 82' lang='grc' dir='ltr'><em>πρὸς</em></span> <span class='ocrx_word' id='word_1_41' title='bbox 553 544 598 589; x_wconf 86' lang='grc' dir='ltr'><em>τὸ</em></span> <span class='ocrx_word' id='word_1_42' title='bbox 621 545 835 603; x_wconf 80' lang='grc' dir='ltr'><em>ὁμόφυλον</em></span> <span class='ocrx_word' id='word_1_43' title='bbox 845 580 857 600; x_wconf 97' lang='grc'><em>,</em></span> <span class='ocrx_word' id='word_1_44' title='bbox 885 549 941 604; x_wconf 76' lang='grc' dir='ltr'><em>τῷ</em></span> <span class='ocrx_word' id='word_1_45' title='bbox 968 547 1111 602; x_wconf 87' lang='grc' dir='ltr'><em>πρόσω</em></span> <span class='ocrx_word' id='word_1_46' title='bbox 1138 545 1294 600; x_wconf 79' lang='grc' dir='ltr'><em>βαίνων</em></span> <span class='ocrx_word' id='word_1_47' title='bbox 1323 543 1392 587; x_wconf 77' lang='grc' dir='ltr'><em>διὰ</em></span> <span class='ocrx_word' id='word_1_48' title='bbox 1436 543 1585 594; x_wconf 86' lang='grc' dir='ltr'><em>παντὸς</em></span> <span class='ocrx_word' id='word_1_49' title='bbox 1618 545 1728 588; x_wconf 67' lang='grc' dir='ltr'><em>καὶὸ</em></span> 
     </span>
     <span class='ocr_line' id='line_1_7' title="bbox 217 606 1691 669; baseline -0.001 -14"><span class='ocrx_word' id='word_1_50' title='bbox 217 613 509 655; x_wconf 77' lang='grc' dir='ltr'><em>Βδυναστείαν</em></span> <span class='ocrx_word' id='word_1_51' title='bbox 536 609 669 669; x_wconf 74' lang='grc' dir='ltr'><em>ἑαυτῷ</em></span> <span class='ocrx_word' id='word_1_52' title='bbox 692 612 1030 668; x_wconf 81' lang='grc' dir='ltr'><em>μνηστευόμενος,</em></span> <span class='ocrx_word' id='word_1_53' title='bbox 1058 614 1226 668; x_wconf 77' lang='grc' dir='ltr'><em>φρουρᾷ</em></span> <span class='ocrx_word' id='word_1_54' title='bbox 1247 610 1541 666; x_wconf 75' lang='grc' dir='ltr'><em>παραδίδοται.</em></span> <span class='ocrx_word' id='word_1_55' title='bbox 1600 606 1691 653; x_wconf 83' lang='grc' dir='ltr'><em>εἶτα</em></span> 
     </span>
     <span class='ocr_line' id='line_1_8' title="bbox 260 674 1692 735; baseline -0.001 -16"><span class='ocrx_word' id='word_1_56' title='bbox 260 679 426 727; x_wconf 69' lang='grc' dir='ltr'><em>α’νεθείς</em></span> <span class='ocrx_word' id='word_1_57' title='bbox 447 676 518 720; x_wconf 79' lang='grc' dir='ltr'><em>καί</em></span> <span class='ocrx_word' id='word_1_58' title='bbox 544 678 706 726; x_wconf 74' lang='grc' dir='ltr'><em>σταλείς</em></span> <span class='ocrx_word' id='word_1_59' title='bbox 734 679 805 720; x_wconf 72' lang='grc' dir='ltr'><em>ἐπὶ</em></span> <span class='ocrx_word' id='word_1_60' title='bbox 831 680 888 735; x_wconf 71' lang='grc' dir='ltr'><em>τῷ</em></span> <span class='ocrx_word' id='word_1_61' title='bbox 915 680 1155 733; x_wconf 80' lang='grc' dir='ltr'><em>φρουρῆσαι</em></span> <span class='ocrx_word' id='word_1_62' title='bbox 1181 675 1258 732; x_wconf 73' lang='grc' dir='ltr'><em>τὴν</em></span> <span class='ocrx_word' id='word_1_63' title='bbox 1277 674 1591 731; x_wconf 76' lang='grc' dir='ltr'><em>Στρούμμιτζαν</em></span> <span class='ocrx_word' id='word_1_64' title='bbox 1619 678 1692 718; x_wconf 84' lang='grc' dir='ltr'><em>τὸν</em></span> 
     </span>
     <span class='ocr_line' id='line_1_9' title="bbox 257 740 1691 798; baseline -0.001 -14"><span class='ocrx_word' id='word_1_65' title='bbox 257 745 334 796; x_wconf 82' lang='grc' dir='ltr'><em>μὲν</em></span> <span class='ocrx_word' id='word_1_66' title='bbox 364 746 493 785; x_wconf 80' lang='grc' dir='ltr'><em>ἐκεῖσε</em></span> <span class='ocrx_word' id='word_1_67' title='bbox 520 741 767 798; x_wconf 86' lang='grc' dir='ltr'><em>πεπομφότα</em></span> <span class='ocrx_word' id='word_1_68' title='bbox 795 745 972 796; x_wconf 84' lang='grc' dir='ltr'><em>βασιλέα</em></span> <span class='ocrx_word' id='word_1_69' title='bbox 1001 745 1087 788; x_wconf 66' lang='grc' dir='ltr'><em>τῶν,</em></span> <span class='ocrx_word' id='word_1_70' title='bbox 1108 743 1286 785; x_wconf 67' lang='grc' dir='ltr'><em>ἑλπιδων</em></span> <span class='ocrx_word' id='word_1_71' title='bbox 1314 740 1535 796; x_wconf 76' lang='grc' dir='ltr'><em>ἐψεύσατο,</em></span> <span class='ocrx_word' id='word_1_72' title='bbox 1563 743 1616 797; x_wconf 82' lang='grc' dir='ltr'><em>τῇ</em></span> <span class='ocrx_word' id='word_1_73' title='bbox 1644 742 1691 783; x_wconf 82' lang='grc' dir='ltr'><em>δὲ</em></span> 
     </span>
     <span class='ocr_line' id='line_1_10' title="bbox 258 803 1690 864; baseline -0.003 -12"><span class='ocrx_word' id='word_1_74' title='bbox 258 806 397 864; x_wconf 75' lang='grc' dir='ltr'><em>γνώμῃ</em></span> <span class='ocrx_word' id='word_1_75' title='bbox 426 806 688 864; x_wconf 77' lang='grc' dir='ltr'><em>χρησάμενος</em></span> <span class='ocrx_word' id='word_1_76' title='bbox 714 803 764 862; x_wconf 84' lang='grc' dir='ltr'><em>ἦν</em></span> <span class='ocrx_word' id='word_1_77' title='bbox 789 813 872 857; x_wconf 76' lang='grc' dir='ltr'><em>τοῖς</em></span> <span class='ocrx_word' id='word_1_78' title='bbox 900 809 944 849; x_wconf 82' lang='grc' dir='ltr'><em>ἐκ</em></span> <span class='ocrx_word' id='word_1_79' title='bbox 966 805 1158 861; x_wconf 77' lang='grc' dir='ltr'><em>γειτόνων</em></span> <span class='ocrx_word' id='word_1_80' title='bbox 1178 805 1399 860; x_wconf 78' lang='grc' dir='ltr'><em>Ῥωμαίοις</em></span> <span class='ocrx_word' id='word_1_81' title='bbox 1416 807 1599 855; x_wconf 71' lang='grc' dir='ltr'><em>κάκεῖνος</em></span> <span class='ocrx_word' id='word_1_82' title='bbox 1616 823 1690 848; x_wconf 88' lang='grc' dir='ltr'><em>κα-</em></span> 
     </span>
     <span class='ocr_line' id='line_1_11' title="bbox 258 869 1754 929; baseline -0.003 -14"><span class='ocrx_word' id='word_1_83' title='bbox 258 872 328 915; x_wconf 85' lang='grc' dir='ltr'><em>κὸν</em></span> <span class='ocrx_word' id='word_1_84' title='bbox 355 874 643 929; x_wconf 79' lang='grc' dir='ltr'><em>α’δυσιόπητον.</em></span> <span class='ocrx_word' id='word_1_85' title='bbox 703 871 807 929; x_wconf 79' lang='grc' dir='ltr'><em>πρός</em></span> <span class='ocrx_word' id='word_1_86' title='bbox 837 875 981 915; x_wconf 82' lang='grc' dir='ltr'><em>τοῦτον</em></span> <span class='ocrx_word' id='word_1_87' title='bbox 1007 875 1145 915; x_wconf 79' lang='grc' dir='ltr'><em>τοίνυν</em></span> <span class='ocrx_word' id='word_1_88' title='bbox 1172 872 1401 927; x_wconf 80' lang='grc' dir='ltr'><em>ἐξορμήσας</em></span> <span class='ocrx_word' id='word_1_89' title='bbox 1433 871 1455 913; x_wconf 80' lang='grc' dir='ltr'>ὅ</span> <span class='ocrx_word' id='word_1_90' title='bbox 1490 869 1691 925; x_wconf 74' lang='grc' dir='ltr'><em>βασιλευς</em></span> <span class='ocrx_word' id='word_1_91' title='bbox 1709 884 1754 910; x_wconf 89' lang='grc' dir='ltr'><em>ιο</em></span> 
     </span>
     <span class='ocr_line' id='line_1_12' title="bbox 257 935 1692 993; baseline -0.001 -13"><span class='ocrx_word' id='word_1_92' title='bbox 257 941 330 980; x_wconf 84' lang='grc' dir='ltr'>καί</span> <span class='ocrx_word' id='word_1_93' title='bbox 356 937 595 992; x_wconf 78' lang='grc' dir='ltr'><em>στράτευμα</em></span> <span class='ocrx_word' id='word_1_94' title='bbox 624 937 765 981; x_wconf 80' lang='grc' dir='ltr'><em>ἱκανὸν</em></span> <span class='ocrx_word' id='word_1_95' title='bbox 793 940 836 987; x_wconf 78' lang='grc' dir='ltr'><em>ἐς</em></span> <span class='ocrx_word' id='word_1_96' title='bbox 864 937 917 979; x_wconf 83' lang='grc' dir='ltr'><em>τοὶ</em></span> <span class='ocrx_word' id='word_1_97' title='bbox 950 937 1159 991; x_wconf 81' lang='grc' dir='ltr'><em>Κύψελλα</em></span> <span class='ocrx_word' id='word_1_98' title='bbox 1187 936 1421 993; x_wconf 73' lang='grc' dir='ltr'><em>ἤθροικώς,</em></span> <span class='ocrx_word' id='word_1_99' title='bbox 1459 935 1561 990; x_wconf 74' lang='grc' dir='ltr'><em>μετὰ</em></span> <span class='ocrx_word' id='word_1_100' title='bbox 1588 941 1692 992; x_wconf 89' lang='grc' dir='ltr'><em>βρα-</em></span> 
     </span>
     <span class='ocr_line' id='line_1_13' title="bbox 255 1000 1693 1060; baseline 0.001 -15"><span class='ocrx_word' id='word_1_101' title='bbox 255 1003 312 1058; x_wconf 79' lang='grc' dir='ltr'>χὺ</span> <span class='ocrx_word' id='word_1_102' title='bbox 344 1003 527 1052; x_wconf 80' lang='grc' dir='ltr'><em>α’ποστάς</em></span> <span class='ocrx_word' id='word_1_103' title='bbox 568 1007 642 1058; x_wconf 76' lang='grc' dir='ltr'><em>τῆς</em></span> <span class='ocrx_word' id='word_1_104' title='bbox 681 1005 916 1058; x_wconf 77' lang='grc' dir='ltr'><em>προθέσεως</em></span> <span class='ocrx_word' id='word_1_105' title='bbox 959 1005 1040 1060; x_wconf 76' lang='grc' dir='ltr'><em>ἐρᾷ</em></span> <span class='ocrx_word' id='word_1_106' title='bbox 1078 1002 1303 1055; x_wconf 82' lang='grc' dir='ltr'><em>ἐπανόδου,</em></span> <span class='ocrx_word' id='word_1_107' title='bbox 1351 1000 1407 1052; x_wconf 75' lang='grc' dir='ltr'><em>ὥς</em></span> <span class='ocrx_word' id='word_1_108' title='bbox 1449 1002 1582 1057; x_wconf 82' lang='grc' dir='ltr'><em>μάτην</em></span> <span class='ocrx_word' id='word_1_109' title='bbox 1614 1005 1693 1056; x_wconf 82' lang='grc' dir='ltr'><em>μὲν</em></span> 
     </span>
     <span class='ocr_line' id='line_1_14' title="bbox 257 1068 1692 1125; baseline -0.001 -13"><span class='ocrx_word' id='word_1_110' title='bbox 257 1072 348 1112; x_wconf 77' lang='grc' dir='ltr'><em>ἐκεῖ</em></span> <span class='ocrx_word' id='word_1_111' title='bbox 371 1085 449 1110; x_wconf 88' lang='grc' dir='ltr'><em>που</em></span> <span class='ocrx_word' id='word_1_112' title='bbox 477 1069 551 1124; x_wconf 81' lang='grc' dir='ltr'><em>τὴν</em></span> <span class='ocrx_word' id='word_1_113' title='bbox 578 1068 784 1125; x_wconf 74' lang='grc' dir='ltr'><em>στρατιάν</em></span> <span class='ocrx_word' id='word_1_114' title='bbox 812 1071 1058 1124; x_wconf 73' lang='grc' dir='ltr'><em>ἁλισθῆναι,</em></span> <span class='ocrx_word' id='word_1_115' title='bbox 1090 1071 1256 1118; x_wconf 66' lang='grc' dir='ltr'><em>εἰκαίως</em></span> <span class='ocrx_word' id='word_1_116' title='bbox 1286 1071 1330 1111; x_wconf 85' lang='grc' dir='ltr'><em>δὲ</em></span> <span class='ocrx_word' id='word_1_117' title='bbox 1358 1069 1430 1110; x_wconf 87' lang='grc' dir='ltr'><strong><em>καί</em></strong></span> <span class='ocrx_word' id='word_1_118' title='bbox 1458 1069 1583 1111; x_wconf 72' lang='grc' dir='ltr'><em>αὐτὸν</em></span> <span class='ocrx_word' id='word_1_119' title='bbox 1615 1069 1692 1123; x_wconf 76' lang='grc' dir='ltr'><em>τὴν</em></span> 
     </span>
     <span class='ocr_line' id='line_1_15' title="bbox 258 1131 1692 1190; baseline -0.003 -12"><span class='ocrx_word' id='word_1_120' title='bbox 258 1136 301 1185; x_wconf 79' lang='grc' dir='ltr'><em>ἐς</em></span> <span class='ocrx_word' id='word_1_121' title='bbox 330 1134 380 1177; x_wconf 71' lang='grc' dir='ltr'><em>τά</em></span> <span class='ocrx_word' id='word_1_122' title='bbox 414 1133 617 1188; x_wconf 78' lang='grc' dir='ltr'><em>Κύψελλα</em></span> <span class='ocrx_word' id='word_1_123' title='bbox 645 1137 815 1189; x_wconf 88' lang='grc' dir='ltr'><em>πορειάν</em></span> <span class='ocrx_word' id='word_1_124' title='bbox 842 1134 1027 1180; x_wconf 72' lang='grc' dir='ltr'><em>ἑλέσθαι.</em></span> <span class='ocrx_word' id='word_1_125' title='bbox 1085 1136 1231 1176; x_wconf 80' lang='grc' dir='ltr'><em>ου’κοῧν</em></span> <span class='ocrx_word' id='word_1_126' title='bbox 1260 1134 1313 1176; x_wconf 81' lang='grc' dir='ltr'><em>τὰ</em></span> <span class='ocrx_word' id='word_1_127' title='bbox 1343 1133 1442 1176; x_wconf 71' lang='grc' dir='ltr'><em>κατὰ</em></span> <span class='ocrx_word' id='word_1_128' title='bbox 1473 1132 1544 1190; x_wconf 75' lang='grc' dir='ltr'><em>την</em></span> <span class='ocrx_word' id='word_1_129' title='bbox 1570 1131 1692 1177; x_wconf 74' lang='grc' dir='ltr'><em>ἑσπέ-</em></span> 
     </span>
     <span class='ocr_line' id='line_1_16' title="bbox 260 1197 1756 1256; baseline -0.001 -14"><span class='ocrx_word' id='word_1_130' title='bbox 260 1216 339 1254; x_wconf 88' lang='grc' dir='ltr'><em>ραν</em></span> <span class='ocrx_word' id='word_1_131' title='bbox 366 1199 550 1255; x_wconf 80' lang='grc' dir='ltr'><em>ιίφεικώς</em></span> <span class='ocrx_word' id='word_1_132' title='bbox 582 1202 791 1255; x_wconf 74' lang='grc' dir='ltr'><em>φέρεσθαι</em></span> <span class='ocrx_word' id='word_1_133' title='bbox 821 1201 878 1249; x_wconf 75' lang='grc' dir='ltr'><em>ὥς</em></span> <span class='ocrx_word' id='word_1_134' title='bbox 906 1201 1049 1256; x_wconf 81' lang='grc' dir='ltr'><em>πρώην</em></span> <span class='ocrx_word' id='word_1_135' title='bbox 1078 1197 1191 1254; x_wconf 81' lang='grc' dir='ltr'><em>εἶχον</em></span> <span class='ocrx_word' id='word_1_136' title='bbox 1219 1203 1291 1242; x_wconf 85' lang='grc' dir='ltr'><strong><em>καί</em></strong></span> <span class='ocrx_word' id='word_1_137' title='bbox 1321 1199 1524 1254; x_wconf 82' lang='grc' dir='ltr'><em>ἔπασχον,</em></span> <span class='ocrx_word' id='word_1_138' title='bbox 1567 1202 1610 1249; x_wconf 84' lang='grc' dir='ltr'><em>ἐς</em></span> <span class='ocrx_word' id='word_1_139' title='bbox 1643 1200 1689 1243; x_wconf 83' lang='grc' dir='ltr'><em>τό</em></span> <span class='ocrx_word' id='word_1_140' title='bbox 1711 1201 1756 1242; x_wconf 82' lang='lat'><em>15</em></span> 
     </span>
     <span class='ocr_line' id='line_1_17' title="bbox 259 1263 1694 1321; baseline 0.001 -14"><span class='ocrx_word' id='word_1_141' title='bbox 259 1266 491 1316; x_wconf 78' lang='grc' dir='ltr'><em>Βυζάντιον</em></span> <span class='ocrx_word' id='word_1_142' title='bbox 518 1266 761 1316; x_wconf 79' lang='grc' dir='ltr'><em>ἑπανέζευξε</em></span> <span class='ocrx_word' id='word_1_143' title='bbox 785 1269 892 1320; x_wconf 85' lang='grc' dir='ltr'><em>μηδὲ</em></span> <span class='ocrx_word' id='word_1_144' title='bbox 921 1265 997 1307; x_wconf 77' lang='grc' dir='ltr'><em>δύο</em></span> <span class='ocrx_word' id='word_1_145' title='bbox 1037 1268 1172 1320; x_wconf 81' lang='grc' dir='ltr'><em>μῆνας</em></span> <span class='ocrx_word' id='word_1_146' title='bbox 1211 1263 1494 1318; x_wconf 84' lang='grc' dir='ltr'><em>α’νασχόμενος</em></span> <span class='ocrx_word' id='word_1_147' title='bbox 1528 1269 1694 1321; x_wconf 75' lang='grc' dir='ltr'><em>θυραυ-</em></span> 
     </span>
     <span class='ocr_line' id='line_1_18' title="bbox 260 1329 1695 1387; baseline 0 -15"><span class='ocrx_word' id='word_1_148' title='bbox 260 1331 399 1385; x_wconf 77' lang='grc' dir='ltr'><em>λῆσαι.</em></span> <span class='ocrx_word' id='word_1_149' title='bbox 456 1331 527 1371; x_wconf 85' lang='grc' dir='ltr'><strong><em>καί</em></strong></span> <span class='ocrx_word' id='word_1_150' title='bbox 555 1329 576 1370; x_wconf 81' lang='grc' dir='ltr'>ὅ</span> <span class='ocrx_word' id='word_1_151' title='bbox 598 1331 675 1382; x_wconf 82' lang='grc' dir='ltr'><em>μὲν</em></span> <span class='ocrx_word' id='word_1_152' title='bbox 703 1335 789 1379; x_wconf 80' lang='grc' dir='ltr'><em>τοῖς</em></span> <span class='ocrx_word' id='word_1_153' title='bbox 819 1329 923 1373; x_wconf 71' lang='grc' dir='ltr'><em>κατα</em></span> <span class='ocrx_word' id='word_1_154' title='bbox 955 1330 1030 1385; x_wconf 80' lang='grc' dir='ltr'><em>τῆν</em></span> <span class='ocrx_word' id='word_1_155' title='bbox 1051 1330 1295 1387; x_wconf 80' lang='grc' dir='ltr'><em>Ἀφάμειαν</em></span> <span class='ocrx_word' id='word_1_156' title='bbox 1320 1332 1545 1384; x_wconf 78' lang='grc' dir='ltr'><em>βασιλείοις</em></span> <span class='ocrx_word' id='word_1_157' title='bbox 1572 1333 1695 1373; x_wconf 77' lang='grc' dir='ltr'><em>ἐναυ-</em></span> 
     </span>
     <span class='ocr_line' id='line_1_19' title="bbox 260 1393 1695 1452; baseline 0.001 -15"><span class='ocrx_word' id='word_1_158' title='bbox 260 1394 481 1448; x_wconf 84' lang='grc' dir='ltr'><em>λισάμενος</em></span> <span class='ocrx_word' id='word_1_159' title='bbox 507 1393 553 1436; x_wconf 84' lang='grc' dir='ltr'><em>τὸ</em></span> <span class='ocrx_word' id='word_1_160' title='bbox 589 1395 840 1438; x_wconf 81' lang='grc' dir='ltr'><em>Φιλοπάτιον</em></span> <span class='ocrx_word' id='word_1_161' title='bbox 869 1394 1016 1438; x_wconf 82' lang='grc' dir='ltr'><em>ἔπειτα</em></span> <span class='ocrx_word' id='word_1_162' title='bbox 1048 1394 1312 1452; x_wconf 79' lang='grc' dir='ltr'><em>κατειλήφει·</em></span> <span class='ocrx_word' id='word_1_163' title='bbox 1370 1396 1396 1451; x_wconf 78' lang='grc' dir='ltr'><em>ἦ</em></span> <span class='ocrx_word' id='word_1_164' title='bbox 1427 1398 1474 1438; x_wconf 86' lang='grc' dir='ltr'><em>δέ</em></span> <span class='ocrx_word' id='word_1_165' title='bbox 1500 1411 1545 1450; x_wconf 77' lang='grc' dir='ltr'><em>γε</em></span> <span class='ocrx_word' id='word_1_166' title='bbox 1571 1400 1695 1450; x_wconf 87' lang='grc' dir='ltr'><em>βασι-</em></span> 
     </span>
     <span class='ocr_line' id='line_1_20' title="bbox 135 1456 1693 1518; baseline -0.001 -15"><span class='ocrx_word' id='word_1_167' title='bbox 135 1459 325 1508; x_wconf 77' lang='grc' dir='ltr'><em>Ρ.3ι5λι“ς</em></span> <span class='ocrx_word' id='word_1_168' title='bbox 353 1456 607 1515; x_wconf 74' lang='grc' dir='ltr'><em>Εὖφροσύνη</em></span> <span class='ocrx_word' id='word_1_169' title='bbox 636 1462 906 1516; x_wconf 73' lang='grc' dir='ltr'><em>συναθροῦσα</em></span> <span class='ocrx_word' id='word_1_170' title='bbox 934 1461 990 1516; x_wconf 75' lang='grc' dir='ltr'><em>τῷ</em></span> <span class='ocrx_word' id='word_1_171' title='bbox 1023 1462 1078 1518; x_wconf 75' lang='grc' dir='ltr'><em>νῷ</em></span> <span class='ocrx_word' id='word_1_172' title='bbox 1115 1460 1187 1502; x_wconf 83' lang='grc' dir='ltr'><strong><em>καί</em></strong></span> <span class='ocrx_word' id='word_1_173' title='bbox 1224 1459 1572 1514; x_wconf 80' lang='grc' dir='ltr'><em>συλλαμβάνουσα</em></span> <span class='ocrx_word' id='word_1_174' title='bbox 1613 1459 1693 1503; x_wconf 75' lang='grc' dir='ltr'><em>ὅσα</em></span> 
     </span>
     <span class='ocr_line' id='line_1_21' title="bbox 263 1524 1758 1581; baseline 0.001 -15"><span class='ocrx_word' id='word_1_175' title='bbox 263 1527 493 1579; x_wconf 70' lang='grc' dir='ltr'><em>κατερρέθη</em></span> <span class='ocrx_word' id='word_1_176' title='bbox 523 1525 678 1578; x_wconf 62' lang='grc' dir='ltr'><em>αὐτῆς,</em></span> <span class='ocrx_word' id='word_1_177' title='bbox 708 1527 781 1567; x_wconf 86' lang='grc' dir='ltr'><em>καί</em></span> <span class='ocrx_word' id='word_1_178' title='bbox 807 1527 1017 1567; x_wconf 76' lang='grc' dir='ltr'><em>δεδοικυῖα</em></span> <span class='ocrx_word' id='word_1_179' title='bbox 1045 1526 1117 1567; x_wconf 88' lang='grc' dir='ltr'><em>τὸν</em></span> <span class='ocrx_word' id='word_1_180' title='bbox 1148 1525 1416 1580; x_wconf 82' lang='grc' dir='ltr'><em>σύλλεκτρον,</em></span> <span class='ocrx_word' id='word_1_181' title='bbox 1446 1524 1522 1575; x_wconf 74' lang='grc' dir='ltr'><em>τιὶς</em></span> <span class='ocrx_word' id='word_1_182' title='bbox 1547 1532 1695 1581; x_wconf 80' lang='grc' dir='ltr'><em>χεῖρας</em></span> <span class='ocrx_word' id='word_1_183' title='bbox 1707 1543 1758 1568; x_wconf 75' lang='lat' dir='ltr'><em>ao</em></span> 
     </span>
     <span class='ocr_line' id='line_1_22' title="bbox 129 1584 1696 1649; baseline 0.003 -21"><span class='ocrx_word' id='word_1_184' title='bbox 129 1593 252 1638; x_wconf 84' lang='lat' dir='ltr'><strong>V.259</strong></span> <span class='ocrx_word' id='word_1_185' title='bbox 264 1589 367 1645; x_wconf 79' lang='grc' dir='ltr'><em>πρὸς</em></span> <span class='ocrx_word' id='word_1_186' title='bbox 397 1587 579 1639; x_wconf 81' lang='grc' dir='ltr'><em>ἅπαντας</em></span> <span class='ocrx_word' id='word_1_187' title='bbox 600 1584 753 1644; x_wconf 71' lang='grc' dir='ltr'><em>ὤρεγεν</em></span> <span class='ocrx_word' id='word_1_188' title='bbox 780 1592 942 1646; x_wconf 78' lang='grc' dir='ltr'><em>ἐλεεινῷ</em></span> <span class='ocrx_word' id='word_1_189' title='bbox 971 1592 1042 1631; x_wconf 85' lang='grc' dir='ltr'><strong><em>καί</em></strong></span> <span class='ocrx_word' id='word_1_190' title='bbox 1073 1591 1364 1649; x_wconf 80' lang='grc' dir='ltr'><em>α’πεσβεσμένῳ</em></span> <span class='ocrx_word' id='word_1_191' title='bbox 1406 1585 1580 1644; x_wconf 69' lang='grc' dir='ltr'><em>ὄμματι,</em></span> <span class='ocrx_word' id='word_1_192' title='bbox 1625 1591 1696 1633; x_wconf 84' lang='grc' dir='ltr'><strong><em>καί</em></strong></span> 
     </span>
     <span class='ocr_line' id='line_1_23' title="bbox 263 1653 1701 1712; baseline 0.002 -16"><span class='ocrx_word' id='word_1_193' title='bbox 263 1653 461 1710; x_wconf 79' lang='grc' dir='ltr'><em>ἠντιβόλει</em></span> <span class='ocrx_word' id='word_1_194' title='bbox 491 1653 589 1704; x_wconf 79' lang='grc' dir='ltr'><em>τούς</em></span> <span class='ocrx_word' id='word_1_195' title='bbox 617 1654 729 1711; x_wconf 78' lang='grc' dir='ltr'><em>παρὰ</em></span> <span class='ocrx_word' id='word_1_196' title='bbox 768 1658 937 1708; x_wconf 86' lang='grc' dir='ltr'><em>βασιλεῖ</em></span> <span class='ocrx_word' id='word_1_197' title='bbox 970 1657 1220 1711; x_wconf 68' lang='grc' dir='ltr'><em>πεποίθησιν</em></span> <span class='ocrx_word' id='word_1_198' title='bbox 1259 1655 1427 1709; x_wconf 80' lang='grc' dir='ltr'><em>ἔχοντας</em></span> <span class='ocrx_word' id='word_1_199' title='bbox 1468 1659 1701 1712; x_wconf 72' lang='grc' dir='ltr'><em>προστῆναί</em></span> 
     </span>
     <span class='ocr_line' id='line_1_24' title="bbox 264 1717 1694 1776; baseline 0 -13"><span class='ocrx_word' id='word_1_200' title='bbox 264 1735 308 1763; x_wconf 83' lang='grc' dir='ltr'><em>τε</em></span> <span class='ocrx_word' id='word_1_201' title='bbox 339 1719 467 1775; x_wconf 76' lang='grc' dir='ltr'><em>αὐτῆς</em></span> <span class='ocrx_word' id='word_1_202' title='bbox 493 1718 566 1761; x_wconf 85' lang='grc' dir='ltr'><strong><em>καί</em></strong></span> <span class='ocrx_word' id='word_1_203' title='bbox 589 1717 638 1763; x_wconf 80' lang='grc' dir='ltr'><em>τὰ</em></span> <span class='ocrx_word' id='word_1_204' title='bbox 677 1719 832 1762; x_wconf 84' lang='grc' dir='ltr'><em>δυνατοὶ</em></span> <span class='ocrx_word' id='word_1_205' title='bbox 862 1719 1237 1776; x_wconf 73' lang='grc' dir='ltr'><em>ὖπερφθέγξασθαι</em></span> <span class='ocrx_word' id='word_1_206' title='bbox 1278 1722 1331 1763; x_wconf 82' lang='grc' dir='ltr'><em>ου’</em></span> <span class='ocrx_word' id='word_1_207' title='bbox 1365 1720 1491 1774; x_wconf 89' lang='grc' dir='ltr'><em>μόνον</em></span> <span class='ocrx_word' id='word_1_208' title='bbox 1535 1723 1694 1775; x_wconf 73' lang='grc' dir='ltr'><em>α’τᾴιως</em></span> 
     </span>
    </p>
   </div>
   <div class='ocr_carea' id='block_1_3' title="bbox 357 1833 1693 1976">
    <p class='ocr_par' dir='ltr' id='par_1_3' title="bbox 357 1833 1693 1976">
     <span class='ocr_line' id='line_1_25' title="bbox 357 1833 1693 1883; baseline 0.001 -14"><span class='ocrx_word' id='word_1_209' title='bbox 357 1836 390 1869; x_wconf 89' lang='grc'><em>5.</em></span> <span class='ocrx_word' id='word_1_210' title='bbox 418 1833 483 1882; x_wconf 68' lang='grc' dir='ltr'><em>τῷ]</em></span> <span class='ocrx_word' id='word_1_211' title='bbox 510 1835 572 1877; x_wconf 77' lang='grc' dir='ltr'><em>τῆς</em></span> <span class='ocrx_word' id='word_1_212' title='bbox 595 1847 638 1880; x_wconf 81' lang='lat' dir='ltr'>pr</span> <span class='ocrx_word' id='word_1_213' title='bbox 663 1837 703 1871; x_wconf 89' lang='lat' dir='ltr'><em>A.</em></span> <span class='ocrx_word' id='word_1_214' title='bbox 851 1837 886 1871; x_wconf 87' lang='lat'><em>6.</em></span> <span class='ocrx_word' id='word_1_215' title='bbox 911 1834 1002 1883; x_wconf 76' lang='grc' dir='ltr'><em>εἶτα]</em></span> <span class='ocrx_word' id='word_1_216' title='bbox 1027 1836 1170 1883; x_wconf 74' lang='grc' dir='ltr'><em>ὀμόσας</em></span> <span class='ocrx_word' id='word_1_217' title='bbox 1199 1836 1407 1871; x_wconf 69' lang='grc' dir='ltr'><em>ἀπολύεται</em></span> <span class='ocrx_word' id='word_1_218' title='bbox 1438 1840 1502 1879; x_wconf 71' lang='grc' dir='ltr'><em>τῆς</em></span> <span class='ocrx_word' id='word_1_219' title='bbox 1526 1838 1693 1882; x_wconf 69' lang='grc' dir='ltr'><em>φυλακῆς</em></span> 
     </span>
     <span class='ocr_line' id='line_1_26' title="bbox 357 1880 1692 1930; baseline 0.004 -16"><span class='ocrx_word' id='word_1_220' title='bbox 357 1882 421 1915; x_wconf 76' lang='grc' dir='ltr'><em>καὶ</em></span> <span class='ocrx_word' id='word_1_221' title='bbox 475 1883 527 1918; x_wconf 83' lang='grc' dir='ltr'><em>εἰς</em></span> <span class='ocrx_word' id='word_1_222' title='bbox 578 1880 618 1915; x_wconf 77' lang='grc' dir='ltr'><em>τό</em></span> <span class='ocrx_word' id='word_1_223' title='bbox 665 1882 954 1927; x_wconf 83' lang='grc' dir='ltr'><em>κεφαλαττίκιον</em></span> <span class='ocrx_word' id='word_1_224' title='bbox 998 1883 1062 1924; x_wconf 79' lang='grc' dir='ltr'><em>τῆς</em></span> <span class='ocrx_word' id='word_1_225' title='bbox 1106 1885 1379 1929; x_wconf 75' lang='grc' dir='ltr'><em>στρουμπίτζης</em></span> <span class='ocrx_word' id='word_1_226' title='bbox 1423 1887 1611 1930; x_wconf 73' lang='grc' dir='ltr'><em>πέμπεται</em></span> <span class='ocrx_word' id='word_1_227' title='bbox 1654 1885 1692 1919; x_wconf 85' lang='grc' dir='ltr'><em>Β.</em></span> 
     </span>
     <span class='ocr_line' id='line_1_27' title="bbox 364 1923 1306 1976; baseline -0.001 -14"><span class='ocrx_word' id='word_1_228' title='bbox 364 1929 413 1962; x_wconf 83' lang='lat'><em>16.</em></span> <span class='ocrx_word' id='word_1_229' title='bbox 438 1926 712 1976; x_wconf 66' lang='grc' dir='ltr'><em>ἀνασχόμενος]</em></span> <span class='ocrx_word' id='word_1_230' title='bbox 739 1930 791 1966; x_wconf 82' lang='grc' dir='ltr'><em>εἰς</em></span> <span class='ocrx_word' id='word_1_231' title='bbox 813 1923 855 1962; x_wconf 81' lang='grc' dir='ltr'><em>τὸ</em></span> <span class='ocrx_word' id='word_1_232' title='bbox 874 1928 1060 1968; x_wconf 83' lang='grc' dir='ltr'><em>ταξείδιον</em></span> <span class='ocrx_word' id='word_1_233' title='bbox 1085 1930 1247 1972; x_wconf 74' lang='grc' dir='ltr'><em>ποιήσας</em></span> <span class='ocrx_word' id='word_1_234' title='bbox 1270 1931 1306 1961; x_wconf 88' lang='grc' dir='ltr'><em>Β.</em></span> 
     </span>
    </p>
   </div>
   <div class='ocr_carea' id='block_1_4' title="bbox 269 2035 1725 2773">
    <p class='ocr_par' dir='ltr' id='par_1_4' title="bbox 269 2035 1725 2773">
     <span class='ocr_line' id='line_1_28' title="bbox 270 2035 1694 2080; baseline 0.001 -13"><span class='ocrx_word' id='word_1_235' title='bbox 270 2035 378 2075; x_wconf 79' lang='lat' dir='ltr'>chus,</span> <span class='ocrx_word' id='word_1_236' title='bbox 401 2046 528 2079; x_wconf 84' lang='lat' dir='ltr'>parvae</span> <span class='ocrx_word' id='word_1_237' title='bbox 555 2040 706 2068; x_wconf 86' lang='lat' dir='ltr'>staturae</span> <span class='ocrx_word' id='word_1_238' title='bbox 735 2035 862 2076; x_wconf 88' lang='lat' dir='ltr'>homo,</span> <span class='ocrx_word' id='word_1_239' title='bbox 891 2037 952 2080; x_wconf 84' lang='lat' dir='ltr'>qui</span> <span class='ocrx_word' id='word_1_240' title='bbox 988 2038 1024 2069; x_wconf 90' lang='lat' dir='ltr'><em>in</em></span> <span class='ocrx_word' id='word_1_241' title='bbox 1051 2037 1143 2069; x_wconf 87' lang='lat' dir='ltr'>Petri</span> <span class='ocrx_word' id='word_1_242' title='bbox 1178 2042 1213 2069; x_wconf 84' lang='lat' dir='ltr'>et</span> <span class='ocrx_word' id='word_1_243' title='bbox 1240 2037 1361 2069; x_wconf 81' lang='lat' dir='ltr'>Asanis</span> <span class='ocrx_word' id='word_1_244' title='bbox 1398 2036 1633 2070; x_wconf 79' lang='lat' dir='ltr'>desectionem</span> <span class='ocrx_word' id='word_1_245' title='bbox 1674 2048 1694 2069; x_wconf 80' lang='lat' dir='ltr'>a</span> 
     </span>
     <span class='ocr_line' id='line_1_29' title="bbox 270 2082 1693 2126; baseline 0.001 -12"><span class='ocrx_word' id='word_1_246' title='bbox 270 2082 432 2114; x_wconf 82' lang='lat' dir='ltr'>Romanis</span> <span class='ocrx_word' id='word_1_247' title='bbox 458 2093 529 2114; x_wconf 87' lang='lat' dir='ltr'><em>non</em></span> <span class='ocrx_word' id='word_1_248' title='bbox 552 2087 788 2123; x_wconf 76' lang='lat' dir='ltr'>consenserat,</span> <span class='ocrx_word' id='word_1_249' title='bbox 813 2093 853 2114; x_wconf 85' lang='lat' dir='ltr'><em>ac</em></span> <span class='ocrx_word' id='word_1_250' title='bbox 869 2084 986 2126; x_wconf 89' lang='lat' dir='ltr'>potius</span> <span class='ocrx_word' id='word_1_251' title='bbox 1001 2083 1143 2116; x_wconf 87' lang='lat' dir='ltr'>foedere</span> <span class='ocrx_word' id='word_1_252' title='bbox 1162 2094 1237 2115; x_wconf 87' lang='lat' dir='ltr'><em>cum</em></span> <span class='ocrx_word' id='word_1_253' title='bbox 1253 2083 1412 2116; x_wconf 82' lang='lat' dir='ltr'>Romanis</span> <span class='ocrx_word' id='word_1_254' title='bbox 1434 2084 1504 2116; x_wconf 89' lang='lat' dir='ltr'>icto</span> <span class='ocrx_word' id='word_1_255' title='bbox 1528 2094 1605 2116; x_wconf 87' lang='lat' dir='ltr'><em>cum</em></span> <span class='ocrx_word' id='word_1_256' title='bbox 1621 2083 1693 2115; x_wconf 89' lang='lat' dir='ltr'>suis</span> 
     </span>
     <span class='ocr_line' id='line_1_30' title="bbox 269 2127 1694 2173; baseline 0.001 -15"><span class='ocrx_word' id='word_1_257' title='bbox 269 2128 301 2159; x_wconf 89' lang='lat' dir='ltr'>D</span> <span class='ocrx_word' id='word_1_258' title='bbox 329 2127 498 2159; x_wconf 74' lang='lat' dir='ltr'>militibus</span> <span class='ocrx_word' id='word_1_259' title='bbox 525 2139 618 2160; x_wconf 83' lang='lat' dir='ltr'>arma</span> <span class='ocrx_word' id='word_1_260' title='bbox 645 2129 693 2161; x_wconf 89' lang='lat' dir='ltr'>eis</span> <span class='ocrx_word' id='word_1_261' title='bbox 716 2129 902 2161; x_wconf 82' lang='lat' dir='ltr'>inferebat.</span> <span class='ocrx_word' id='word_1_262' title='bbox 930 2129 992 2162; x_wconf 88' lang='lat' dir='ltr'><em>sed</em></span> <span class='ocrx_word' id='word_1_263' title='bbox 1018 2141 1090 2161; x_wconf 90' lang='lat' dir='ltr'><em>non</em></span> <span class='ocrx_word' id='word_1_264' title='bbox 1115 2130 1226 2162; x_wconf 79' lang='lat' dir='ltr'>multo</span> <span class='ocrx_word' id='word_1_265' title='bbox 1252 2136 1333 2173; x_wconf 85' lang='lat' dir='ltr'>post</span> <span class='ocrx_word' id='word_1_266' title='bbox 1357 2135 1478 2173; x_wconf 82' lang='lat' dir='ltr'>captus</span> <span class='ocrx_word' id='word_1_267' title='bbox 1496 2135 1536 2162; x_wconf 86' lang='lat' dir='ltr'>ut</span> <span class='ocrx_word' id='word_1_268' title='bbox 1559 2129 1603 2161; x_wconf 86' lang='lat' dir='ltr'><em>ad</em></span> <span class='ocrx_word' id='word_1_269' title='bbox 1627 2139 1694 2173; x_wconf 87' lang='lat' dir='ltr'><em>po-</em></span> 
     </span>
     <span class='ocr_line' id='line_1_31' title="bbox 269 2174 1692 2220; baseline 0.001 -16"><span class='ocrx_word' id='word_1_270' title='bbox 269 2174 410 2216; x_wconf 80' lang='lat' dir='ltr'>pulares</span> <span class='ocrx_word' id='word_1_271' title='bbox 437 2184 518 2205; x_wconf 88' lang='lat' dir='ltr'>suos</span> <span class='ocrx_word' id='word_1_272' title='bbox 543 2174 735 2214; x_wconf 85' lang='lat' dir='ltr'>inclinans,</span> <span class='ocrx_word' id='word_1_273' title='bbox 771 2174 867 2218; x_wconf 87' lang='lat' dir='ltr'>quod</span> <span class='ocrx_word' id='word_1_274' title='bbox 893 2181 1065 2220; x_wconf 85' lang='lat' dir='ltr'>perpetuo</span> <span class='ocrx_word' id='word_1_275' title='bbox 1089 2175 1361 2219; x_wconf 77' lang='lat' dir='ltr'><strong>progrederetur</strong></span> <span class='ocrx_word' id='word_1_276' title='bbox 1390 2181 1427 2208; x_wconf 88' lang='lat' dir='ltr'>et</span> <span class='ocrx_word' id='word_1_277' title='bbox 1457 2175 1692 2219; x_wconf 82' lang='lat' dir='ltr'>principatum</span> 
     </span>
     <span class='ocr_line' id='line_1_32' title="bbox 271 2219 1694 2262; baseline 0.001 -12"><span class='ocrx_word' id='word_1_278' title='bbox 271 2219 337 2251; x_wconf 82' lang='lat' dir='ltr'>sibi</span> <span class='ocrx_word' id='word_1_279' title='bbox 353 2230 474 2262; x_wconf 81' lang='lat' dir='ltr'>parare</span> <span class='ocrx_word' id='word_1_280' title='bbox 501 2220 685 2261; x_wconf 82' lang='lat' dir='ltr'>niteretur,</span> <span class='ocrx_word' id='word_1_281' title='bbox 710 2221 748 2252; x_wconf 88' lang='lat' dir='ltr'><em>in</em></span> <span class='ocrx_word' id='word_1_282' title='bbox 773 2221 965 2253; x_wconf 85' lang='lat' dir='ltr'>custodiam</span> <span class='ocrx_word' id='word_1_283' title='bbox 991 2221 1103 2254; x_wconf 81' lang='lat' dir='ltr'>datur.</span> <span class='ocrx_word' id='word_1_284' title='bbox 1130 2221 1259 2254; x_wconf 85' lang='lat' dir='ltr'>deinde</span> <span class='ocrx_word' id='word_1_285' title='bbox 1283 2222 1417 2254; x_wconf 88' lang='lat' dir='ltr'>solutus</span> <span class='ocrx_word' id='word_1_286' title='bbox 1439 2227 1474 2253; x_wconf 88' lang='lat' dir='ltr'>et</span> <span class='ocrx_word' id='word_1_287' title='bbox 1497 2220 1541 2252; x_wconf 88' lang='lat' dir='ltr'><em>ad</em></span> <span class='ocrx_word' id='word_1_288' title='bbox 1557 2221 1694 2253; x_wconf 85' lang='lat' dir='ltr'>Strum-</span> 
     </span>
     <span class='ocr_line' id='line_1_33' title="bbox 270 2264 1694 2312; baseline 0.002 -16"><span class='ocrx_word' id='word_1_289' title='bbox 270 2265 392 2297; x_wconf 68' lang='lat' dir='ltr'>wizam</span> <span class='ocrx_word' id='word_1_290' title='bbox 417 2264 581 2297; x_wconf 85' lang='lat' dir='ltr'>tuendam</span> <span class='ocrx_word' id='word_1_291' title='bbox 605 2268 728 2300; x_wconf 83' lang='lat' dir='ltr'>missus</span> <span class='ocrx_word' id='word_1_292' title='bbox 760 2267 979 2310; x_wconf 72' lang='lat' dir='ltr'>imperatorIS</span> <span class='ocrx_word' id='word_1_293' title='bbox 1005 2279 1103 2312; x_wconf 84' lang='lat' dir='ltr'>spem</span> <span class='ocrx_word' id='word_1_294' title='bbox 1127 2267 1280 2307; x_wconf 80' lang='lat' dir='ltr'>fefellit,</span> <span class='ocrx_word' id='word_1_295' title='bbox 1319 2277 1434 2311; x_wconf 85' lang='lat' dir='ltr'>eoque</span> <span class='ocrx_word' id='word_1_296' title='bbox 1463 2266 1595 2310; x_wconf 89' lang='lat' dir='ltr'>oppido</span> <span class='ocrx_word' id='word_1_297' title='bbox 1625 2267 1694 2299; x_wconf 91' lang='lat' dir='ltr'>sibi</span> 
     </span>
     <span class='ocr_line' id='line_1_34' title="bbox 270 2310 1725 2357; baseline 0.003 -15"><span class='ocrx_word' id='word_1_298' title='bbox 270 2310 456 2343; x_wconf 77' lang='lat' dir='ltr'>vendicato</span> <span class='ocrx_word' id='word_1_299' title='bbox 481 2311 647 2345; x_wconf 84' lang='lat' dir='ltr'>finitimos</span> <span class='ocrx_word' id='word_1_300' title='bbox 675 2314 844 2345; x_wconf 82' lang='lat' dir='ltr'>Romanos</span> <span class='ocrx_word' id='word_1_301' title='bbox 869 2313 1018 2356; x_wconf 83' lang='lat' dir='ltr'>graviter</span> <span class='ocrx_word' id='word_1_302' title='bbox 1042 2314 1172 2346; x_wconf 83' lang='lat' dir='ltr'>afflixit.</span> <span class='ocrx_word' id='word_1_303' title='bbox 1197 2318 1317 2345; x_wconf 86' lang='lat' dir='ltr'>contra</span> <span class='ocrx_word' id='word_1_304' title='bbox 1345 2323 1423 2345; x_wconf 90' lang='lat' dir='ltr'><em>eum</em></span> <span class='ocrx_word' id='word_1_305' title='bbox 1445 2312 1551 2356; x_wconf 84' lang='lat' dir='ltr'>igitur</span> <span class='ocrx_word' id='word_1_306' title='bbox 1573 2313 1694 2357; x_wconf 82' lang='lat' dir='ltr'>profe-</span> <span class='ocrx_word' id='word_1_307' title='bbox 1723 2332 1725 2334; x_wconf 90' lang='lat'>·</span> 
     </span>
     <span class='ocr_line' id='line_1_35' title="bbox 273 2357 1695 2403; baseline 0.001 -13"><span class='ocrx_word' id='word_1_308' title='bbox 273 2363 348 2390; x_wconf 87' lang='lat' dir='ltr'>ctus</span> <span class='ocrx_word' id='word_1_309' title='bbox 373 2357 578 2400; x_wconf 84' lang='lat' dir='ltr'>imperator,</span> <span class='ocrx_word' id='word_1_310' title='bbox 605 2364 641 2391; x_wconf 89' lang='lat' dir='ltr'>et</span> <span class='ocrx_word' id='word_1_311' title='bbox 657 2359 750 2391; x_wconf 80' lang='lat' dir='ltr'>iusto</span> <span class='ocrx_word' id='word_1_312' title='bbox 778 2359 934 2391; x_wconf 86' lang='lat' dir='ltr'>exercitu</span> <span class='ocrx_word' id='word_1_313' title='bbox 958 2359 1122 2403; x_wconf 82' lang='lat' dir='ltr'>Cypsella</span> <span class='ocrx_word' id='word_1_314' title='bbox 1148 2364 1357 2398; x_wconf 81' lang='lat' dir='ltr'>convocato,</span> <span class='ocrx_word' id='word_1_315' title='bbox 1381 2359 1488 2402; x_wconf 87' lang='lat' dir='ltr'>paulo</span> <span class='ocrx_word' id='word_1_316' title='bbox 1520 2365 1601 2403; x_wconf 86' lang='lat' dir='ltr'>post</span> <span class='ocrx_word' id='word_1_317' title='bbox 1629 2359 1695 2392; x_wconf 85' lang='lat' dir='ltr'><em>do-</em></span> 
     </span>
     <span class='ocr_line' id='line_1_36' title="bbox 273 2402 1696 2448; baseline 0.002 -13"><span class='ocrx_word' id='word_1_318' title='bbox 273 2414 365 2435; x_wconf 87' lang='lat' dir='ltr'><em>mum</em></span> <span class='ocrx_word' id='word_1_319' title='bbox 390 2402 505 2435; x_wconf 84' lang='lat' dir='ltr'>redire</span> <span class='ocrx_word' id='word_1_320' title='bbox 530 2404 637 2447; x_wconf 86' lang='lat' dir='ltr'>cupit.</span> <span class='ocrx_word' id='word_1_321' title='bbox 662 2405 710 2436; x_wconf 84' lang='lat' dir='ltr'><em>ita</em></span> <span class='ocrx_word' id='word_1_322' title='bbox 735 2410 770 2437; x_wconf 80' lang='lat' dir='ltr'>et</span> <span class='ocrx_word' id='word_1_323' title='bbox 794 2404 968 2437; x_wconf 80' lang='lat' dir='ltr'>exercitus</span> <span class='ocrx_word' id='word_1_324' title='bbox 994 2406 1122 2437; x_wconf 86' lang='lat' dir='ltr'>frustra</span> <span class='ocrx_word' id='word_1_325' title='bbox 1151 2415 1192 2436; x_wconf 90' lang='lat' dir='ltr'><em>eo</em></span> <span class='ocrx_word' id='word_1_326' title='bbox 1218 2405 1400 2444; x_wconf 85' lang='lat' dir='ltr'>convenit,</span> <span class='ocrx_word' id='word_1_327' title='bbox 1441 2410 1477 2437; x_wconf 85' lang='lat' dir='ltr'>et</span> <span class='ocrx_word' id='word_1_328' title='bbox 1511 2405 1586 2448; x_wconf 90' lang='lat' dir='ltr'>ipse</span> <span class='ocrx_word' id='word_1_329' title='bbox 1620 2405 1696 2438; x_wconf 82' lang='lat' dir='ltr'>fru-</span> 
     </span>
     <span class='ocr_line' id='line_1_37' title="bbox 273 2447 1695 2496; baseline 0.001 -14"><span class='ocrx_word' id='word_1_330' title='bbox 273 2455 344 2482; x_wconf 83' lang='lat' dir='ltr'>stra</span> <span class='ocrx_word' id='word_1_331' title='bbox 377 2460 451 2482; x_wconf 85' lang='lat' dir='ltr'><em>eam</em></span> <span class='ocrx_word' id='word_1_332' title='bbox 476 2447 736 2493; x_wconf 81' lang='lat' dir='ltr'>expeditionem</span> <span class='ocrx_word' id='word_1_333' title='bbox 760 2451 933 2493; x_wconf 82' lang='lat' dir='ltr'>suscepit3</span> <span class='ocrx_word' id='word_1_334' title='bbox 971 2461 1085 2494; x_wconf 87' lang='lat' dir='ltr'>eoque</span> <span class='ocrx_word' id='word_1_335' title='bbox 1120 2456 1211 2483; x_wconf 85' lang='lat' dir='ltr'>statu</span> <span class='ocrx_word' id='word_1_336' title='bbox 1246 2450 1438 2482; x_wconf 85' lang='lat' dir='ltr'>occidentis</span> <span class='ocrx_word' id='word_1_337' title='bbox 1479 2451 1603 2484; x_wconf 84' lang='lat' dir='ltr'>relicto</span> <span class='ocrx_word' id='word_1_338' title='bbox 1631 2451 1695 2496; x_wconf 87' lang='lat' dir='ltr'><em>qui</em></span> 
     </span>
     <span class='ocr_line' id='line_1_38' title="bbox 273 2495 1695 2540; baseline 0.001 -13"><span class='ocrx_word' id='word_1_339' title='bbox 273 2495 370 2540; x_wconf 84' lang='lat' dir='ltr'>prius</span> <span class='ocrx_word' id='word_1_340' title='bbox 396 2495 531 2535; x_wconf 81' lang='lat' dir='ltr'>suerat,</span> <span class='ocrx_word' id='word_1_341' title='bbox 563 2506 609 2527; x_wconf 88' lang='lat' dir='ltr'>ne</span> <span class='ocrx_word' id='word_1_342' title='bbox 646 2495 733 2528; x_wconf 91' lang='lat' dir='ltr'>duos</span> <span class='ocrx_word' id='word_1_343' title='bbox 768 2496 912 2540; x_wconf 83' lang='lat' dir='ltr'>quidem</span> <span class='ocrx_word' id='word_1_344' title='bbox 944 2506 1082 2528; x_wconf 83' lang='lat' dir='ltr'>menses</span> <span class='ocrx_word' id='word_1_345' title='bbox 1115 2497 1198 2529; x_wconf 86' lang='lat' dir='ltr'>foris</span> <span class='ocrx_word' id='word_1_346' title='bbox 1236 2502 1466 2529; x_wconf 78' lang='lat' dir='ltr'>commoratus</span> <span class='ocrx_word' id='word_1_347' title='bbox 1492 2498 1695 2539; x_wconf 77' lang='lat' dir='ltr'>Byzantium</span> 
     </span>
     <span class='ocr_line' id='line_1_39' title="bbox 276 2540 1695 2587; baseline 0.001 -13"><span class='ocrx_word' id='word_1_348' title='bbox 276 2540 400 2581; x_wconf 87' lang='lat' dir='ltr'>rediit,</span> <span class='ocrx_word' id='word_1_349' title='bbox 439 2546 476 2574; x_wconf 83' lang='lat' dir='ltr'>et</span> <span class='ocrx_word' id='word_1_350' title='bbox 512 2542 549 2573; x_wconf 89' lang='lat' dir='ltr'><em>in</em></span> <span class='ocrx_word' id='word_1_351' title='bbox 586 2541 718 2585; x_wconf 83' lang='lat' dir='ltr'>palatio</span> <span class='ocrx_word' id='word_1_352' title='bbox 754 2541 972 2586; x_wconf 79' lang='lat' dir='ltr'>Aphamiano</span> <span class='ocrx_word' id='word_1_353' title='bbox 1017 2541 1209 2575; x_wconf 81' lang='lat' dir='ltr'>diversatus</span> <span class='ocrx_word' id='word_1_354' title='bbox 1253 2542 1338 2575; x_wconf 84' lang='lat' dir='ltr'>inde</span> <span class='ocrx_word' id='word_1_355' title='bbox 1386 2543 1425 2575; x_wconf 89' lang='lat' dir='ltr'><em>in</em></span> <span class='ocrx_word' id='word_1_356' title='bbox 1458 2542 1695 2587; x_wconf 86' lang='lat' dir='ltr'>Philopatium</span> 
     </span>
     <span class='ocr_line' id='line_1_40' title="bbox 275 2587 1697 2633; baseline 0.001 -13"><span class='ocrx_word' id='word_1_357' title='bbox 275 2588 422 2620; x_wconf 75' lang='lat' dir='ltr'>transiit.</span> <span class='ocrx_word' id='word_1_358' title='bbox 459 2587 660 2631; x_wconf 83' lang='lat' dir='ltr'>imperatrix</span> <span class='ocrx_word' id='word_1_359' title='bbox 700 2598 783 2619; x_wconf 86' lang='lat' dir='ltr'>vero</span> <span class='ocrx_word' id='word_1_360' title='bbox 822 2587 1051 2631; x_wconf 83' lang='lat' dir='ltr'>Euphrosyne</span> <span class='ocrx_word' id='word_1_361' title='bbox 1088 2599 1164 2620; x_wconf 89' lang='lat' dir='ltr'><em>cum</em></span> <span class='ocrx_word' id='word_1_362' title='bbox 1204 2589 1320 2621; x_wconf 88' lang='lat' dir='ltr'>animo</span> <span class='ocrx_word' id='word_1_363' title='bbox 1358 2599 1420 2621; x_wconf 87' lang='lat' dir='ltr'><em>suo</em></span> <span class='ocrx_word' id='word_1_364' title='bbox 1453 2594 1618 2633; x_wconf 82' lang='lat' dir='ltr'>reputans</span> <span class='ocrx_word' id='word_1_365' title='bbox 1655 2595 1697 2622; x_wconf 87' lang='lat' dir='ltr'>ut</span> 
     </span>
     <span class='ocr_line' id='line_1_41' title="bbox 277 2633 1696 2679; baseline 0.002 -14"><span class='ocrx_word' id='word_1_366' title='bbox 277 2633 370 2677; x_wconf 80' lang='lat' dir='ltr'>apud</span> <span class='ocrx_word' id='word_1_367' title='bbox 395 2633 555 2666; x_wconf 86' lang='lat' dir='ltr'>maritum</span> <span class='ocrx_word' id='word_1_368' title='bbox 580 2633 699 2666; x_wconf 84' lang='lat' dir='ltr'>delata</span> <span class='ocrx_word' id='word_1_369' title='bbox 724 2638 835 2673; x_wconf 82' lang='lat' dir='ltr'>esset,</span> <span class='ocrx_word' id='word_1_370' title='bbox 861 2644 1011 2678; x_wconf 83' lang='lat' dir='ltr'>eumque</span> <span class='ocrx_word' id='word_1_371' title='bbox 1035 2639 1206 2674; x_wconf 87' lang='lat' dir='ltr'>metuens,</span> <span class='ocrx_word' id='word_1_372' title='bbox 1231 2634 1423 2667; x_wconf 84' lang='lat' dir='ltr'>miserabili</span> <span class='ocrx_word' id='word_1_373' title='bbox 1448 2641 1546 2679; x_wconf 82' lang='lat' dir='ltr'>gestu</span> <span class='ocrx_word' id='word_1_374' title='bbox 1574 2646 1696 2668; x_wconf 80' lang='lat' dir='ltr'>manus</span> 
     </span>
     <span class='ocr_line' id='line_1_42' title="bbox 277 2679 1697 2726; baseline 0.001 -15"><span class='ocrx_word' id='word_1_375' title='bbox 277 2679 322 2711; x_wconf 79' lang='lat' dir='ltr'><em>nd</em></span> <span class='ocrx_word' id='word_1_376' title='bbox 345 2691 465 2712; x_wconf 84' lang='lat' dir='ltr'>onmes</span> <span class='ocrx_word' id='word_1_377' title='bbox 491 2679 723 2722; x_wconf 77' lang='lat' dir='ltr'>extendebat,</span> <span class='ocrx_word' id='word_1_378' title='bbox 749 2679 928 2712; x_wconf 83' lang='lat' dir='ltr'>obtestans</span> <span class='ocrx_word' id='word_1_379' title='bbox 955 2691 1013 2712; x_wconf 88' lang='lat' dir='ltr'><em>eos</em></span> <span class='ocrx_word' id='word_1_380' title='bbox 1041 2680 1170 2724; x_wconf 85' lang='lat' dir='ltr'>quibus</span> <span class='ocrx_word' id='word_1_381' title='bbox 1194 2680 1328 2713; x_wconf 86' lang='lat' dir='ltr'>fidebat</span> <span class='ocrx_word' id='word_1_382' title='bbox 1354 2681 1553 2726; x_wconf 84' lang='lat' dir='ltr'>imperator,</span> <span class='ocrx_word' id='word_1_383' title='bbox 1578 2687 1618 2714; x_wconf 89' lang='lat' dir='ltr'>ut</span> <span class='ocrx_word' id='word_1_384' title='bbox 1642 2681 1697 2714; x_wconf 82' lang='lat' dir='ltr'><em>sui</em></span> 
     </span>
     <span class='ocr_line' id='line_1_43' title="bbox 278 2726 1698 2773; baseline 0.003 -16"><span class='ocrx_word' id='word_1_385' title='bbox 278 2726 515 2770; x_wconf 81' lang='lat' dir='ltr'>patrocinium</span> <span class='ocrx_word' id='word_1_386' title='bbox 537 2727 758 2771; x_wconf 84' lang='lat' dir='ltr'>susciperent</span> <span class='ocrx_word' id='word_1_387' title='bbox 784 2737 954 2770; x_wconf 86' lang='lat' dir='ltr'>suamque</span> <span class='ocrx_word' id='word_1_388' title='bbox 981 2737 1119 2759; x_wconf 82' lang='lat' dir='ltr'>causam</span> <span class='ocrx_word' id='word_1_389' title='bbox 1145 2737 1208 2772; x_wconf 86' lang='lat' dir='ltr'>pro</span> <span class='ocrx_word' id='word_1_390' title='bbox 1233 2727 1329 2763; x_wconf 79' lang='lat' dir='ltr'>virili</span> <span class='ocrx_word' id='word_1_391' title='bbox 1354 2726 1608 2761; x_wconf 79' lang='lat' dir='ltr'>defenderent:</span> <span class='ocrx_word' id='word_1_392' title='bbox 1626 2735 1698 2773; x_wconf 72' lang='lat' dir='ltr'><em>‘pe-</em></span> 
     </span>
    </p>
   </div>
  </div>
 </body>
</html>
