1878 3230
324 205 395 243 DE
434 200 632 245 Ammo
673 201 867 244 1sAAcn
907 202 1104 244 ANGEL1
1145 204 1229 243 m.
1261 203 1357 242 Lm.
1387 203 1460 242 ln.
1528 183 1634 237 681

200 315 360 365 βάνων,
389 312 486 361 τοὺς
516 313 554 352 δ’
579 308 791 364 ὁμογενεῖς
818 311 959 367 ἐκείνῳ
996 312 1348 364 προστιθεμένους
1374 308 1543 358 ἑκόντας
1573 307 1646 350 ἐπὶ

200 379 281 419 τῶν
307 378 522 433 σφετέρων
550 378 689 429 μένειν
715 379 808 421 ἐῶν.
863 376 936 418 καί
955 377 977 417 ὁ
998 378 1076 429 μὲν
1106 375 1470 429 ἑμπλατυνόμενος
1495 370 1544 430 ἦν
1573 373 1644 422 αἐἰ

201 443 275 484 καί
295 444 444 500 μακρῷ
469 444 623 484 κακίων
648 443 731 483 τῶν
760 440 903 495 πρώην
930 442 1182 494 ἀποστατῶν,
1212 440 1303 483 ἐπεὶ
1329 440 1401 482 καί
1425 442 1468 490 ἐς
1495 441 1642 483 τοσοῦ-

201 523 273 549 τον
303 505 514 562 αἷμότητος
554 503 733 561 ἤλασεν,
775 504 828 559 ἢν
867 507 1065 561 α’νδρειάν
1091 506 1130 547 οἱ
1156 511 1339 548 πλεῖστοι
1366 508 1449 547 τῶν
1476 501 1640 561 βαρβά-

171 572 286 628 5ρων
315 571 492 625 οἴονται,
535 573 592 620 αἷς
629 568 728 619 τούς
764 571 809 612 ἐν
850 572 1015 628 πολέμῳ
1056 573 1367 625 ζωγρουμένους
1398 571 1642 623 “Ρωμαίους

199 638 302 680 κατὰ
334 637 455 679 πότον
485 635 654 689 μελιστὶ
673 638 875 690 διαιρεῖν·
903 635 925 677 ὃ
949 637 996 677 δὲ
1027 635 1246 689 βασιλεύς,
1272 635 1330 684 ὥς
1358 638 1402 687 ἐξ
1428 630 1487 678 ὧν
1515 635 1639 690 ἔδρα-

198 719 248 745 σε
292 704 614 756 καθυπέδειξεν,
658 703 831 757 ἕρμαιόν
879 717 925 744 τε
981 705 1053 744 καὶ
1096 700 1245 756 χάριεν
1306 701 1380 743 καί
1429 700 1640 743 κάλλιστον

197 766 330 824 τύχης
364 767 588 823 βράβευμα
616 767 692 822 τὴν
721 770 798 809 τοῦ
822 767 1195 823 πρωτοστράτορος
1219 766 1339 824 ῳήθη
1366 766 1635 821 κατάσχεσιν,

197 831 297 876 ὅθεν
325 836 374 890 τῇ
400 835 478 875 τοῦ
504 832 660 889 ἀνδρὸς
689 834 933 886 ἐπιθέμενος
962 833 1084 890 οὐσίᾳ
1114 832 1322 888 ῥυηφενεῑ
1344 831 1417 874 καί
1439 845 1675 887 ‘ruptam-c

139 913 185 939 10
197 902 250 956 κῇ
275 895 470 954 ἄντικρυς
499 894 626 955 οὔσῃ,
656 898 730 940 καί
755 901 889 953 μηδὲν
916 898 1048 952 αὔτῆς
1076 894 1408 954 ἇναψηλάφητον
1436 895 1466 953 ἢ
1494 894 1634 950 ἇνεξε.

197 964 391 1020 ρεύνητον
420 964 630 1020 α’φεικοός,
669 963 774 1006 ἀλλὰ
815 966 889 1006 καί
911 962 986 1018 την
1010 968 1188 1018 γυναῖκα
1217 963 1289 1005 καὶ
1312 961 1381 1005 τὸν
1409 963 1504 1006 υἱὸν
1529 964 1635 1005 ὕπο-

196 1028 371 1079 δικάσας
391 1033 572 1087 φρουρᾷ,
594 1031 669 1071 οιῖκ
685 1026 762 1071 οἶδ’
780 1026 801 1070 ὅ
821 1046 862 1071 τι
883 1031 1046 1081 δοκοῦν,
1065 1027 1188 1083 ἔαρος
1208 1027 1488 1084 ὕπολήγοντος
1507 1028 1636 1081 ἔξεισι

196 1095 269 1138 καί
292 1090 460 1137 ἄπεισιν
491 1096 551 1144 εἰς
577 1094 626 1137 τὰ
660 1095 881 1148 Κύψελλα,
914 1097 978 1151 (5)
1013 1092 1080 1137 ὅτε
1105 1094 1179 1136 καί
1200 1093 1246 1136 τὸ
1276 1095 1374 1150 περὶ
1400 1097 1482 1137 τῶν
1508 1097 1636 1138 θείων

194 1163 439 1216 μυστηρίων
456 1157 756 1216 ἄνακαλυφθὲν
774 1157 907 1214 δόγμα
935 1159 1035 1214 πρὸς
1050 1161 1202 1214 μοίρας
1230 1161 1418 1209 ἐναντίας
1445 1162 1634 1216 διέστησε

137 1229 183 1269 15
196 1226 241 1275 τὸ
260 1225 579 1281 Χριστιόνυμον,
599 1228 672 1268 καί
692 1227 895 1280 λαμπρῶς
912 1227 976 1267 ἐπ’
991 1226 1143 1280 α’γορᾶς
1158 1224 1231 1267 καί
1239 1224 1416 1280 τριόδων
1430 1225 1543 1281 παρὰ
1560 1228 1634 1268 τὀὖ

193 1293 448 1345 βουλομένου
470 1291 620 1340 παντὸς
641 1290 690 1334 ta*
712 1293 833 1347 τιμῆς
860 1290 970 1344 ὁμοῦ
987 1293 1060 1333 καί
1076 1293 1194 1346 σιγῆς
1211 1291 1505 1347 ἐξεφαυλίζετο
1521 1288 1630 1342 ἄξια.

302 1355 432 1400 Μετὰ
460 1356 541 1412 γάρ
563 1355 644 1399 τὸν
671 1355 892 1414 Ξιφιλΐνον
920 1359 960 1398 Γ
957 1356 1129 1412 εώργιον
1138 1390 1150 1410 ,
1180 1355 1227 1406 ὃς
1257 1356 1392 1399 ἔτεσιν
1424 1354 1529 1399 ἑπτὰ
1557 1357 1633 1413 τὴν

193 1423 411 1479 ἐκκλησίαν
439 1425 768 1479 διεκυβέρνησεν,
796 1420 819 1464 ὅ
839 1422 1100 1478 Καματηρός
1122 1422 1314 1478 Ἰωάννης
1341 1423 1413 1466 τὸν
1433 1440 1633 1478 πατριαρ-

190 1489 312 1544 χικὸν
338 1489 484 1545 εἴληφε
510 1489 693 1544 θρόνον,
720 1491 794 1531 καί
820 1489 914 1531 δέον
941 1487 986 1531 τὸ
1018 1490 1090 1531 ὲπί
1126 1492 1207 1536 τῶν
1243 1488 1410 1544 ἡμερῶν
1446 1492 1525 1531 τοῦ
1553 1489 1677 1537 Ξι-Ι)

128 1570 180 1596 20
193 1556 358 1611 φιλίνου
388 1556 621 1611 α’ρξάμενον
647 1555 953 1596 ὑπολαλεΐσθαι
985 1557 1057 1596 καί
1080 1552 1269 1610 φύεσθαι
1297 1553 1428 1608 δόγμα
1458 1553 1636 1610 πρόρρι-

193 1623 264 1672 ζον
294 1622 498 1673 ἐκτεμεῖν,
530 1622 603 1662 καί
632 1623 946 1673 καθυποβαλεῖν
972 1622 1051 1672 μὲν
1079 1620 1318 1672 (ἔναθέματι
1345 1619 1418 1662 τὸν
1447 1620 1634 1676 γεννητο-

193 1704 248 1741 ρα
272 1686 421 1728 τουτου
450 1685 523 1728 τόν
552 1684 878 1739 ψευδομόναχον
907 1687 1116 1739 Σικιδίτην
1153 1683 1210 1733 ὦς
1249 1685 1526 1742 αἱρεσιάρχην
1566 1689 1639 1728 καί

192 1753 264 1794 νέα
294 1749 565 1806 ἐπεισάγοντα
596 1750 781 1805 δόγματα
798 1784 810 1804 ,
839 1749 936 1800 τούς
970 1752 1006 1791 δ’
1044 1745 1198 1800 ἄλλους
1235 1752 1463 1805 ἐχεμυθεῖν
1495 1757 1636 1794 πεῖσαι

286 1866 318 1898 3.
346 1865 411 1897 καὶ
434 1862 585 1910 μακρῷ]
605 1866 744 1908 χείρων
765 1864 830 1897 καὶ
853 1863 1070 1909 χειρότερος
1090 1862 1151 1896 αἐί
1170 1872 1262 1897 ποτε
1286 1863 1496 1911 γενόμενος
1516 1865 1552 1897 Β.
1599 1878 1634 1910 9.

285 1910 390 1957 ὅθεν]
417 1912 588 1943 πλουσίω
612 1905 690 1955 yde
716 1909 869 1956 σφόδρα
893 1909 978 1944 ὄντι
1000 1911 1063 1944 καὶ
1088 1909 1192 1944 πάνυ
1216 1904 1342 1946 πολλοὶ
1367 1913 1536 1945 πλουσίω
1560 1913 1635 1944 πᾶ-

285 1967 356 1990 σαν
382 1953 449 1998 τὴν
475 1957 593 1991 αὐτοῦ
616 1960 844 1999 περιουσίαν
866 1954 989 2002 α’πῆρε
1012 1959 1076 1990 καὶ
1099 1958 1246 2000 εἰσῆξεν
1268 1958 1324 1996 εἰς
1345 1955 1387 1993 τὸ
1411 1956 1635 2003 βεστιιίριον

285 2004 404 2038 αὐτοῦ
432 2005 468 2039 Β.
569 2015 619 2038 ιο.
646 2001 921 2049 αἰρηλαίρητονὶ>

193 2111 364 2143 facientes
383 2110 551 2154 pristinas
570 2115 695 2144 tenere
723 2110 825 2143 sedes
849 2121 973 2155 passus
1001 2115 1063 2143 est.
1089 2122 1167 2144 cum
1192 2111 1243 2144 ita
1265 2111 1421 2145 subinde
1448 2118 1634 2153 cresceret,

190 2157 371 2202 prioribus
400 2157 564 2190 hostibus
593 2157 699 2201 longe
726 2158 829 2202 peior
853 2162 890 2190 et
924 2157 1107 2191 crudelior
1133 2158 1275 2199 extitit,
1299 2158 1346 2191 ad
1369 2169 1447 2191 eam
1471 2170 1636 2203 progres-

191 2215 250 2236 sus
286 2204 546 2236 immanitatem
573 2215 679 2248 quam
707 2203 850 2236 barbari
880 2204 1048 2249 plerique
1072 2204 1325 2238 fortitudinem
1351 2217 1428 2238 esse
1458 2211 1633 2246 censent,

190 2250 295 2282 utin
331 2251 660 2294 compotationibus
696 2252 855 2295 captivos
883 2252 1057 2284 Romanos
1082 2251 1308 2284 membratim
1336 2252 1542 2285 dissecaret.
1567 2253 1635 2293 im-

190 2302 336 2341 perator
360 2308 444 2329 vero
470 2298 573 2330 sactis
607 2298 679 2331 suis
710 2297 895 2332 declarans
923 2309 961 2330 se
985 2299 1258 2343 protostratoris
1286 2300 1532 2344 captivitatem
1560 2300 1634 2333 sin-

192 2343 313 2386 gulare
348 2344 514 2377 fortunae
549 2344 766 2377 beneficium
800 2344 980 2384 iudicare,
1014 2346 1177 2378 maximis
1205 2346 1281 2378 eius
1306 2345 1437 2390 opibus
1461 2357 1501 2377 ac
1526 2346 1633 2390 plane

192 2389 298 2432 regiis
327 2389 498 2434 direptis,
530 2402 597 2424 nec
619 2392 694 2424 ulla
719 2403 755 2424 re
782 2391 1075 2436 impervestigata
1110 2392 1258 2433 relicta,
1284 2403 1394 2425 uxore
1422 2403 1568 2437 quoque
1597 2398 1632 2425 et

192 2435 268 2467 filio
295 2437 370 2469 eius
395 2438 434 2469 in
451 2438 595 2470 vincula
619 2439 742 2471 nescio
767 2449 839 2482 quo
863 2439 1015 2471 consilio
1041 2439 1225 2479 conjectis,
1247 2438 1413 2484 Cypsella
1435 2439 1634 2483 proficisci-

192 2486 262 2514 tur.
309 2483 360 2528 (3)
386 2484 519 2516 Eodem
543 2490 705 2528 tempore
734 2484 861 2528 dogma
887 2484 932 2517 de
958 2485 1088 2518 divinis
1114 2485 1291 2528 mysteriis
1316 2486 1499 2529 vulgatum
1528 2484 1631 2519 Chri-

192 2527 327 2560 stianos
352 2530 390 2561 iu
413 2530 586 2564 factiones
615 2531 749 2566 divisit.
773 2531 868 2564 unde
891 2532 929 2564 in
955 2532 1033 2564 foro
1060 2537 1097 2565 et
1119 2533 1233 2566 triviis
1259 2543 1314 2566 res
1336 2532 1568 2566 veneratione
1594 2535 1630 2563 et

192 2574 339 2607 silentio
364 2574 492 2619 dignae
517 2578 636 2621 palam
665 2578 999 2612 contemnebantur.

284 2621 375 2653 Nam
402 2622 555 2667 Georgio
580 2624 766 2670 xiphilino
795 2630 930 2669 septem
958 2625 1061 2659 annIs
1085 2625 1326 2670 patriarchatu
1348 2625 1471 2656 functo
1500 2622 1630 2656 lohan-

190 2679 254 2700 nes
281 2667 484 2701 Camaterus
508 2672 696 2704 successit:
726 2672 811 2716 qui,
837 2684 916 2705 cum
947 2673 1071 2716 opinio
1108 2683 1201 2716 quae
1233 2671 1299 2704 sub
1328 2669 1514 2714 Xiphilino
1549 2669 1631 2712 pul-

192 2714 323 2748 lularat
349 2714 522 2748 radicitus
548 2718 782 2762 extirpanda,
806 2725 845 2751 et
870 2719 947 2750 eius
977 2724 1100 2752 auctor
1124 2729 1279 2762 nequam
1308 2716 1504 2749 monachus
1534 2715 1630 2749 Sici-

193 2761 284 2795 dites
314 2767 353 2794 ut
377 2761 624 2797 haeresiarcha
654 2770 689 2797 et
718 2763 824 2798 homo
849 2764 1042 2798 seditiosus
1082 2763 1374 2798 condemnandus
1407 2763 1556 2803 suisset,
1594 2768 1630 2795 et
