1878 3230
504 193 575 233 DE
614 190 832 234 1sAAcro
884 190 1102 233 ANGELO
1146 192 1244 232 Lm.
1286 193 1318 231 1.
1518 174 1630 248 493

198 291 302 334 κιῖπί
337 295 426 340 ταῖς
454 294 674 346 χερσαίαις
705 291 855 339 πύλαις
881 289 1096 340 ἀντιτάξας
1124 290 1198 345 τὴν
1224 288 1449 343 στρατιάν,
1485 294 1535 334 αἳ
1561 296 1637 334 τοῦ

199 358 393 411 Χαρσίου
416 358 630 410 λέγονται,
666 358 724 405 εἷς
751 356 886 406 δεξιόν
911 355 984 397 καί
1010 354 1229 409 εὐώνυμον
1256 358 1380 412 κέρας
1407 356 1541 412 αὐτὴν
1571 360 1638 400 δι-

199 427 334 477 αιρεῖ,
369 424 441 464 καί
458 421 503 464 τὸ
530 424 658 474 μέσον
689 422 814 470 αὐτὸς
840 422 1003 475 ἐπέχων
1029 425 1102 476 τῆς
1135 422 1347 478 φάλαγγος
1381 423 1526 479 ’ἐφίησι
1552 429 1637 474 τοῖς

199 489 457 541 ἐκχεομένοις
485 490 558 542 τῆς
595 487 754 536 πόλεως
793 491 982 542 στρατοῖς
1022 490 1350 539 συμπλέκεσθαι.
1418 489 1517 530 ου’δὲ
1553 489 1636 544 γὰρ

159 554 185 596 5
197 551 325 606 μόνον
360 551 473 602 ἐντὸς
500 555 582 595 τῶν
610 553 752 593 πυλῶν
781 553 854 606 τῆς
896 549 1055 600 πόλεως
1093 551 1136 593 τὸ
1181 552 1440 607 ὑπερπονοῧν
1480 550 1639 596 ἑαυτοῦ

197 621 444 674 κατεμέρισε
471 614 692 670 βασιλεύς,
721 615 810 658 ἔστι
842 618 882 658 δ’
910 614 936 657 ὃ
965 617 1038 661 καί
1062 619 1144 658 ταῖν
1172 620 1322 670 τειχῶν
1349 615 1515 662 ἄνωθεν
1541 621 1638 663 ἔπε’-

196 686 319 734 ταξεν
342 682 598 738 ἐφεστάναι,
628 678 736 723 ἀλλά
772 681 846 723 καί
881 684 1008 737 μέρος
1045 679 1367 735 ἇποδιελόμενος
1407 686 1638 742 ἐπέτρεψεν

195 751 412 792 ἔπεκθέειν
443 746 600 798 ἔξωθεν
631 744 843 790 ἑκαστάτω
873 749 946 802 τῆς
982 746 1148 804 τάφρου
1186 750 1261 790 καί
1303 755 1391 799 τοῖς
1425 754 1639 804 πολεμίοις

196 815 255 864 ὥς
283 816 374 857 ἐνὸν
400 815 714 870 (ἐπιφέρεσθαι.
771 814 812 855 εἰ
839 814 888 855 δέ
923 828 969 867 γε
999 812 1186 866 κάμωσιν
1213 814 1519 870 ἐπιβρισάντων
1553 819 1638 860 τῶν

136 894 183 923 10
195 879 422 932 ἐναντίων,
451 877 743 934 προσρύεσθαι
772 877 947 936 παρῄνει
975 885 1059 928 τοῖς
1085 879 1292 933 τείχεσιν,
1330 876 1444 930 ὅπως
1463 881 1516 962 3oc‘
1551 885 1671 926 τῶνΒ

193 940 490 1000 πυργοβάρεων
508 939 671 986 ανωθεν
699 942 843 994 αύτοῖς
882 945 1161 998 ἐπαμύνωσιν.
1220 947 1298 995 ἕως
1324 948 1405 1000 μὲν
1431 963 1508 990 ουν
1533 965 1633 991 στα-

192 1012 330 1067 θηρᾶς
354 1009 618 1066 μεσημβρίας
641 1009 842 1063 τοξασμοι
872 1026 942 1052 και
969 1010 1270 1066 ἅκροβολισμοι
1294 1018 1394 1066 παρ’
1425 1009 1636 1070 ἑκατέρων

193 1075 373 1132 ἐγίνοντο
402 1080 486 1119 τῶν
510 1079 680 1134 μερῶν,
708 1076 781 1118 καί
805 1076 946 1131 βραχύ
979 1093 1017 1118 τι
1044 1079 1123 1130 μὲν
1152 1093 1256 1133 αχρι
1284 1077 1397 1128 τινὸς
1431 1078 1636 1135 ἐκράτουν

193 1159 276 1186 των
303 1145 380 1185 τοῦ
405 1146 610 1197 βασιλέως
647 1141 687 1184 οἱ
713 1145 788 1184 τοῦ
816 1143 964 1196 Βρανᾶ
992 1157 1049 1191 ως
1077 1145 1269 1196 πολέμων
1306 1143 1521 1200 ἔμπειροι,
1563 1146 1638 1188 καί

135 1207 182 1248 15
197 1208 357 1251 τούτων
381 1207 568 1262 μάλιστα
595 1207 634 1251 οἱ
662 1210 708 1250 ἐκ
736 1209 813 1250 τοῦ
831 1209 1062 1250 Λατινικοῦ
1087 1210 1262 1260 πεζικοῦ
1288 1210 1636 1265 συγκροτούμενοι

194 1278 393 1331 στίφους,
422 1275 515 1317 ἐπεὶ
551 1276 626 1316 καί
654 1276 697 1316 οἳ
721 1280 807 1322 τοῖς
847 1275 973 1325 ζῶσιν
1010 1271 1075 1315 ἔτι
1114 1273 1432 1330 συνεξητάζοντο
1470 1278 1516 1318 ἑκ
1562 1279 1637 1319 τοῦ

194 1341 477 1396 ζωγρηθέντος
523 1341 739 1382 Σικελικοῦ
777 1338 1110 1394 στρατεύματος,
1148 1337 1324 1390 τούτους
1364 1340 1388 1383 o‘
1434 1344 1636 1396 βασιλευς

192 1409 266 1461 τῆς
293 1407 483 1462 φρουρᾶς
511 1407 627 1455 α’νείς
656 1404 730 1448 καί
753 1406 919 1458 δεσμῶν
945 1407 1019 1447 καί
1035 1404 1257 1459 ὁπλισμοῖς
1276 1406 1503 1462 ὑπαγαγιὸν
1531 1409 1635 1464 πρὸς

192 1474 364 1527 Βρανιῖν
392 1473 610 1514 ἀπέστειλε
644 1470 719 1526 τὴν
743 1472 786 1521 ἐς
814 1470 887 1513 τὸν
910 1467 1053 1525 Αἷμον
1081 1469 1379 1526 στελλόμενον,
1420 1475 1493 1516 καί
1526 1470 1635 1530 ἦσαν

131 1549 181 1576 20
194 1540 390 1593 κρατίστη
423 1537 589 1593 φάλαγξ
617 1540 701 1579 τῶν
728 1538 826 1592 περὶ
855 1535 984 1578 αὐτὸν
1012 1537 1181 1592 πεζική,
1212 1536 1367 1596 ἱππικῷ
1393 1541 1537 1595 θυρεῷ
1563 1541 1637 1581 καὶ

194 1605 307 1660 ξίφει
334 1601 528 1658 έπιμήκει
558 1606 631 1644 καί
663 1602 810 1658 δόρατι
846 1602 1014 1657 ἕγχήρει
1058 1601 1345 1658 φραττόμενοι.
1409 1604 1674 1659 έπιβοηθὴ-(Ζ

193 1684 342 1718 σαντος
376 1670 420 1710 δὲ
451 1670 523 1710 καί
558 1670 634 1710 τοῦ
673 1667 777 1710 κατὰ
817 1670 929 1724 σφᾶς
971 1665 1215 1717 ἱππεύοντος
1258 1668 1491 1722 τάγματος,
1531 1669 1634 1712 κατὰ

286 1782 320 1825 4.
344 1779 598 1826 ἔκχεοαένοις]
636 1778 835 1823 ἐκχυθεῖσι
870 1781 909 1811 Α.
1061 1780 1094 1812 6.
1131 1778 1368 1835 κατεμέρισε]
1401 1779 1574 1819 κατέταξε
1598 1781 1637 1812 A.

292 1838 342 1859 ιο.
368 1827 642 1882 προσφύεσθαι
669 1827 709 1859 Δ.
785 1836 835 1860 12.
856 1826 1053 1873 τοξασιιοὶ]
1082 1824 1368 1871 ανεμοπόλεμοι
1394 1828 1460 1859 καὶ
1495 1828 1640 1866 τοξείαι

285 1874 325 1907 Α.
426 1875 477 1908 13.
502 1872 735 1917 ἐπεκράτουν
759 1871 1172 1918 Δ.18.ὄπλισμοῑς]
1202 1873 1264 1905 καὶ
1289 1872 1451 1910 ὁπλίσας
1475 1867 1573 1917 πρὸς
1598 1873 1636 1905 Α.

286 1930 340 1953 20.
367 1919 525 1966 ιππικςῦ]
551 1918 645 1965 μετὰ
683 1918 893 1964 ῥικταρίων
920 1921 983 1952 και
1023 1921 1258 1963 σκουταρίων
1287 1918 1541 1966 στρογγύλων
1575 1921 1640 1954 καὶ

286 1966 471 2012 διστόμου
500 1966 648 2008 σπάθης
677 1967 706 1999 Α

197 2068 316 2091 rursus
348 2056 395 2089 ad
430 2057 528 2090 urbis
565 2056 707 2089 moenia
743 2055 904 2111 accedit3
952 2061 988 2089 et
1021 2057 1204 2097 exercitu,
1243 2056 1288 2090 ad
1322 2061 1527 2091 terrestrem
1558 2069 1642 2103 por-

195 2110 269 2138 tam
294 2115 387 2148 quae
412 2102 549 2136 Charsii
576 2103 729 2143 dicitur,
755 2104 793 2136 in
826 2102 991 2135 dextrum
1033 2108 1070 2135 et
1107 2103 1250 2136 laevum
1294 2115 1404 2137 cornu
1442 2104 1643 2146 instructo,

196 2150 351 2184 mediam
386 2150 602 2195 phalangem
638 2151 715 2194 ipse
755 2149 924 2182 obtinens
961 2149 1081 2193 copias
1123 2149 1213 2182 urbe
1262 2152 1390 2184 effusas
1426 2150 1640 2195 aggreditur.

197 2198 392 2242 imperator
423 2198 519 2230 enim
543 2208 626 2230 suos
653 2196 786 2229 milites
825 2207 899 2228 nou
934 2200 1074 2229 tautum
1113 2197 1208 2229 intra
1233 2202 1354 2241 portas
1383 2197 1488 2231 urbis
1527 2199 1643 2232 collo-

198 2249 315 2285 camt,
348 2242 412 2276 sed
446 2249 484 2276 et
522 2249 659 2288 partem
701 2254 810 2288 quam
846 2242 1054 2286 longissime
1092 2252 1280 2276 excurrere
1329 2249 1428 2277 extra
1454 2244 1566 2278 fossas
1604 2250 1642 2279 et

198 2302 276 2323 cum
318 2289 483 2323 hostibus
522 2289 691 2334 congredi
732 2294 777 2326 et:
808 2289 976 2333 fatigatos
1016 2288 1183 2322 hostibus
1212 2291 1423 2334 urgentibus
1455 2291 1502 2324 ad
1542 2302 1643 2324 moe·

197 2338 259 2370 nia
283 2337 445 2380 refugere
467 2337 639 2377 iusserat,
670 2341 710 2369 ut
741 2336 785 2369 ab
813 2336 858 2368 iis
885 2336 949 2380 qui
974 2336 1013 2368 in
1049 2335 1208 2369 turribus
1243 2342 1380 2370 starent
1419 2338 1641 2371 iuvarentur.

199 2394 242 2416 ac
291 2394 406 2428 usque
455 2382 501 2415 ad
549 2382 737 2416 meridiem
784 2382 923 2426 sagittis
970 2386 1007 2415 et
1053 2382 1181 2416 iaculis
1225 2384 1395 2428 utrinque
1432 2383 1642 2417 dimicatum

200 2434 278 2470 est,
301 2430 438 2462 Branae
464 2430 621 2462 factione
648 2429 862 2474 aliquandiu
886 2428 1055 2461 nonnihil
1087 2430 1272 2474 superiore
1305 2430 1351 2462 ob
1387 2430 1477 2463 belli
1510 2443 1614 2464 usum
1630 2456 1642 2472 ,

202 2481 311 2520 atque
334 2476 373 2508 in
397 2487 438 2508 ea
463 2477 673 2509 Latinorum
698 2475 862 2520 peditatu
889 2476 1126 2520 potissimum.
1152 2487 1234 2508 nam
1252 2476 1315 2522 qui
1341 2488 1384 2510 ex
1399 2477 1521 2510 Siculo
1538 2488 1641 2510 exer-

202 2522 276 2553 citu
305 2522 422 2555 adhuc
446 2522 485 2555 in
508 2523 597 2556 vivis
622 2528 741 2564 erant,
770 2533 831 2555 eos
858 2522 1053 2567 imperator
1080 2522 1244 2556 custodia
1273 2529 1310 2556 et
1330 2524 1484 2557 vinculis
1507 2523 1640 2555 libera-

202 2573 260 2600 tos
278 2569 383 2601 armis
409 2569 502 2601 datis
527 2570 660 2602 Branae
683 2568 732 2602 ad
747 2569 922 2601 Haemum
944 2569 1186 2613 proficiscenti
1206 2569 1363 2610 miserat,
1389 2570 1453 2614 qui
1468 2570 1641 2614 optimam

204 2613 416 2658 phalangem
439 2615 641 2659 pedestrem
666 2615 880 2661 explebant,
913 2621 1013 2648 scuto
1048 2616 1228 2661 equestri,
1262 2617 1455 2661 praelongo
1493 2626 1577 2648 ense
1603 2621 1642 2649 et

205 2661 332 2692 lancea
351 2662 488 2693 armati.
514 2673 593 2694 cum
618 2668 738 2695 autem
755 2663 918 2707 equitum
943 2672 1089 2716 quoque
1113 2668 1251 2695 turmae
1271 2663 1315 2695 iis
1333 2673 1437 2707 opem
1459 2662 1641 2702 tulissent,

207 2706 335 2738 urbani
359 2706 394 2738 vi
422 2707 630 2750 pelluntur,
655 2714 692 2741 et
718 2709 880 2753 quamvis
905 2708 1022 2748 inviti,
1046 2709 1139 2741 fossa
1168 2714 1346 2752 superata,
1371 2707 1417 2740 ad
1442 2708 1585 2740 moenia
1600 2719 1640 2740 se

208 2753 405 2798 rccipiunt,
431 2754 754 2798 propugnatoribus
781 2765 840 2788 eos
866 2754 1124 2789 adiutautibus
1164 2760 1334 2798 (paunus
1370 2765 1452 2789 vero
1489 2754 1561 2788 suis
1593 2754 1639 2788 ad
