1878 3230
307 143 417 200 850
727 156 978 201 ικῑιοιῑτλιῑΧ
995 155 1303 199 cnomA'rAE

305 262 491 314 ἐχόμενοι
521 258 622 312 πρὸς
644 258 767 298 οὐδὲν
793 252 1060 298 ἀποκναίουσι
1095 255 1295 308 δυσχερές
1314 287 1326 306 ,
1353 250 1409 301 ὥς
1437 254 1565 295 οὐκέτ’
1589 249 1719 296 ὄντων

303 329 385 368 τῶν
414 324 516 365 οἴκοι
546 321 870 374 ἐπιλαθόμενοις
901 318 1143 367 ἄπεναντίας
1169 326 1254 366 τοῖς
1276 319 1507 370 Ῥωμαίοις
1530 320 1718 371 δρῶντες,

306 394 347 432 οἲ
370 396 451 437 τοῖς
488 390 752 441 βουλομένοις
803 387 874 427 καί
901 389 985 427 ταῖν
1013 385 1199 438 ἐσχάτων
1228 381 1460 425 ἑπενδυτῶν
1487 380 1722 433 ὑπεξίσταν-

303 472 388 508 ται,
416 456 487 496 καί
515 452 587 495 τόν
621 454 727 506 χοῦν
767 453 850 494 τῶν
881 453 1019 493 ποδῶν
1046 451 1208 502 αὐτῶν,
1237 449 1509 504 ἀφιστάμενοι
1535 449 1618 489 τῶν
1643 464 1723 490 πα-

302 521 477 574 τρίδων,
526 519 713 570 α’σμένως
755 517 1100 558 α’ποτινάσσονται
1119 547 1130 568 ,
1169 515 1249 567 οὐχ
1283 511 1338 562 ὥς
1365 511 1619 566 εὔαγγελικοί
1642 516 1760 565 pta-5

302 586 429 638 θηταί
456 581 542 625 ἀλλ’
582 583 637 631 ὥς
665 582 831 636 ἀχρεῖοι
859 579 930 623 καί
955 577 1232 634 ἀγεννέστατοι
1258 578 1463 632 μαχηταί,
1491 579 1564 619 καί
1584 593 1723 630 γυναι·

302 653 385 690 κῶν
411 651 453 697 ἐς
482 648 655 700 πόλεμον
683 645 973 704 α’τολμότεροι,
1005 644 1076 687 καὶ
1098 643 1201 698 πρὸς
1233 643 1307 698 τὴν
1334 638 1435 695 ὄψιν
1465 643 1547 684 τῶν
1571 643 1724 695 δυσμε-

303 717 382 756 νῶν
410 711 592 767 ἆτεχνῶς
622 710 847 765 πάσχοντες
873 712 1004 754 ταῦτα
1031 710 1081 765 δὴ
1114 709 1162 753 τὰ
1183 709 1399 764 Ὁμήρεια.

258 785 289 817 D
409 781 484 820 τοῦ
513 780 590 830 μὲν
615 776 692 831 γάρ
721 792 764 819 τε
793 778 922 818 κακοῦ
948 775 1143 830 τρέπεται
1175 773 1290 829 χρώς
1315 769 1488 822 ἄλλυδις
1515 767 1638 829 ἄλλῃ,

412 845 511 885 ου’δέ
539 842 578 884 οἱ
604 844 784 897 ἀτρέμας
811 837 940 897 ἧσθαι
969 841 1150 896 ἐρητύετ’
1178 841 1239 903 ἐν,
1256 840 1382 895 φρεσί
1409 837 1568 891 θυμός,
1742 854 1789 882 ιο

410 907 517 953 ἄλλά
545 904 786 961 μετοκλάζει
814 905 886 948 καί
911 908 975 948 ἐπ’
1002 905 1264 962 ἀμφοτέρους
1293 903 1425 954 πόδας
1452 905 1542 954 ἵζει.

407 974 450 1016 ἐν
479 975 525 1015 δέ
551 989 596 1014 τε
624 973 662 1014 οἱ
690 972 839 1027 κραδίη
868 973 974 1025 μέγα
1005 972 1211 1026 στέρνοισι
1238 967 1445 1011 πατάσσει

408 1040 558 1093 Κῆρας
586 1039 781 1095 ὀϊομένῳ,
812 1037 991 1090 πάταγος
1018 1037 1064 1078 δέ
1096 1051 1140 1077 τε
1167 1035 1290 1089 γίνετ’
1316 1033 1508 1086 ὀδόντων.

297 1104 520 1156 θαυμάσαι
549 1105 584 1144 δ’
613 1099 662 1144 ἄν
690 1119 753 1152 τις
782 1101 877 1151 τοὺς
913 1098 1067 1155 ἄνδρας
1094 1098 1242 1143 τούσδε
1268 1098 1664 1155 περιεργασάμενος,
1688 1101 1728 1142 εἷ

297 1169 354 1223 μή
382 1167 556 1218 ἑαυτοὺς
586 1168 798 1221 προϊόντος
823 1170 898 1209 τοῦ
916 1165 1071 1221 χρόνου
1102 1168 1202 1219 δίχα
1233 1166 1359 1208 πόνου
1386 1165 1725 1220 διεξεργάσονται,
1745 1169 1790 1208 15

299 1231 405 1275 οὕτω
433 1232 537 1287 πρὸς
564 1232 661 1281 τούς
689 1235 901 1282 ἐναντίους
928 1231 996 1272 ἀεὶ
1022 1231 1252 1280 ἐνδιδόντες
1278 1230 1352 1273 καί
1379 1231 1725 1284 μαλακιζόμενοι,

267 1321 270 1323 >
297 1300 400 1353 πρὸς
436 1300 482 1340 δὲ
509 1299 606 1347 τούς
645 1295 888 1354 ὁμοφύλους
927 1297 1110 1345 ἀναιδεῖς
1136 1295 1208 1338 καί
1230 1300 1403 1351 θρασεῖς
1430 1298 1502 1338 καί
1527 1295 1730 1345 αὐθάδεις

300 1361 527 1418 ὁρώμενοι,
567 1364 610 1404 οἳ
633 1379 678 1416 γε
716 1363 787 1403 καί
815 1368 899 1409 τοῖς
927 1363 971 1402 ἐκ
1005 1363 1076 1415 τῆς
1100 1358 1325 1415 συγκλήτου
1348 1363 1501 1414 βουλῆς
1527 1362 1627 1416 ἡμῖν
1652 1360 1729 1416 την

173 1432 372 1483 Ρ.4ι5τῆς
392 1426 549 1477 πόλεως
577 1426 902 1482 ἐπιγραφόμενοι
931 1423 1088 1467 ἅλωσιν
1106 1422 1200 1467 οὔτε
1227 1425 1297 1467 τὸν
1322 1428 1395 1479 τῆς
1426 1425 1540 1480 δίκης
1568 1427 1728 1468 δεδίασι

301 1495 558 1548 παντέφορον
615 1489 836 1547 ὀφθαλμόν
853 1525 864 1543 ,
916 1490 1039 1531 αὐτοὶ
1087 1490 1413 1543 καταπροδόντες
1449 1491 1638 1545 κάκείνην
1675 1490 1725 1546 δὴ
1738 1507 1790 1533 20

299 1557 372 1600 καί
399 1556 526 1612 ἡμᾶς,
567 1553 660 1598 οὔτε
688 1554 790 1610 πρός
821 1555 895 1610 την
925 1554 1161 1609 ὑπερβολήν
1190 1556 1263 1596 τοῦ
1294 1553 1480 1607 ψεύδους
1509 1555 1727 1609 αἰσχύνον-

300 1638 380 1665 ται.
410 1620 456 1664 τὸ
485 1623 531 1663 δὲ
560 1623 633 1663 καί
659 1622 852 1676 δακρύων
884 1615 999 1672 ἄξιον
1038 1620 1095 1669 ὥς
1123 1618 1356 1675 ἀνθρώπων
1384 1620 1619 1675 ἅναλγήτων
1646 1617 1728 1662 πά·-

394 1755 426 1787 3.
455 1754 493 1789 οἳ
516 1765 574 1787 om
597 1754 638 1787 A.
729 1767 764 1799 9.
785 1753 859 1799 γάρ
882 1763 920 1787 τε
945 1764 1002 1786 om
1028 1754 1065 1786 A.
1165 1755 1217 1791 16.
1239 1747 1336 1798 πρὸς
1356 1751 1428 1799 μὲν
1451 1747 1562 1790 totis?

301 1854 469 1899 amplecti
493 1859 530 1887 et
553 1852 732 1886 mordicus
758 1859 880 1886 tenere
895 1879 904 1895 ‚
928 1853 1039 1886 nullis
1064 1852 1330 1885 difficultatibus
1353 1852 1530 1896 fatigatos,
1554 1857 1590 1884 et
1613 1863 1728 1885 rernm

301 1900 576 1933 domesticarum
599 1900 700 1932 velut
720 1900 812 1932 nihil
837 1900 882 1932 ad
907 1911 943 1932 se
967 1900 1195 1932 attinentium
1221 1898 1381 1931 oblitos?
1406 1909 1505 1931 secus
1531 1909 1637 1943 quam
1662 1911 1728 1931 no-

301 1947 386 1987 stri,
414 1946 478 1990 qui
513 1947 622 1978 cuivis
653 1946 729 1989 ipsa
756 1947 862 1978 etiam
894 1946 1048 1979 interula
1082 1945 1237 1985 cedunt,
1262 1950 1298 1977 et
1333 1945 1446 1988 patria
1472 1945 1594 1977 relicta
1620 1945 1727 1978 etiam

299 1993 483 2037 pulverem
506 1992 637 2037 pedum
658 1991 796 2036 „cupide
822 1993 1026 2032 excutiunt,
1054 2003 1126 2024 non
1151 1997 1190 2023 ut
1215 1992 1416 2034 Evangelici
1443 1991 1628 2035 discipuli,
1664 1991 1728 2026 sed

301 2043 342 2071 ut
366 2038 512 2071 inutiles
537 2043 574 2071 et
613 2037 806 2081 degeneres
840 2039 984 2071 omnino
1010 2037 1223 2077 bellatores,
1252 2043 1289 2070 et
1313 2037 1351 2069 ia
1375 2048 1492 2082 pugna
1517 2037 1727 2072 mulieribus

301 2084 526 2126 timidiores,
564 2084 694 2129 quibus
731 2084 794 2116 ubi
837 2084 977 2117 hostem
1020 2083 1243 2129 aspexerint,
1280 2083 1506 2116 Homericum
1540 2083 1635 2116 illud
1669 2094 1728 2117 ac-

302 2129 399 2163 cidit.

478 2187 629 2219 vertitur
652 2187 768 2230 ignavi
793 2187 911 2227 color,
941 2191 978 2219 et
1002 2191 1134 2219 tremor
1157 2191 1308 2231 occupat
1332 2191 1440 2220 artus.

478 2243 577 2264 mens
603 2238 744 2276 stupet,
773 2233 880 2277 inque
904 2232 1012 2277 pedes
1044 2233 1182 2266 animus
1210 2233 1327 2273 cadit,
1356 2233 1480 2266 anxius
1503 2233 1635 2266 horret.

480 2277 634 2321 palpitat
659 2283 695 2310 et
719 2285 860 2322 pectus,
889 2278 1042 2311 strident
1068 2278 1257 2311 formidine
1281 2279 1424 2318 demeti,

483 2329 520 2355 et
542 2324 638 2355 necis
663 2323 857 2356 indomitae
886 2324 1119 2356 tremebunda
1143 2325 1295 2357 occurrit
1317 2325 1443 2367 imago.

305 2380 434 2413 mirum
450 2379 610 2433 profecto
639 2380 755 2420 fuerit,
781 2381 809 2412 si
833 2381 926 2413 viros
950 2381 1035 2413 istos
1059 2382 1255 2414 accuratius
1282 2381 1472 2420 intuearis,
1501 2381 1538 2412 ni
1564 2390 1726 2425 progres-

307 2438 348 2458 su
372 2426 540 2470 temporis
563 2426 631 2469 ipsi
645 2436 720 2458 sese
749 2427 836 2458 citra
867 2425 1025 2458 laborem
1049 2427 1283 2466 confecerint,
1308 2437 1385 2458 cum
1410 2425 1572 2459 hostibus
1599 2438 1726 2472 perpe·

306 2478 370 2505 tuo
394 2472 446 2504 ita
472 2471 600 2504 cedant
624 2472 839 2511 effeminati,
867 2482 947 2515 erga
969 2473 1160 2516 populares
1183 2483 1266 2506 vero
1294 2477 1331 2504 et
1353 2473 1444 2505 cives
1468 2484 1550 2505 suos
1574 2473 1664 2514 adeo
1686 2484 1725 2506 se

308 2517 563 2551 inverecundos
589 2517 738 2550 audaces
768 2522 804 2549 et
833 2518 1032 2561 pertinaces
1067 2518 1273 2561 praebeant,
1297 2518 1358 2561 qui
1383 2530 1460 2551 cum
1488 2518 1589 2551 nohis
1614 2519 1726 2563 patri-

308 2563 376 2596 bus
403 2563 610 2608 conscriptis
635 2563 730 2596 urbis
759 2563 934 2595 excidium
973 2564 1167 2603 ascribant,
1191 2575 1257 2596 nec
1280 2564 1467 2597 Vindictae
1494 2569 1618 2597 cuncta
1644 2575 1726 2609 per-

311 2610 492 2653 spicientis
515 2609 655 2642 oculum
682 2608 919 2648 reformidant,
943 2620 1021 2641 cum
1049 2610 1116 2654 ipsi
1142 2615 1179 2642 et
1202 2609 1324 2642 u'rbein
1351 2615 1387 2642 et
1401 2622 1465 2645 nos
1490 2610 1724 2654 prodiderint,

311 2666 429 2699 neque
454 2661 527 2697 tam
550 2655 677 2698 insigni
695 2655 878 2688 mendacio
902 2655 1127 2690 erubescunt.
1151 2656 1219 2688 iani
1243 2656 1333 2688 illud
1358 2656 1536 2689 hominum
1561 2656 1724 2701 stupido·

314 2712 390 2734 rum
414 2701 488 2735 sive
516 2700 681 2736 delirium
708 2702 779 2736 sive
804 2702 1035 2735 infortunium
1060 2702 1219 2736 lacrimas
1245 2702 1413 2748 postulat,
1438 2702 1534 2748 quod
1552 2713 1623 2736 non
1647 2713 1722 2737 mo-
