1878 3230
394 211 464 251 m:
500 204 820 253 ANDnoNxco
868 209 1126 252 commo
1165 209 1264 252 tm.
1303 209 1338 252 ιὁ
1499 191 1611 248 383

174 308 439 364 ἑτοιμότατον
472 307 767 362 δεδιττόμενοι,
807 308 896 350 οὐδ’
932 304 1049 351 οὗτοι
1087 310 1132 351 τὸ
1175 312 1248 352 τοῦ
1293 306 1484 351 κινδύνου
1530 309 1607 360 σ’ξὺ

176 378 298 433 σφῶν
326 376 466 417 αὐτῶν
499 374 796 427 α’πετρέποντο.

281 441 415 485 Ἀλλὰ
437 439 520 494 γὰρ
545 436 653 495 μηδὲ
679 441 802 481 τοῦτο
830 441 1144 495 παραδραμέτω
1164 438 1187 482 ὅ
1206 440 1337 496 λόγος.
1395 441 1616 483 αἰτοῦνταί

174 520 280 557 τινες
316 505 607 561 ’Λνδρόνικον,
651 499 712 554 οἶς
753 506 883 559 μετῆν
926 506 1187 560 παρρησίας,
1231 507 1281 548 τὰ
1325 507 1408 548 τῶν
1455 521 1611 560 κρεμα-

138 575 358 615 ὄσθέντων
385 571 689 625 καθαιρεθῆναι
717 568 906 622 σώματα.
962 569 985 610 ὅ
1013 571 1060 612 δὲ
1095 571 1155 626 μὴ
1195 571 1341 625 ἀηδῶς
1381 569 1455 612 τὸν
1490 570 1612 624 λόγον

173 636 394 690 δεξάμενος
427 634 639 694 ἥρω’τησεν
667 637 707 676 εἰ
732 633 862 676 πάλαι
890 635 1127 677 α’πέθανον·
1185 636 1259 678 καί
1294 635 1417 690 γνούς
1454 637 1500 678 ἐκ
1527 637 1613 677 τῶν

173 700 494 757 ἅναρτησᾰντων
520 695 673 748 κακούς
699 700 835 749 κακῶς
862 701 1152 754 καταστρέψαι
1179 699 1254 742 τὸν
1277 701 1370 754 βίον
1387 733 1398 754 ,
1441 717 1610 753 συμπα-

170 768 291 817 θείας
316 763 404 809 εἶπε
431 763 528 815 τούς
554 760 712 820 ἄνδρας
736 766 980 818 καταξιοῦν,
1006 764 1081 807 καί
1105 764 1365 821 ἐπεδάκρυσε
1393 765 1523 823 τούτῳ
1552 768 1648 823 τῷῦ

170 831 353 889 ῥήματι,
386 832 658 886 ἰσχυροτέραν
687 827 871 886 φάμενος
908 826 1016 872 εἶναι
1061 833 1135 886 τῆς
1172 831 1327 882 οἰκείας
1363 831 1494 887 ὁρμῆς
1538 833 1610 873 καὶ

112 916 159 942 ιο
172 898 408 952 προθέσεως
435 896 509 948 τὴν
534 898 614 938 τῶν
640 892 775 948 νόμων
799 896 1028 950 αὐστηρίαν
1049 895 1123 938 καί
1149 892 1401 950 αῧθεντίαν,
1430 897 1505 938 καί
1529 894 1608 951 τήν

168 964 251 1005 τῶν
281 964 485 1004 δικαστῶν
503 959 720 1016 ἀπόφασιν
745 959 1020 1016 ὑπερκεῖσθαι
1047 963 1120 1016 τῆς
1143 962 1280 1003 αὐτοῦ
1307 963 1606 1018 προαιρέσεως.

170 1022 206 1069 ὠ
235 1029 417 1083 δάκρυον
447 1031 532 1076 τοῖς
555 1023 685 1068 πάλαι
712 1028 791 1079 μὲν
819 1027 892 1067 καί
916 1025 1017 1080 ἡμῖν
1047 1024 1092 1068 ἐν
1117 1029 1286 1103 συνοχῇ
1303 1028 1448 1082 ψυχῆς
1474 1042 1533 1076 ως
1560 1027 1607 1069 ἐκ

167 1096 321 1149 νέφους
349 1088 505 1147 όμβρος
530 1093 606 1146 τῆς
634 1092 809 1169 καρδίας
834 1089 1211 1144 ἐπιψεκαζόμενον.
1207 1097 1219 1119 ’
1250 1107 1283 1133 ω
1327 1092 1461 1147 λύπης
1497 1101 1659 1149 ‹tipo-V.
1678 1104 1744 1139 156

169 1161 366 1214 δροτέρας
392 1158 601 1211 σύμβολον
626 1155 700 1198 καί
744 1158 828 1198 τῶν
866 1152 986 1197 ἔνδον
1021 1155 1247 1208 πιεζόντων
1274 1159 1496 1213 τεκμήριον
1533 1157 1606 1200 α’ν·

109 1226 156 1267 15
170 1225 433 1281 αμφὴριστον
443 1255 455 1276 ,
483 1221 610 1265 ἐνίοτε
640 1223 687 1264 δὲ
714 1219 787 1262 καί
811 1218 891 1262 ὑπὸ
920 1222 1062 1277 χαρᾶς
1099 1220 1417 1277 συλλειβόμενόν
1451 1238 1495 1266 τε
1532 1225 1608 1266 καί

166 1289 496 1341 σταλαττόμενον
521 1287 580 1336 ὥς
606 1289 651 1338 ἑξ
677 1281 848 1342 ἇμάρας
884 1289 968 1328 ταῖν
1005 1284 1269 1344 ὄφθαλμῶν,
1311 1289 1411 1344 παρ’
1433 1287 1607 1344 Ἀνδρο-

164 1357 262 1413 νίκῳ
292 1356 338 1396 δὲ
364 1352 424 1409 μὴ
452 1351 579 1396 ταύτὸ
602 1355 752 1395 σθένον
761 1385 774 1406 ,
802 1349 894 1395 ἄλλ’
923 1350 1070 1409 ἑτέραν
1098 1351 1229 1410 φύσιν
1256 1352 1392 1408 λαχὸν
1431 1354 1504 1396 καί
1538 1369 1607 1396 τε-

165 1422 424 1475 κμαίρεσθαι
450 1419 634 1475 παρέχον
661 1414 839 1474 ὄλεθρον
869 1420 914 1461 ἐν
939 1420 995 1476 τῷ
1026 1418 1345 1475 οἷμαρεύεσθαι,
1385 1421 1517 1462 εἰπεῖν
1556 1422 1606 1463 δὲ

165 1487 238 1528 καί
262 1484 340 1540 τὴν
366 1482 462 1527 ὁδὸν
490 1485 706 1539 ἑπανοῖγον
727 1485 801 1539 τῆς
826 1485 871 1533 ἒς
894 1483 1135 1540 Ἀχέροντα
1165 1481 1602 1539 &unianimam-,37:021

102 1550 212 1599 2016
245 1549 401 1605 Στυγὸς
430 1547 545 1605 ὕδωρ
575 1549 621 1593 τὸ
653 1549 827 1606 κρυερὸν
858 1565 959 1592 ωσει
998 1549 1070 1592 καὶ
1111 1551 1321 1606 φρικῶδες
1358 1550 1438 1592 κάκ
1472 1549 1603 1605 μόνης

165 1617 291 1670 α’κοῆς
329 1614 618 1670 ἀποτρόπαιον.
695 1610 731 1656 ὠ
766 1614 905 1657 πόσων
942 1612 1117 1668 ἔσβεσας
1157 1616 1308 1670 κόρας,
1345 1613 1644 1670 θερμότεροιῐ)

163 1683 402 1736 προχεθέν]
439 1676 474 1722 οἳ
505 1679 661 1730 πόσους
692 1695 752 1729 εις
779 1677 886 1721 αδου
924 1681 1168 1734 παρέσυρας
1198 1681 1404 1735 πέταυρον
1443 1679 1598 1734 λάβρον

163 1747 389 1803 έπιρρυέν]
420 1743 457 1786 αἲ
482 1746 635 1795 πόσους
656 1722 948 1793 κατέκιλυσας]
979 1741 1016 1786 αἲ
1044 1746 1162 1794 οἴους
1193 1740 1350 1800 ἄνδρας
1390 1746 1452 1794 εις
1490 1743 1596 1798 τύμ-

262 1847 290 1868 ι.
317 1835 474 1891 ἕτοιμον
489 1834 528 1867 Α.
619 1833 653 1869 5
679 1831 699 1868 ὁ
726 1832 766 1867 δὲ
771 1832 823 1890 τῇ
846 1831 921 1868 τῶν
951 1834 1104 1877 χειλέων
1130 1820 1386 1879 περιψοφήσει
1407 1831 1448 1868 τὸ
1472 1837 1595 1877 παθη»-

254 1881 419 1928 νάιιενον
455 1879 652 1926 ὑποᾳὴνας
676 1881 729 1920 A,
753 1878 804 1918 ὥς
827 1878 846 1914 ὁ
881 1879 1034 1918 utI-ciros·
1067 1881 1129 1914 ἐπὶ
1154 1881 1218 1916 τοῦ
1241 1881 1494 1925 θεανθρωπου
1512 1893 1596 1926 χρι-

258 1928 348 1963 στοῦ
374 1928 410 1960 Β.
485 1928 535 1961 15.
561 1927 660 1963 συλλ.
685 1929 748 1961 καὶ
773 1924 1077 1972 ιῖποσταζόμενον
1101 1927 1143 1962 A.
1252 1939 1303 1973 ¹9·
1331 1926 1538 1973 ὑπανοῖγον
1558 1928 1597 1961 Α.

257 1978 314 2011 23·
338 1975 541 2012 κατέλυσιις
556 1975 596 2008 Δ.

166 2070 325 2111 conscii,
349 2069 412 2103 sed
440 2068 539 2114 quod
564 2068 674 2113 magis
697 2069 860 2109 mireris,
896 2068 925 2101 ii
951 2078 1096 2113 quoque
1124 2068 1261 2114 quibus
1291 2068 1436 2103 favebat
1459 2069 1600 2104 Andro-

165 2118 268 2151 nicus
292 2122 330 2150 et
353 2115 506 2150 subinde
533 2115 683 2161 aliquod
714 2116 848 2148 bonum
878 2115 1120 2159 impertiebat.

255 2163 294 2196 ln
317 2173 423 2196 causa
451 2168 548 2202 erat,
572 2161 671 2208 quod
708 2162 915 2195 acerbitatis
939 2161 1247 2206 implacabilitatis
1273 2165 1309 2194 et
1332 2162 1504 2195 saevitiae
1531 2162 1598 2196 ho-

163 2209 270 2243 minis
294 2210 393 2254 gnari
424 2209 578 2254 periculi
618 2209 730 2242 aciem
754 2219 800 2241 ne
831 2219 869 2241 se
894 2208 1041 2253 quidem
1075 2208 1270 2241 evitatus-os
1296 2208 1516 2242 metuebant.
1543 2215 1599 2243 est

165 2261 204 2289 et
226 2255 294 2288 hoc
321 2261 518 2289 memoratu
536 2255 692 2300 dignum.
714 2254 861 2300 quidam
884 2253 1048 2287 homines
1073 2253 1170 2308 apud
1186 2253 1426 2288 Andronicum
1451 2255 1598 2300 gratiosi

163 2303 338 2346 petebant
362 2307 404 2336 ut
440 2312 691 2347 suspensorum
715 2312 862 2346 corpora
893 2301 1118 2335 tollerentur.
1150 2301 1179 2333 is
1202 2311 1287 2333 vero
1313 2301 1358 2334 iis
1382 2302 1500 2334 verbis
1524 2313 1600 2335 non

165 2351 341 2389 offensus,
368 2349 504 2393 rogavit
524 2359 609 2381 num
634 2348 775 2392 pridem
800 2353 920 2380 essent
949 2348 1093 2380 mortui.
1119 2347 1183 2379 ubi
1209 2357 1254 2379 ex
1282 2347 1508 2381 carnificibus
1534 2360 1600 2381 au-

166 2393 257 2427 divit
278 2395 390 2428 malos
434 2395 527 2427 male
568 2395 742 2439 periisse,
766 2404 804 2427 se
828 2394 952 2427 dolere
976 2394 1089 2427 vicem
1115 2393 1259 2426 illorum
1284 2393 1452 2428 dixitne
1475 2394 1514 2427 id
1542 2395 1599 2427 ‹li-

166 2444 261 2473 ctum
285 2441 439 2474 lacrimis
467 2446 701 2486 prosecutus,
734 2440 869 2473 adiecit
896 2440 1013 2484 legum
1039 2440 1264 2473 severitatem
1286 2446 1325 2473 et
1347 2442 1599 2474 auctoritatem

167 2495 231 2518 sua
256 2488 440 2520 voluntate
464 2492 500 2520 et
522 2487 706 2532 proposito
729 2487 810 2531 plus
833 2487 964 2527 v‚alere
989 2492 1026 2520 et
1048 2486 1207 2519 iudicum
1230 2488 1427 2520 sententias
1451 2498 1516 2520 suo
1542 2487 1599 2519 iu-

170 2531 266 2564 dicio
304 2534 539 2578 praepollere
579 2545 601 2566 o
627 2534 816 2572 lacrimae,
853 2544 946 2578 quae
979 2539 1016 2567 et
1060 2533 1146 2566 olim
1172 2538 1210 2566 et
1242 2544 1263 2565 a
1294 2533 1399 2567 nobis
1423 2534 1461 2565 in
1488 2533 1599 2565 animi

166 2588 327 2611 moerore
355 2579 626 2620 sundebamini,
652 2591 696 2613 ex
719 2578 826 2612 corde
851 2585 1021 2624 tanquam
1046 2579 1162 2612 imber
1184 2590 1204 2612 e
1226 2579 1385 2613 nubibus
1412 2579 1600 2612 destillan-

171 2623 247 2656 tes!
274 2633 296 2655 o
330 2625 497 2667 gravioris
536 2604 708 2660 tristitiae
747 2626 874 2669 signa,
899 2631 936 2658 et
958 2636 1080 2659 eorum
1105 2637 1198 2671 quae
1221 2626 1320 2659 intus
1343 2630 1471 2670 urgent
1496 2635 1600 2668 argu-

170 2674 291 2702 menta
316 2671 534 2712 certissima,
566 2673 726 2717 quamvis
764 2671 961 2717 aliquando
995 2673 1104 2705 etiam
1147 2682 1232 2717 prae
1255 2671 1386 2716 gaudio
1414 2681 1458 2703 ex
1485 2671 1599 2704 oculis

167 2715 280 2748 veluti
311 2721 430 2759 guttae
455 2717 682 2752 exuberetis!
714 2717 786 2750 alia
819 2723 935 2751 vestra
964 2724 1093 2751 natura
1126 2723 1182 2751 est
1214 2717 1310 2763 apud
1334 2716 1598 2750 Andronicum.

167 2762 422 2797 internecionis
459 2764 547 2797 estis
569 2764 830 2809 praenuntiae,
864 2769 901 2798 et
926 2764 964 2797 in
993 2764 1233 2800 Acherontem
1257 2768 1294 2798 et
1316 2762 1472 2807 Stygiam
1494 2763 1598 2808 palu-
