1838 3210
145 412 244 461 v.,5s

270 185 286 218 ι
299 163 375 230 44
682 177 911 219 memmi
949 176 1261 219 CHONJATAE

259 276 351 330 ἑνός
374 282 451 334 μὲν
478 276 629 325 ἐλάσας
653 274 726 317 τόν
764 276 888 316 ἵππον
913 273 985 316 καὶ
1006 275 1048 317 τό
1074 273 1175 328 δόρυ
1203 272 1430 329 κραδάνας,
1459 274 1611 316 ἐκείνου
1641 272 1687 315 δὲ

256 341 643 399 συγκαταβαλόντος
679 338 753 381 τὸν
780 338 978 393 σύνεγγυς
1013 340 1063 397 τῇ
1096 339 1206 395 ῥύμῃ
1250 340 1322 381 τοῦ
1353 339 1688 389 ὃιακοντίζοντος.

353 407 531 462 Πλήσας
557 400 632 446 ουν
661 405 726 445 ἐπ’
755 399 926 461 ἀνδρεία
947 419 1045 454 τους
1075 404 1302 457 Ἀντιοχεῖς
1330 403 1560 456 θαύματος,
1586 396 1687 455 mps-

257 490 300 516 σι
332 467 641 526 παρειληφότας
671 464 774 524 ἅπερ
807 469 951 518 α’κοαῖς
976 469 1198 523 ἐνηχοῦντο
1227 468 1452 523 πρότερον,
1481 465 1583 520 ἔγνω
1607 482 1688 509 mu-⁴

257 538 454 593 λινῳὸίαν
486 531 587 592 ᾆσαι
633 532 738 588 πρός
772 532 846 588 τήν
887 536 1204 576 Κωνσταντίνου
1245 533 1516 588 τραπόμενος.
1571 529 1727 576 ἔνθενό

256 617 318 642 τοι
335 602 406 641 καί
427 595 483 648 ὥς
499 598 568 640 διὰ
600 598 742 654 φιλίας
767 600 927 651 μέλλων
954 599 1062 641 ἴέναι
1088 600 1282 654 διαφιήσι
1308 597 1353 640 τὸ
1384 595 1687 652 στρατόπεδον,

257 663 352 706 ὅποι
381 666 503 720 φίλον
532 661 687 721 ἑκάστῳ
712 665 1010 717 μεθίστασθαι.
1066 664 1185 706 τοῦτο
1214 665 1260 705 δὲ
1299 661 1356 718 μή
1388 665 1486 703 καθ’
1513 660 1689 716 ἡγεμόνα

257 727 398 779 ὄποῖος
426 724 477 784 ἦν
509 727 634 778 αὐτὸς
659 725 1009 782 βουλευσάμενος,
1039 728 1164 770 ἔλαθε
1194 731 1488 783 παραπολέσοις
1514 725 1558 768 τὸ
1583 723 1687 767 πολύ

215 796 334 841 1)τοῦ
361 796 547 850 στρατοῦ
579 793 650 836 καὶ
691 795 825 842 κακῶς
853 792 906 835 τοὶ
953 796 1041 835 κατ’
1072 790 1204 848 οὗράν
1232 795 1501 846 διαθέμενος·
1558 790 1582 846 ἦ
1609 789 1687 844 γὰρ

258 857 358 914 πρὸς
387 862 561 914 πορείαν
598 859 711 910 ὀξεῖα
751 860 901 900 τούτου
945 857 1051 914 ῥοπὴ
1083 860 1156 900 καί
1187 859 1211 914 ἧ
1241 857 1346 913 πρὸς
1368 857 1421 900 τοὶ
1451 858 1580 898 οἰκεῖα
1605 851 1688 910 ἤθη

256 927 338 965 τῶν
363 925 625 978 στρατιωτῶν
651 920 906 977 οἷχαλίνωτος
926 917 1106 977 ἔπαρσις
1135 925 1207 964 καί
1235 922 1450 976 ἀλόγιστος
1473 921 1547 962 οὐκ
1572 919 1691 974 ὀλίγα

255 992 339 1030 ταῖν
366 985 582 1042 ταγμάτων
610 989 864 1030 διαλυθέν-τα
883 986 1215 1043 παρελυμὴνατο,
1236 989 1316 1043 τῶν
1337 984 1529 1041 Τούρκων
1551 987 1689 1027 ἐπεισ-

255 1052 467 1096 πεσόντων
505 1052 676 1107 ἀθρόως
719 1052 886 1105 αὐτοῖς,
927 1052 983 1101 (ὃς
1007 1053 1128 1110 πείρᾳ
1153 1055 1304 1107 γνῶναι
1330 1050 1376 1094 τὸ
1402 1049 1488 1094 τότε
1515 1048 1691 1099 πολλοὺς

1708 872 1754 897 1‘0

258 1114 344 1160 οἷον
368 1117 529 1172 οἰγαθὸν
561 1116 587 1171 ἦ
615 1116 867 1173 προμήθεια,
894 1115 967 1172 τὴν
994 1119 1033 1158 δ’
1061 1117 1383 1173 ὕστεροβουλιάν
1397 1120 1566 1171 πρᾶγμα
1595 1113 1691 1157 ἀνό-
1743 1119 1746 1120 ’

258 1199 374 1238 νητον
415 1185 487 1224 καί
525 1181 790 1239 α’ξόμφορον,
836 1181 909 1224 καί
936 1182 991 1232 ὥς
1031 1189 1223 1238 κρεῖσσον
1244 1182 1290 1224 τὸ
1320 1184 1419 1235 μεθ’
1442 1181 1626 1236 ἡμέραν,
1654 1195 1690 1222 ει

257 1247 382 1298 σώζει
411 1247 485 1288 καί
506 1246 677 1289 δίδωσιν
695 1242 908 1300 εὔκλειαν,
936 1248 1011 1289 τοῦ
1032 1248 1320 1295 κατασπῶντος
1342 1247 1494 1288 αὐτίκα
1522 1247 1581 1295 εἰς
1609 1245 1692 1287 θά-

257 1327 392 1365 νατον,
419 1308 495 1353 κᾶν
523 1312 729 1368 ὖποσαίνῃ
755 1313 1023 1367 χρηστότητι.
1083 1309 1195 1366 τάχα
1225 1313 1264 1352 δ’
1291 1308 1342 1353 ἄν
1371 1311 1445 1352 καί
1469 1312 1530 1360 εἰς
1556 1313 1693 1364 χείρι-

257 1392 354 1421 στον
393 1374 553 1432 προύβη
604 1375 655 1419 τοὶ
694 1376 899 1431 οἴκτιστα,
936 1379 976 1419 εἰ
1009 1376 1066 1433 μή
1111 1376 1310 1431 βασιλεῦς
1358 1375 1694 1431 ἑπαναστραφείς

260 1442 570 1497 τῶνΤούρκων
594 1438 799 1484 ἀνέστειλε
826 1441 903 1497 τήν
935 1441 1085 1498 φοράν,
1108 1444 1179 1484 καί
1208 1442 1458 1498 προύπεμψε
1487 1439 1538 1483 τοὶ
1567 1456 1693 1494 στρα-

1681 1181 1757 1224 '15

260 1505 414 1549 τόπεδα
457 1510 551 1560 μεθ’
592 1508 682 1556 οἵας
711 1505 797 1549 ἔδει
834 1505 1067 1558 συντάξεως
1094 1507 1313 1562 πρότερον,
1342 1503 1411 1548 ὅτε
1440 1507 1514 1547 καί
1535 1507 1695 1559 λέγεται
1707 1522 1758 1548 20

156 1586 248 1632 p,73
262 1578 348 1620 τοῖς
375 1573 457 1612 τῶν
500 1570 710 1613 πεσόντων
750 1570 977 1613 ἐπιστάντα
1006 1571 1222 1624 πτώμασι,
1254 1574 1327 1613 καὶ
1355 1569 1399 1612 τὸ
1430 1572 1588 1624 πλῆθος
1614 1569 1697 1610 τῶν

262 1635 585 1692 διαφθαρέντων
625 1651 724 1678 οσον
762 1636 1095 1691 κατανοήσαντα,
1135 1639 1292 1691 πλῆξαί
1319 1651 1364 1677 τε
1406 1637 1458 1692 τῇ
1483 1635 1596 1690 χειρί
1624 1633 1696 1675 τόν

261 1700 396 1758 μηρὸν
416 1700 650 1754 ἀχθόμενον
679 1716 747 1743 και
775 1703 1064 1757 περιψοφησαι
1101 1700 1151 1743 τά
1183 1701 1301 1755 χείλη
1330 1699 1462 1743 πυκνοὶ
1489 1703 1559 1741 καί
1585 1695 1696 1741 ἄνοι-

362 1828 387 1850 ι.
413 1815 596 1854 ἐπελάσας
623 1818 659 1851 Δ.
761 1819 808 1852 13.
833 1815 981 1865 α’θρόον
1006 1818 1044 1851 Α.
1121 1819 1173 1853 ι5.
1197 1815 1237 1851 τό
1267 1828 1325 1851 om
1352 1817 1392 1850 A.
1421 1816 1443 1858 ἤ
1465 1813 1634 1862 ἅναμονὴ
1657 1815 1693 1847 B·

266 1934 370 1969 simul
399 1934 604 1978 prostravit,
630 1944 724 1979 equo
753 1935 791 1967 in
819 1932 970 1968 &lterum
997 1940 1033 1968 et
1057 1934 1159 1968 hasta
1185 1935 1364 1975 invectus,
1392 1933 1456 1979 qui
1479 1933 1617 1977 impetu
1641 1932 1694 1965 ia-

265 1982 336 2014 culi
362 1982 470 2013 etiam
498 1980 651 2013 alterum
676 1991 746 2013 una
775 1991 895 2013 secum
919 1981 1061 2014 deiecit.

356 2027 545 2070 Postquam
579 2026 822 2060 Antiochenos
855 2027 1092 2060 admiratione
1116 2025 1339 2058 fortitudinis
1365 2025 1588 2080 impleverat,
1615 2035 1695 2056 cum

265 2073 334 2117 ipsi
357 2072 530 2105 vidissent
559 2082 658 2125 quae·
678 2072 776 2116 prius
809 2073 1042 2113 audiverant,
1069 2072 1207 2116 Cpolim
1234 2071 1350 2104 redire
1372 2070 1550 2112 instituit,
1576 2075 1612 2103 et
1631 2080 1697 2115 per

266 2119 396 2151 amicas
424 2119 624 2162 provincias
649 2118 717 2150 iter
741 2119 877 2152 habens
899 2120 1087 2151 maximam
1112 2118 1293 2161 copiarum
1316 2122 1452 2161 partem
1478 2116 1624 2149 dimisit.
1657 2116 1695 2149 in

264 2176 338 2210 quo
362 2164 574 2209 prudentiae
599 2175 684 2196 suae
709 2164 845 2198 oblitus
880 2165 1012 2198 milites
1038 2164 1210 2208 plurimos
1234 2164 1376 2203 amisit,
1400 2168 1558 2201 eatremo
1585 2163 1696 2206 agmi-

265 2222 311 2244 ne
335 2211 428 2243 male
465 2215 638 2242 tractato:
674 2221 755 2242 nam
791 2211 939 2243 incitata
979 2211 1119 2243 itineris
1142 2210 1319 2253 cupiditas
1361 2214 1397 2242 et
1421 2209 1562 2241 effrenis
1585 2214 1694 2254 atque

267 2255 550 2290 inconsideratus
587 2255 732 2288 domum
773 2256 898 2289 itionis
923 2256 1027 2289 ardor
1051 2256 1210 2300 legiones
1234 2267 1307 2288 non
1331 2266 1460 2299 paucas
1488 2255 1526 2288 in
1549 2255 1613 2287 illa
1639 2254 1696 2287 di-

267 2303 450 2348 spersione
475 2302 622 2342 afflixit,
658 2302 778 2335 subito
817 2303 1016 2335 Fui-corum
1048 2302 1185 2334 insultu
1219 2312 1417 2346 oppressas.
1456 2306 1531 2334 tum
1556 2312 1592 2334 re
1615 2300 1694 2354 ipsa

267 2354 487 2393 compertum
514 2353 569 2381 est
592 2353 765 2392 quantum
790 2348 877 2381 honi
902 2349 949 2381 sit
977 2350 1014 2381 in
1037 2347 1284 2393 providentia,
1311 2353 1484 2392 quantum
1511 2347 1694 2380 temeritas

268 2401 307 2429 et
333 2395 534 2428 inconsulta
563 2395 711 2426 consilia
736 2401 927 2439 apportent
955 2393 1259 2427 incommodorum
1273 2399 1310 2427 et
1331 2394 1527 2435 malorum,
1552 2405 1592 2426 ac
1614 2393 1695 2425 lon—

269 2453 311 2486 ge
335 2445 516 2486 praestare
551 2440 741 2473 salutarem
777 2452 911 2473 moram
950 2440 1170 2485 perniciosae
1196 2440 1441 2480 festinationi,
1467 2439 1694 2484 quantumvis

268 2488 374 2521 initio
402 2498 463 2531 spe
487 2487 583 2519 bona
606 2486 819 2519 blandienti.
845 2488 1004 2520 fortassis
1026 2492 1144 2519 autem
1168 2487 1306 2530 gravior
1327 2485 1444 2518 clades
1470 2490 1614 2530 accepta
1639 2495 1695 2518 es·

271 2540 348 2574 set,
373 2533 442 2565 nisi
467 2533 661 2577 imperator
684 2544 870 2566 conversus
898 2533 1094 2566 Turcorum
1133 2533 1306 2577 impetum
1334 2532 1561 2576 repressisset
1585 2536 1694 2576 atque

272 2579 466 2614 exercitum
502 2589 543 2611 eo
581 2579 724 2620 ordine,
765 2589 836 2624 quo
862 2580 959 2624 prius
990 2579 1029 2611 id
1052 2579 1129 2611 fieri
1158 2578 1349 2619 decuerat,
1378 2577 1588 2610 reduxisset.
1614 2588 1693 2610 cum

271 2637 354 2660 vero
384 2624 613 2659 cadaveribus
641 2626 813 2659 astitisset
839 2631 875 2658 et
909 2625 1178 2658 multitudinem
1203 2625 1472 2658 interfectorum
1495 2623 1717 2668 perspexisg

274 2678 347 2712 set,
386 2671 490 2705 labiis
528 2671 670 2716 agitatis
705 2683 790 2716 prae
825 2671 948 2705 dolore
986 2672 1101 2704 femur
1129 2670 1251 2704 crebro
1286 2671 1518 2716 percussisset
1552 2675 1588 2703 et
1613 2680 1693 2702 cum

274 2717 461 2764 profundis
493 2718 654 2763 suspiriis
698 2718 926 2751 illacrimasse
967 2717 1098 2759 fertur,
1134 2718 1235 2752 utin
1273 2716 1495 2762 aegritudine
1523 2716 1632 2750 animi
1658 2720 1695 2748 et
