1838 3210
587 170 859 212 ionANNrs
903 168 1214 211 commus.
1562 142 1631 198 25

190 269 431 319 ἀντιπάλοις
472 271 710 327 ἐφίσταται.
779 269 959 311 διελθών
1001 270 1048 312 δὲ
1081 267 1158 312 τὸν
1207 265 1395 320 ποταμὸν
1430 264 1536 318 μετὰ
1564 264 1637 318 τῆς

188 335 461 391 στρατηγίδος
497 335 718 391 τριήρους,
759 335 834 376 καί
874 333 947 376 τὸν
985 334 1168 390 στρατὸν
1203 331 1565 387 καταστησάμενος
1592 332 1635 379 ές

187 400 236 443 τὸ
262 402 418 454 πέραν,
460 399 697 458 ἱππομαχία
739 401 814 441 καί
847 400 1036 455 δοράτων
1077 397 1314 454 ἆγκοινήσει
1354 396 1402 440 τὸ
1431 393 1637 440 συνελθόν

190 462 395 509 Οὖννικόν
422 467 676 509 διεσκέδασε.
732 463 933 520 χρονίσας
967 466 1005 507 ‹5’
1034 467 1080 508 ἐν
1107 467 1160 522 τῇ
1186 465 1363 522 πολεμίᾳ
1391 462 1464 512 καί
1487 477 1636 516 καρτε-

149 533 175 574 5
189 530 414 586 ρικώτατος
456 530 604 588 φανείς
641 527 800 572 ἑαυτοῦ
826 531 904 572 τοῦ
942 546 987 572 τε
1018 531 1351 587 Φραγγοχωρίου
1379 526 1632 584 ἐκράτησεν,

186 594 289 653 ὅπερ
314 597 407 640 ἐστι’
420 599 495 652 τῆς
509 598 595 638 τῶν
619 591 789 640 Οὔννων
807 598 883 651 γῆς
908 594 954 638 τό
976 595 1190 649 πιότατον,
1219 598 1264 645 ές
1279 595 1405 638 πεδία
1433 591 1635 645 ὗπτιάζον

185 662 416 719 ἱππήλατα,
428 661 582 714 μεταξύ
602 665 685 705 τῶν
697 663 896 715 ποταμῶν
911 661 1107 715 Σαούβου
1121 661 1194 703 καί
1203 657 1372 717 Ἴστρου
1392 659 1632 704 ἀναπεπτα-

185 729 328 783 μένον,
348 730 421 770 καί
443 729 489 772 τὸ
510 725 742 783 Ζεὺγμινον
770 726 1079 783 παρεστήσατο,
1108 729 1182 769 καί
1204 729 1292 769 κατ’
1319 726 1450 769 αὐτὸν
1477 724 1634 776 ἐλάσας

183 791 260 835 τὸν
299 791 480 849 Χράμον
515 793 633 835 λείαν
664 794 857 848 πλείστην
904 789 1192 847 περιεβάλετο.
1258 791 1401 834 ἔπειτα
1437 790 1510 834 καί
1536 792 1634 834 tov'-
1647 794 1738 828 P-13

126 873 174 901 10
187 874 245 916 τῳ
272 861 331 915 τῷ
356 861 467 913 γένει
493 862 589 913 μεθ’
615 856 760 915 ἑτέρας
779 857 1025 912 συμπλοκάς
1052 857 1343 912 σπεισάμενος,
1369 855 1423 900 τά
1454 873 1500 899 τε
1529 857 1635 911 πρὸς

184 923 354 981 εἰρήνην
392 919 442 966 εὖ
485 926 761 980 διαθέμενος,
799 924 872 966 καί
909 923 952 966 τὸ
980 922 1125 966 λοιπὸν
1161 921 1445 979 βαρβαρικόν,
1481 921 1635 966 ὁπόσον

183 992 281 1032 καθ’
308 987 491 1046 ἑσπέραν
510 988 732 1045 Ῥωμαιόις
766 986 999 1047 ἄγχουρον,
1030 991 1090 1039 εἰς
1117 991 1264 1046 φιλίαν
1291 985 1394 1031 οἷκον
1419 988 1634 1044 ὑπαγαγό-

182 1070 310 1108 μενος
337 1057 382 1098 ἐν
410 1053 472 1106 οἷς
498 1058 695 1106 πολλάκις
721 1054 898 1112 εὕρόησε
934 1055 1041 1098 κατά
1072 1054 1144 1099 τὸν
1169 1055 1364 1109 πόλεμον,
1397 1055 1486 1098 δεῖν
1508 1054 1632 1114 ᾠήθη

183 1123 259 1163 καί
280 1119 331 1164 τά
359 1118 565 1177 ὑπερόρια
583 1125 714 1179 φῦλα,
741 1124 841 1165 καθ’
867 1122 913 1164 ὃν
943 1119 997 1164 ἂν
1027 1121 1102 1164 καί
1126 1121 1298 1164 δύναιτο
1325 1120 1496 1176 τρόπον,
1525 1121 1632 1163 ὖπο-

124 1189 172 1230 15
185 1187 457 1243 ποιήσασθαι,
475 1189 549 1230 καί
562 1185 720 1231 τούτων
736 1187 922 1240 μάλιστα
939 1187 1074 1231 ὁπόσα
1091 1190 1143 1246 τῇ
1152 1189 1332 1246 ἐμπορίᾳ
1344 1186 1418 1230 καί
1431 1187 1631 1246 α’γυρτεία

182 1253 459 1309 προσκείμενα
475 1252 582 1306 μετά
601 1256 756 1297 πλοίων
767 1257 811 1304 ἐς
828 1253 902 1309 τὴν
914 1256 1231 1297 Κωνσταντίνου
1243 1256 1530 1308 καταίρουσιν.
1554 1253 1629 1294 οὕ-

182 1320 285 1361 κοῧν
311 1322 385 1362 καί
399 1316 511 1374 εἶχεν
529 1319 847 1373 οἰκειωσάμενος
873 1321 949 1376 την
964 1322 1171 1376 παράλιον
1185 1320 1368 1363 Ἰταλίαν
1382 1316 1479 1372 ,ὅλα
1495 1320 1630 1376 λαίφη

181 1386 447 1428 διαπετῶσαν
489 1388 534 1436 ἐς
571 1385 646 1443 τὴν
672 1386 874 1440 βασιλίδα
916 1389 1001 1429 τῶν
1027 1385 1202 1428 πόλεων.
1261 1383 1563 1442 ἠρεμησάντων
1587 1387 1630 1427 δ’

181 1447 292 1494 οὕτω
315 1452 396 1494 τῶν
421 1453 515 1494 καθ’
531 1448 714 1509 ἑσπέραν
738 1455 879 1507 γενῶν,
900 1455 944 1502 ἐς
966 1451 1044 1508 τήν
1069 1455 1126 1494 ἓω
1148 1449 1402 1506 διαβιβάσας
1420 1449 1467 1492 τό
1500 1450 1628 1506 στρά-

118 1531 170 1558 20
183 1532 317 1571 τευμα
343 1522 429 1568 τοῖς
468 1517 545 1574 τὴν
571 1521 835 1572 Κασταμόνα
862 1521 1090 1573 κατέχουσι
1115 1520 1455 1574 Περσαρμενιόις
1482 1519 1666 1560 ἔπαθέ-Β

181 1585 289 1625 σθαι
314 1581 517 1638 ἔγνωκεν,
549 1581 652 1627 ὅθεν
683 1585 754 1627 διά
786 1586 859 1640 τῆς
887 1586 972 1627 τῶν
999 1586 1201 1628 Βιθυνῶν
1227 1583 1302 1626 καί
1326 1581 1630 1639 Παφλαγόνων

181 1649 391 1703 ἐπαρχίας
428 1648 583 1700 ἐλάσας
618 1653 753 1694 ε’κεΐσέ
796 1666 841 1693 τε
889 1653 1187 1707 παραγίνεται,
1239 1652 1313 1692 καί
1340 1650 1533 1703 κλίμαξιν
1563 1645 1631 1691 ὅτι

181 1717 396 1765 πλείσταις
437 1716 701 1772 χρησάμενος
743 1717 816 1759 καί
854 1719 991 1774 κυκλῷ
1026 1715 1282 1772 περιστήσας
1316 1714 1391 1764 τάς
1419 1712 1628 1764 ἑλεπόλεις

183 1780 315 1835 αὐτῆς
346 1797 391 1822 τε
418 1784 492 1836 τῆς
523 1781 798 1835 Κασταμόνος
831 1789 987 1837 κρατεῖ,
1015 1783 1088 1824 καί
1111 1781 1183 1823 τὸν
1207 1781 1360 1836 ταύτης
1386 1780 1629 1834 σατραπεύ-

117 1851 170 1892 25
184 1862 283 1894 οντα
315 1850 641 1902 Περσαρμένιον
676 1847 904 1890 ἆπειπόντα
933 1847 1031 1903 περὶ
1068 1849 1150 1890 τῶν
1190 1844 1298 1889 ὅλων
1341 1845 1513 1903 φυγάδα
1544 1847 1629 1888 δεί-

277 1930 310 1971 4.
333 1925 375 1960 ἐν
398 1937 466 1958 οιη.
491 1928 531 1960 Α.
632 1937 681 1959 12.
706 1927 744 1964 ἐς
769 1928 807 1960 Λ.
909 1928 959 1961 13.
981 1925 1048 1961 τὸν
1075 1938 1143 1959 om.
1168 1928 1208 1960 A.

181 2010 260 2047 cto,
286 2012 323 2039 et
347 2007 557 2040 exercituin
574 2006 722 2040 adversa
745 2008 822 2052 ripa
841 2007 1024 2053 exposito,
1046 2007 1237 2041 colluviem
1265 2006 1499 2039 barbarorum
1516 2017 1627 2052 eque-

181 2054 247 2087 stri
277 2064 397 2098 pugna
433 2059 472 2087 et
502 2053 685 2087 hastarum
720 2055 797 2087 acie
827 2055 1052 2100 profligavit3
1089 2060 1126 2088 et
1149 2053 1338 2093 inhostili
1382 2064 1464 2097 agro
1489 2054 1626 2086 maiore

181 2111 290 2144 quam
322 2101 421 2145 prius
458 2111 618 2145 unquam
650 2100 845 2134 tolerantia
883 2107 1144 2141 commoratus,
1178 2099 1442 2134 Francochorio
1485 2101 1624 2145 potitus

181 2152 261 2187 est,
287 2147 512 2180 fertilissima
546 2153 663 2181 terrae
702 2148 892 2182 Hunnicae
932 2154 1056 2194 parte,
1088 2159 1180 2193 quae
1209 2147 1359 2180 declivis
1392 2147 1431 2179 in
1456 2153 1623 2191 patentes

180 2204 324 2238 campos
349 2194 444 2227 intra
476 2194 584 2228 Saum
610 2201 647 2228 et
670 2195 801 2228 Istrum
834 2196 962 2229 fluvios
989 2195 1207 2229 extenditur.
1239 2199 1276 2227 et
1302 2193 1532 2237 leguminum
1559 2194 1624 2226 de-

178 2240 322 2274 ditione
352 2241 469 2285 cepit,
506 2246 543 2274 et
576 2242 693 2286 ipsum
721 2242 912 2275 Chramum
936 2254 1119 2287 aggressus
1144 2242 1300 2274 maxima
1322 2240 1455 2285 praeda
1483 2241 1623 2286 potitus

180 2292 246 2320 est.
270 2299 311 2320 ac
334 2293 419 2332 post
452 2287 540 2321 alias
579 2288 830 2323 dimicationes
856 2301 946 2334 pace
969 2301 1047 2322 cum
1074 2288 1142 2322 hac
1167 2294 1274 2333 gente
1299 2288 1394 2320 sacta
1418 2292 1456 2320 et
1482 2288 1624 2321 utiliter

177 2334 342 2374 firmata,
366 2335 568 2380 ceterisque
600 2335 785 2376 barbaris,
811 2338 875 2381 qui
908 2337 1076 2369 Romanis
1099 2347 1221 2369 versus
1250 2334 1485 2368 Occidentem
1512 2334 1626 2367 finiti-

178 2381 231 2414 mi
253 2387 360 2421 sunt,
392 2382 451 2414 vel
486 2382 608 2415 invitis
639 2383 678 2415 in
711 2383 905 2416 amicitiam
932 2395 1032 2416 suam
1065 2383 1271 2428 pertractis,
1299 2393 1378 2414 cum
1406 2382 1515 2414 toties
1539 2392 1624 2426 pro-

179 2438 283 2471 spere
306 2434 525 2472 pugnasset,
559 2430 667 2462 etiam
693 2430 903 2463 remotiores
927 2435 1050 2474 gentes
1074 2439 1293 2474 quocunque
1319 2427 1426 2461 modo
1452 2428 1623 2472 subigen-

180 2473 243 2507 ‹las
269 2475 419 2515 censuit,
445 2486 578 2520 easque
601 2477 828 2520 potissimum
855 2489 948 2522 quae
974 2476 1116 2521 Cpolim
1139 2481 1362 2509 mercaturae
1390 2481 1428 2508 et
1450 2481 1622 2520 quaestus

178 2522 292 2564 gratia
326 2522 562 2566 appellerent.
597 2523 722 2568 itaque
746 2523 962 2557 maritimam
986 2524 1129 2556 Italiam
1169 2522 1240 2556 sibi
1275 2522 1504 2563 conciliavit,
1527 2531 1623 2566 quae

178 2567 297 2611 plenis
324 2569 416 2601 velis
438 2569 629 2608 in-urbem
655 2570 916 2615 imperatricem
942 2570 1152 2604 vehebatur.
1178 2570 1228 2603 ita
1252 2569 1419 2614 gentibus
1444 2568 1623 2601 Occiden-

178 2613 315 2648 talibus
349 2616 504 2659 pacatis,
538 2616 704 2650 traducto
739 2618 779 2650 iu
812 2617 998 2651 Orientem
1035 2617 1212 2657 exercitu,
1246 2616 1532 2655 Persmmenios,
1557 2614 1622 2658 qui

178 2658 429 2695 Castamonem
458 2662 655 2704 tenebant,
681 2664 824 2708 aggredi
851 2665 1021 2698 instituit.
1046 2664 1158 2708 igitur
1179 2674 1246 2707 per
1268 2662 1473 2706 Bithyniam
1497 2666 1534 2694 et
1556 2661 1624 2693 Pa-

177 2705 409 2751 phlagoniam
444 2709 645 2755 provincias
683 2721 726 2744 eo
750 2711 1012 2756 proficiscitur,
1047 2716 1085 2744 et
1116 2711 1221 2744 scalis
1244 2710 1408 2755 plurimis
1445 2707 1621 2741 adhibitis

178 2752 426 2801 machinisque
467 2757 729 2803 circumpositis
761 2757 852 2793 urbe
882 2758 1046 2804 potitur,
1077 2762 1114 2791 et
1137 2756 1420 2792 Persarmenium
1443 2760 1621 2801 satrapam
