1878 3230
529 180 601 220 m:
639 178 855 221 1sAAclo
897 179 1116 221 ANGELO
1157 180 1256 220 Lm.
1294 181 1348 221 ιι.
1509 157 1620 214 523

182 276 281 330 τρὸς
320 276 546 331 ἐξανεψιὰν
586 279 823 330 δομέστικος
858 278 930 331 τῆς
971 274 1173 332 ἀνατολῆς
1220 276 1412 333 τιμηθεὶς
1450 277 1522 317 καί
1551 275 1624 330 τὴν

183 341 378 396 δουκικῆν
412 341 552 397 ἀρχὴν
598 344 680 385 τῶν
723 344 970 401 Θρᾳκησίων
1019 342 1358 396 ἀναζωσάμενος,
1408 342 1624 397 χρήμασιν

181 404 416 462 ὖπὲφθειρε
446 410 662 458 πλείστους
694 411 778 450 τῶν
811 411 889 449 τοῦ
914 411 1143 464 Μαγκαφᾶ
1178 408 1365 462 ὀμοτιόν,
1396 408 1470 451 καὶ
1494 406 1624 450 αὐτὸν

179 473 259 524 μὲν
284 473 361 514 οὔκ
388 472 487 527 ἔσχε
527 477 753 527 συλλαβεῖν
785 473 860 516 καί
885 475 1053 526 δεσμοῖς
1079 478 1340 529 περιβαλεῖν,
1370 475 1444 530 τῆς
1470 476 1519 516 δὲ
1547 470 1623 514 πό-

145 536 285 587 5λεως
319 538 629 596 Φιλαδελφείας
674 540 833 591 ἑξώσας
872 537 988 591 ἔδοξε
1013 538 1086 581 καί
1111 537 1222 581 οὕτω
1246 542 1355 594 μέγα
1383 557 1427 582 τι
1458 556 1619 594 κατωρ·
1640 554 1667 586 Β

180 606 365 646 θωκὲναι
393 607 466 646 καί
504 603 710 647 ἀσπάσιον
737 604 857 658 ἔργον
883 607 942 661 τῷ
970 608 1148 658 βασιλεῖ.
1206 607 1294 647 ἀλλ’
1323 600 1442 654 οὗτος
1468 607 1526 662 τῷ
1552 606 1626 647 τοό

178 669 350 713 Ἰκονίου
389 669 572 713 σουλτάν
609 671 858 726 προσρυείς,
902 665 936 727 ᾧ
963 671 989 723 ἦ
1019 671 1162 724 κλῆσις
1191 671 1486 726 Καϊχοσρόης,
1515 688 1624 724 συμ-

178 734 358 788 μαχικὸν
384 738 463 788 μὲν
492 734 669 789 αἰτήσας
695 734 800 777 κατὰ
823 737 1044 788 Ῥωμαίων
1075 737 1151 776 ουἰι
1175 734 1345 789 ἔλαβεν,
1376 735 1552 791 ἐνεδόθη
1577 738 1626 778 δέ

181 798 221 841 οἱ
247 800 645 854 προσλαμβάνεσθαι
672 797 983 855 ἄνεπεγκλήτως
1012 798 1158 843 ὁπόσοι
1186 804 1272 843 τῶν
1308 803 1503 855 Τούρκων
1532 818 1625 856 κερ-

123 865 457 922 Ιῡδαλεόφρονες
494 863 600 908 κᾶπί
639 869 696 924 ’τῷ
732 869 906 923 γωρυτῷ
946 866 1019 909 καί
1044 869 1102 923 τῷ
1142 864 1247 926 τόξῳ
1275 866 1350 922 τήν
1376 871 1628 923 πεποίθησιν

179 929 342 985 ἔχοντες
381 931 616 985 Ῥωμαίους
656 932 939 989 λῃστεύουσιν.
1014 934 1090 975 οὔκ
1119 931 1261 987 ὄλίγην
1290 927 1368 976 οὖν
1396 935 1455 990 τῷ
1485 933 1625 990 τρόπῳ

178 996 314 1055 τούτῳ
351 995 602 1052 συναγηόχει
650 997 853 1052 δύναμιν,
894 998 967 1041 καί
1005 998 1135 1041 ἐπιών
1176 997 1275 1047 τούς
1310 1014 1356 1040 τε
1385 998 1627 1053 πατριώτας

180 1060 338 1106 ἑαυτοῦ
367 1065 412 1112 ἐς
438 1063 510 1106 τόν
536 1063 763 1118 γεωργικὸν
791 1058 916 1118 ὅχλον
943 1067 1015 1106 καί
1042 1066 1127 1105 τῶν
1158 1064 1277 1115 ζώων
1304 1063 1549 1118 ἐλυμαίνετο
1574 1063 1624 1106 τὰ

180 1128 263 1170 ὑπὸ
294 1129 428 1183 ζυγόν,
457 1129 530 1172 καί
553 1128 650 1179 τούς
679 1131 911 1178 Λαοδικεῖς
938 1131 985 1171 δὲ
1014 1127 1189 1184 Φρύγας
1216 1131 1442 1183 μυριαχῶς
1468 1129 1624 1171 ἐκάκω-

120 1191 276 1248 ιόσεν,
309 1194 450 1251 ὥσπερ
489 1194 565 1237 καί
608 1193 708 1244 τούς
733 1197 816 1237 τῶν
844 1197 1006 1237 Χωνῶν
1027 1196 1108 1237 ταῖν
1135 1196 1250 1247 ἐμῶν
1278 1192 1520 1249 οἰκήτορας,
1551 1194 1626 1242 τὰς

178 1258 344 1310 ἅλωνας
381 1260 484 1304 κατὰ
522 1260 592 1303 τὸν
633 1263 799 1317 θέρειον
837 1259 987 1316 καιρὸν
1014 1262 1239 1316 πυρπολῶν
1269 1259 1342 1302 καὶ
1366 1260 1413 1302 τὸ
1441 1270 1664 1315 nonan-C

174 1325 256 1380 χον
286 1326 345 1375 ὥς
370 1328 567 1380 πολέμιος
593 1327 820 1381 χειρίστους
838 1329 1154 1380 διατιθέμενος·
1208 1327 1267 1369 ἐῶ
1294 1325 1378 1381 γὰρ
1407 1328 1540 1380 λέγειν
1567 1325 1627 1375 ὥς

175 1390 274 1441 τοὺς
307 1390 518 1447 Τούρκους
545 1394 1026 1449 φιλανθρωπευομένους
1054 1394 1229 1447 ἐνιαχοῦ
1256 1392 1364 1447 πρὸς
1391 1390 1438 1434 τὸ
1467 1395 1514 1434 ἐκ
1541 1407 1626 1446 γει-

176 1456 306 1500 τόνων
354 1460 477 1514 σφίσι
512 1456 822 1514 Χριστοόνυμον
872 1461 1007 1507 κακῶς
1056 1457 1217 1514 ἔφασκε
1257 1457 1330 1500 καί
1362 1459 1627 1512 ἐπέπληττεν.

115 1535 166 1566 20
178 1522 372 1577 ἐμβαλών
418 1526 464 1566 δὲ
504 1522 578 1566 καί
604 1526 657 1581 τῇ
688 1522 836 1581 Καρίᾳ
865 1523 939 1566 καί
963 1524 1141 1574 πολλοὺς
1167 1526 1251 1567 τῶν
1280 1525 1370 1566 ἐκεῖ
1393 1521 1625 1578 προνομεύ-

177 1605 256 1639 σας
283 1595 370 1639 τοῖς
403 1588 635 1645 βαρβάροις
658 1591 885 1632 ἐκδέδωκεν
917 1592 978 1638 εἰς
1018 1590 1259 1645 α’παγωγήν.
1317 1587 1424 1632 ἀλλὰ
1451 1587 1525 1629 καὶ
1552 1587 1626 1628 τὸν

178 1654 281 1699 νεών
308 1657 384 1697 τοῦ
429 1653 763 1711 ἀρχιστρατήγου
791 1655 978 1709 Μιχαὴλ
1020 1655 1044 1696 ὅ
1091 1651 1246 1708 ἄνομος
1273 1649 1393 1703 οὗτος
1419 1655 1626 1708 διαφῆκεν

179 1722 414 1776 ἐμπρῆσαι,
443 1719 563 1774 ἔργον
588 1722 781 1774 μέγιστον
806 1720 879 1761 καί
904 1722 1156 1774 περίπυστον
1185 1715 1298 1773 ὄντα,
1322 1718 1397 1762 καί
1420 1716 1624 1772 ὑπερβαί-

178 1802 304 1831 νοντα
332 1788 374 1836 ἐς
404 1785 554 1836 κάλλος
596 1785 669 1828 καὶ
694 1784 770 1840 τὴν
797 1787 857 1834 εἰς
882 1788 1016 1839 μῆκος
1042 1784 1209 1828 ἔκτασιν
1233 1785 1278 1827 τὸ
1312 1785 1358 1827 ἐν
1383 1785 1433 1841 τῇ
1457 1786 1624 1838 βασιλί-

271 1911 303 1933 2.
333 1897 590 1943 α’νεζωσμένος
612 1899 653 1931 Α.
769 1898 801 1932 5.
826 1896 980 1944 ἐξοίσεις]
1007 1896 1252 1943 φυγαδεύσας
1275 1898 1315 1933 A.
1436 1909 1469 1942 7.
1495 1899 1625 1941 καῖχο-

273 1945 429 1992 στρόβος
445 1944 596 1978 A.idem
623 1944 716 1978 infra
741 1948 783 1977 ut
810 1943 940 1977 editur.

178 2048 300 2076 tamen
325 2041 372 2074 ob
399 2041 542 2074 ductam
568 2040 792 2086 imperatorIs
807 2044 953 2084 neptem
980 2039 1198 2074 domesticus
1212 2039 1372 2072 Orientis
1400 2043 1437 2072 et
1448 2038 1627 2072 Thraciae

180 2089 253 2122 dux
271 2088 490 2132 designatus,
514 2088 691 2132 plurimos
713 2088 919 2120 coniuratos
929 2086 1155 2132 Mangaphae
1177 2085 1430 2130 largitionibus
1455 2087 1623 2131 corrupit.

180 2141 218 2168 et
257 2146 464 2180 quanquam
502 2134 685 2169 hominem
719 2133 1024 2180 comprehendere
1062 2139 1099 2166 et
1122 2133 1160 2166 in
1185 2133 1327 2166 vincula
1350 2132 1529 2166 coniicere
1552 2144 1627 2166 nou

178 2183 312 2232 potuit,
337 2181 430 2214 illud
454 2187 575 2218 tamen
600 2181 719 2214 effecit
735 2186 776 2214 ut
798 2180 888 2213 urbe
905 2181 1112 2225 pelleretur.
1138 2191 1211 2225 quo
1236 2181 1331 2212 facto
1356 2191 1435 2212 cum
1459 2191 1627 2223 magnum

180 2228 353 2273 quiddam
389 2234 602 2262 consecutus
642 2233 681 2262 et
717 2227 932 2272 imperatori.
964 2227 1161 2260 admodum.
1181 2227 1400 2271 gratificatus
1423 2226 1626 2266 videretur,

178 2275 399 2320 Mangaphas
431 2275 477 2307 ad
502 2274 744 2308 Caichosroen
779 2274 894 2307 Iconii
922 2274 1112 2307 sultanum
1141 2274 1314 2318 profugus
1338 2273 1475 2305 auxilia
1500 2278 1626 2308 contra

180 2323 358 2356 Romanos
382 2333 455 2355 non
491 2322 722 2366 impetravit,
761 2321 901 2362 litteras
926 2326 1048 2354 tamen
1086 2320 1265 2360 obtinuit,
1291 2319 1424 2364 quibus
1449 2319 1626 2352 concede-

180 2367 289 2401 batur
312 2374 354 2401 ut
389 2370 524 2402 ‘l'urcas
559 2367 719 2408 liberos,
751 2368 815 2412 qui
842 2378 925 2400 arcu
951 2373 988 2400 et
1019 2367 1187 2412 pharetra
1214 2366 1298 2399 freti
1320 2367 1496 2399 Romanos
1521 2377 1626 2410 prae—

183 2413 364 2455 darentur,
390 2415 589 2447 ascisceret.
615 2426 687 2459 qua
712 2414 853 2447 ratione
882 2425 962 2447 cum
984 2425 1059 2447 non
1083 2425 1208 2459 parvas
1230 2414 1352 2458 copias
1377 2413 1627 2450 contraxisset,

182 2461 313 2496 civium
337 2472 481 2494 suorum
504 2461 683 2505 mancipia
709 2466 746 2494 et
769 2462 929 2495 iumenta
956 2461 1125 2501 abduxit,
1154 2465 1191 2493 et
1219 2459 1370 2502 Phryges
1389 2459 1629 2491 Laodicenses

182 2507 380 2540 innumeris
423 2507 587 2542 cladibus
616 2508 755 2548 affecit,
791 2513 832 2540 ut
865 2512 902 2540 et
933 2508 1126 2552 populares
1158 2518 1256 2540 meos
1292 2506 1508 2545 Choniatas‚
1533 2505 1627 2536 areis

184 2564 308 2586 eorum
335 2554 469 2587 aestivo
493 2559 655 2599 tempore
674 2555 842 2594 incensis,
869 2559 906 2587 et
931 2554 1046 2587 obviis
1062 2554 1269 2599 quibusque
1288 2551 1456 2585 hostilem
1486 2552 1523 2583 in
1549 2561 1625 2582 mo·-

185 2599 269 2632 dum
294 2601 467 2632 tractatis.
498 2611 581 2633 nam
615 2606 657 2634 ut
680 2612 754 2634 non
786 2600 901 2633 dicam
937 2601 1073 2633 Turcas
1111 2601 1157 2633 ob
1191 2599 1419 2632 clementiam
1452 2597 1625 2635 finitimos

185 2645 407 2678 Christianos
441 2645 486 2678 ab
518 2657 562 2679 eo
599 2647 807 2691 obiurgatos
845 2657 944 2687 esse,
978 2652 1016 2680 et
1039 2648 1133 2681 facta
1157 2647 1195 2679 in
1225 2645 1363 2681 Cariam
1390 2643 1626 2688 impressione

183 2692 318 2726 multos
343 2691 428 2734 iude
452 2693 611 2736 captivos
634 2693 762 2726 Turcis
797 2692 1030 2726 abducendos
1063 2705 1147 2728 esse,
1166 2693 1292 2731 datos,
1319 2690 1508 2724 Michaelis
1533 2700 1625 2733 quo-

185 2749 257 2789 que
284 2737 486 2778 archiducis
511 2739 696 2789 templum,
719 2751 809 2789 opus
833 2739 1024 2776 maximum
1052 2745 1087 2775 et
1114 2738 1400 2778 celeberrimum,
1425 2734 1524 2782 quod
1549 2735 1624 2774 ele-
