1878 3230
339 206 410 245 m:
448 204 640 246 ALExio
682 173 877 247 isAAcu
908 204 1103 246 ANGEIA
1144 205 1227 245 Fu.
1270 205 1367 244 un.
1399 205 1450 243 11.
1520 183 1629 258 637

207 317 330 354 μενος
358 304 516 359 φόρους
548 304 740 344 ἐπέταττε
767 301 839 343 καί
868 304 1082 356 συνέλεγεν
1108 302 1164 350 ὥς
1192 302 1398 356 ἠβούλετο.
1434 300 1634 354 βασιλεὺς

208 371 346 409 τοίνυν
378 367 638 423 ἑξηπορηκώς
667 368 738 409 έπί
761 367 921 415 τούτοις
940 369 1026 408 ὁέἴν
1053 366 1156 421 ἔγνω
1179 369 1434 408 σπείσασθαι
1463 367 1517 423 τῷ
1543 383 1632 407 πει-

207 435 324 489 ρατῇ.
378 435 524 486 α’μέλει
549 434 624 475 καί
651 431 816 480 στείλας
841 430 957 481 τινὰς
982 435 1062 474 τῶν
1081 431 1276 487 συνήθων
1302 433 1443 489 ἐκείνῳ
1459 433 1500 474 Γ
1496 435 1630 474 ενουϊ-
1648 436 1685 469 V.
1701 437 1769 472 256

207 501 289 540 τῶν
319 497 535 554 (πολλάκις
557 497 637 553 γάρ
665 499 750 539 κατ’
777 498 980 552 ἐμπορίαν
1009 492 1091 539 ὦδε
1118 496 1307 553 κατήχθη
1332 498 1374 547 ἐς
1397 496 1439 539 τὸ
1466 498 1633 548 Βυζάν-

169 566 308 607 5τιον·
366 563 439 605 καί
465 560 489 604 ὃ
519 563 731 617 δέδρακεν,
760 563 804 610 ἐς
830 562 1025 616 χρήματα
1056 564 1281 617 ζημιωθείς
1306 562 1423 618 παρὰ
1451 564 1526 604 τοῦ
1543 563 1633 604 τότε

206 629 352 678 δουκός
376 630 452 670 τοῦ
477 627 623 670 στόλου
655 625 839 681 Μιχαὴλ
871 629 946 668 τοῦ
970 629 1193 682 Στρυφνοῢ
1222 626 1458 683 εἰργάσατο)
1499 628 1633 669 ἀνεκί-

204 709 264 735 νει
289 696 367 746 μὲν
392 693 465 734 καί
490 693 634 746 λόγους
661 693 758 745 περί
782 694 993 744 σπονδῶν,
1025 693 1150 733 οὐδὲν
1187 694 1234 733 δὲ
1260 687 1381 748 ἧττον
1420 693 1493 734 καί
1528 693 1632 747 πρὸς

203 756 379 812 πόλεμον
405 757 659 813 ἡτοιμάζετο,
687 755 872 812 τριήρεις
897 751 1029 806 ἄλλας
1056 757 1409 812 καταρτισάμενος
1435 761 1507 800 καί
1531 759 1634 800 ταῦ-

202 839 279 873 τας
309 818 436 872 αὖθις
479 825 539 881 τῷ
580 821 798 879 Στειριόνῃ
840 822 1065 878 παραδούς.
1122 822 1178 871 ὦς
1223 825 1270 865 δὲ
1306 826 1563 878 συνέβησαν,
1605 824 1669 866 (ic

143 907 190 935 10
202 892 278 942 μὲν
303 886 503 942 βασιλεῦς
538 890 582 939 ἓξ
619 887 865 944 κεντηνάρια
898 889 1079 942 χρυσίου
1119 892 1282 930 στεῖλαι
1325 890 1381 945 τῷ
1413 886 1627 945 Καφούρῃ

199 956 273 996 καί
295 951 441 1009 χώραν
466 953 773 996 ’ἆποδάσασθαί
798 953 838 995 οἱ
862 953 1096 1009 Ῥωμαϊκήν
1119 951 1423 1004 ἑπταπλασίους
1449 954 1630 1008 ἔχουσαν

198 1022 370 1075 τρέφειν
395 1019 604 1073 ὁμογενεῖς
630 1019 771 1077 ἐκείνῳ
799 1018 978 1072 ὁπλίτας,
1008 1018 1029 1061 ὅ
1063 1021 1110 1061 δὲ
1137 1016 1322 1060 ὑπείκειν
1352 1021 1408 1077 τῷ
1433 1023 1607 1072 βασιλεῖ’
1613 1053 1627 1072 ,

198 1084 508 1141 ἀπροσδόκητος
535 1082 557 1125 ὅ
589 1086 822 1140 Στειριόνης
851 1084 958 1138 μετὰ
987 1086 1062 1139 τῆς
1088 1081 1287 1139 ἑπομένης
1305 1084 1420 1142 αὐτῷ
1438 1088 1628 1127 Πισσαϊ-

199 1154 272 1207 κῆς
296 1151 534 1204 δυνάμεως,
571 1149 632 1193 ἔτι
660 1147 784 1206 οὔσης
812 1153 885 1206 τῆς
911 1149 1077 1205 εἰρήνης
1108 1146 1402 1205 α’μφιπαλοῦς,
1435 1149 1506 1191 καὶ
1543 1150 1627 1203 μοί,-

139 1218 187 1260 15
196 1233 279 1272 χην
305 1217 522 1270 συνάψας,
551 1215 676 1258 αὐτόν
702 1231 748 1257 τε
775 1207 848 1258 τὸν
873 1217 1111 1271 Καφούρην
1135 1213 1242 1257 ἑλών
1267 1215 1435 1269 α’ναιρεῖ
1456 1215 1528 1257 καί
1552 1215 1627 1265 τὰς

197 1281 354 1324 ἐκείνου
381 1284 484 1338 νῆας
526 1280 631 1337 πλὴν
669 1280 871 1337 τεττάρων
907 1280 1046 1338 αἱρεῖ·
1103 1274 1231 1323 αὗται
1272 1281 1318 1323 δὲ
1356 1278 1426 1323 τὸν
1467 1282 1626 1323 ἐκείνου

196 1343 298 1404 ἦγον
325 1347 513 1401 α’νεψιόν.

306 1429 345 1459 2.
400 1413 529 1457 Ἀλλὰ
584 1413 657 1456 καί
693 1415 823 1456 τῶνδε
866 1415 949 1457 τῶν
986 1415 1124 1455 κακῶν
1163 1413 1349 1456 ἐκποδών
1396 1416 1625 1467 γενομένων

197 1479 220 1522 ὅ
247 1481 291 1522 ἐν
309 1485 395 1528 τοῖς
420 1477 606 1535 α’ρχείοις
633 1480 886 1534 ἐπεγείρεται
914 1480 1123 1534 τάραχος,
1152 1476 1196 1529 ὃς
1221 1478 1274 1521 τὰ
1301 1479 1406 1520 κατά
1436 1477 1508 1520 τὸν
1543 1483 1623 1531 βα-

133 1560 185 1588 20
196 1548 314 1589 σιλέα
344 1541 501 1602 ᾗσχυνέ
527 1560 572 1586 τε
600 1545 651 1587 τά
678 1547 855 1600 μέγιστα
876 1544 950 1586 καί
973 1546 1039 1600 ἐφ’
1066 1542 1209 1586 ἱκανὸν
1238 1543 1467 1599 διεκύκησε.
1522 1546 1623 1596 μέλ..

194 1615 278 1654 λων
305 1612 351 1653 δὲ
378 1609 431 1652 τὰ
458 1613 556 1665 περὶ
579 1608 737 1652 τούτων
773 1609 994 1662 διεξιέναι,
1033 1608 1090 1658 ὥς
1120 1611 1181 1658 εἰς
1221 1608 1358 1664 α’ρχὴν
1392 1607 1464 1650 τὸν
1507 1609 1624 1661 λόγον

290 1762 303 1785 ι
317 1762 343 1783 ι.
367 1750 431 1784 καὶ
453 1748 594 1796 χώραν]
615 1747 881 1794 καὶπρόνοιαν
901 1748 1088 1789 τοσαύτην
1109 1745 1206 1792 πρὸς
1227 1741 1268 1781 τό
1298 1748 1454 1794 τρέφειν
1474 1747 1624 1792 ἀνθρώ-

285 1807 382 1834 πους
408 1795 675 1836 ἑπτακοσίους,
702 1794 817 1833 αὐτὸς
840 1794 880 1829 δὲ
902 1794 1019 1830 πάλιν
1042 1795 1105 1829 ἵνα
1130 1793 1385 1828 ὑποτάσσεται
1409 1796 1460 1828 τω·
1479 1796 1625 1839 βασιλεῖ

285 1846 348 1877 καὶ
376 1843 580 1888 ἀπέρχεται
603 1843 696 1876 ἔνθα
719 1839 768 1877 ἄν
785 1841 926 1887 ὄρισθῆ
946 1841 985 1876 Β.
1048 1851 1103 1873 21.
1133 1840 1182 1878 ὥς
1208 1839 1275 1887 εἰς]
1299 1840 1337 1880 ἐξ
1362 1840 1478 1888 ἀρχῆς
1497 1842 1622 1887 μέλλω

283 1887 477 1936 ἄρξασθαι
500 1887 601 1926 ὅπως
626 1890 835 1934 γνωρίσητε
851 1886 895 1922 τὰ
923 1886 1106 1934 λεγόμενα
1130 1886 1168 1922 Β.

192 2012 391 2053 maritimis,
415 2022 507 2057 quae
531 2012 677 2056 impune
701 2012 834 2056 passim
855 2010 1109 2056 populabatur,
1133 2010 1269 2044 tributa
1290 2021 1353 2055 pro
1379 2022 1440 2043 sua
1465 2010 1620 2045 libidine

191 2059 393 2105 imperabat
419 2064 457 2091 et
482 2058 656 2103 exigebat.
686 2069 797 2103 quare
836 2058 1031 2102 imperator
1066 2058 1170 2101 inops
1202 2057 1346 2090 consilii
1380 2068 1504 2102 pacem
1540 2070 1620 2091 cum

190 2107 307 2152 pirata
331 2105 531 2138 faciendam
549 2105 711 2147 censuit3
736 2110 773 2138 et
790 2104 1005 2149 quibusdam
1025 2103 1278 2137 Genuensibus
1303 2103 1359 2136 illi
1383 2104 1619 2138 familiaribus

190 2153 238 2186 ad
265 2163 345 2185 eum
369 2151 485 2185 missis
510 2153 634 2196 (saepe
669 2151 764 2184 enim
800 2150 1011 2195 negotiandi
1041 2151 1154 2194 gratia
1175 2150 1382 2194 Byzantium
1412 2152 1618 2196 appulerat,

190 2204 230 2232 et
253 2197 351 2244 quod
374 2198 548 2239 faciebat,
582 2208 623 2230 ea
659 2197 704 2230 de
729 2209 834 2230 causa
859 2196 1015 2230 faciebat
1040 2197 1139 2241 quod
1177 2207 1198 2229 a
1231 2196 1408 2230 Michaele
1439 2197 1617 2242 Strypbno

191 2245 313 2278 classis
326 2244 506 2288 praefecto
519 2243 672 2289 pecunia
687 2244 860 2277 multatus
873 2245 1017 2290 suerat),
1033 2244 1192 2288 quamvis
1217 2243 1326 2276 verba
1350 2243 1394 2276 de
1413 2255 1500 2288 pace
1524 2245 1619 2276 face-

190 2297 264 2332 ret,
291 2290 524 2324 nihilominus
549 2291 656 2324 etiam
680 2290 727 2323 ad
749 2290 887 2323 bellum
912 2301 950 2323 se
983 2290 1154 2335 parabat,
1181 2289 1262 2322 aliis
1292 2290 1497 2323 triremibus
1521 2302 1619 2323 com-

188 2338 322 2382 paratis
351 2342 387 2370 et
423 2348 541 2370 rursus
569 2337 719 2370 Stirioni
742 2336 895 2370 traditis.
920 2336 985 2370 sed
1019 2341 1059 2369 ut
1082 2336 1178 2369 inter
1201 2346 1261 2368 eos
1287 2338 1465 2377 convenit,
1490 2343 1528 2370 et
1550 2338 1619 2369 im·

187 2390 333 2428 perator
357 2394 393 2416 se
413 2384 446 2416 ei
470 2383 518 2416 VI
541 2384 619 2416 auri
643 2384 867 2416 centenarios
889 2384 1078 2416 missurum
1107 2388 1144 2416 et
1164 2384 1360 2416 Romanum
1385 2395 1504 2427 agrum
1530 2385 1618 2416 assi-

190 2435 398 2473 gnaturum,
423 2430 486 2474 qui
510 2429 676 2474 septuplo
700 2430 820 2474 plures
843 2430 977 2463 milites
1001 2434 1124 2474 posset
1149 2429 1245 2461 alere
1271 2440 1376 2473 quam
1403 2430 1479 2474 ipse
1506 2429 1618 2462 liabe-

190 2476 361 2515 ret‚-ille
386 2482 509 2509 contra
543 2487 582 2509 se
614 2477 820 2521 imperatori
845 2476 941 2509 dicto
982 2475 1190 2508 audientem
1217 2475 1294 2508 fore
1322 2481 1377 2509 est
1412 2476 1616 2520 pollicitus,

191 2521 364 2554 Stin-iones
380 2533 458 2554 cum
483 2523 569 2563 suis,
596 2523 731 2555 Pisanis
755 2523 880 2567 copiis,
900 2533 988 2567 pace
1013 2521 1130 2554 adhue
1153 2521 1336 2566 ambigua,
1359 2533 1403 2554 ex
1425 2522 1615 2565 improviso

190 2567 390 2611 Caphurem
415 2567 576 2601 adoritur
602 2569 861 2614 commissaque
890 2580 1009 2614 pugna
1032 2574 1174 2613 captum
1202 2567 1358 2609 occidit,
1388 2573 1425 2600 et
1446 2568 1522 2600 eius
1551 2578 1616 2599 na-

189 2613 314 2653 vibus,
340 2618 493 2657 quatuor
515 2617 693 2660 exceptis,
719 2617 881 2660 potitur,
907 2616 946 2648 in
972 2614 1104 2660 quibus
1131 2615 1366 2648 consobrinus
1396 2614 1472 2646 eius
1497 2618 1584 2645 erat.

282 2669 314 2690 2.
361 2659 424 2692 His
453 2671 596 2705 quoque
621 2662 725 2695 malis
761 2663 888 2695 amotis
922 2662 1105 2695 Palatinae
1138 2660 1265 2694 turbae
1300 2661 1487 2698 oriuntur,
1522 2669 1616 2703 quae

188 2707 438 2750 imperatorem
457 2710 493 2738 et
509 2706 639 2749 probro
659 2713 695 2741 et
719 2708 896 2742 diuturnis
922 2708 1097 2741 molestiis
1124 2710 1327 2740 affecerunt.
1351 2716 1422 2749 qua
1438 2704 1481 2736 tle
1500 2715 1536 2737 re
1560 2705 1615 2738 di-

188 2758 289 2786 cturo
314 2751 402 2786 mihi
430 2751 475 2786 ad
502 2752 716 2798 principium
742 2760 797 2788 est
819 2754 1090 2795 recurrendum,
1116 2759 1158 2787 ut
1179 2752 1334 2787 narratio
1361 2751 1423 2784 fiat
1446 2751 1611 2796 apertior.
