1878 3230
2 2836 12 3030 ’.μορψ-ᾼΑ
3 2810 6 2815 »
3 2766 5 2771 -
5 2707 7 2709 .

467 178 688 220 ALExms
728 178 996 221 MANUELIS
1051 177 1288 220 COMNENJ
1324 180 1367 220 r.
1526 160 1639 234 349

206 279 281 333 ’τήν
324 279 424 329 μέν,
464 276 507 316 τὰ
554 276 750 330 γλυκερὸν
781 276 889 331 φάος
927 279 998 316 καί
1030 275 1155 318 καλὸν
1195 274 1342 329 ὅραμα,
1371 272 1636 332 ἀνθρώποις,

204 337 316 397 εἶχεν
344 341 369 396 ἡ
397 343 487 383 ἐκεῖ
510 355 592 381 που
621 340 724 394 ἀκτή
751 343 803 397 τῇ
842 342 1004 399 ψάμμῳ
1031 345 1387 394 καταχωσθεῖσαν.
1442 338 1531 396 ἥλιε
1558 346 1636 385 τοῦ
1651 346 1687 379 V·
1708 347 1767 392 ¹42

202 409 463 460 μιάσματος,
495 405 565 448 καί
590 406 686 459 λόγε
728 407 834 447 θεοῦ
861 404 1126 461 προάναρχε,
1158 409 1229 461 τῆς
1259 406 1365 462 ὑπὲρ
1399 407 1678 465 κατάληψινο

205 475 282 526 σῆς
307 473 462 525 α’νοχῆς
478 476 496 512 l
555 483 558 486 ’

168 542 193 582 5
320 539 382 579 18.
413 535 462 579 ‘O
488 538 525 577 δ’
555 534 816 590 Ἀνδρόνικος
838 534 909 578 ἐπὶ
934 534 1090 586 τούτοις
1119 538 1305 591 ἐσκίρτα,
1338 539 1424 588 πῶς
1451 535 1505 581 ἂν
1532 537 1642 585 εἴποι

203 617 290 655 τιςς
309 603 381 643 καί
396 604 572 654 διεχεῖτο
591 600 637 642 τὸ
658 603 731 654 τῆς
753 603 894 655 ψυχῆς
916 599 1127 655 ἡδόμενον,
1148 605 1225 643 τοῦ
1240 604 1382 655 γένους
1401 606 1641 658 ἐκτριβομέύ

201 683 275 710 νου
300 668 377 708 τοῦ
388 665 596 720 «Μάνουήλ
622 667 694 707 καί
710 667 1113 719 δενδροτομουμὲνου
1142 665 1276 722 κήπου
1304 671 1379 709 τοῦ
1404 670 1638 722 βασιλείου,

202 735 261 781 ω“ς
274 732 398 784 μόνος
421 731 599 785 οἰκήσων
621 729 697 785 τὴν
716 729 795 771 ὑπὸ
814 730 1045 782 Ῥωμαίους
1065 730 1136 772 καί
1153 734 1235 773 τῶν
1249 731 1401 787 ταύτης
1420 732 1641 790 σκήπτρων

200 795 508 852 ἐπιληψόμενος
528 791 672 843 ἀδεῶς.
702 793 920 843 ἐνστάντος
942 796 988 836 δὲ
1014 797 1092 837 τοῦ
1109 798 1392 852 Σεπτεμβρώυ
1407 797 1542 853 ’μηνὸς
1567 802 1639 854 τῆς

145 881 191 907 ιο
203 863 400 916 δευτέρας
427 863 680 909 ἰνδικτιῶνος
715 862 790 902 τοῦ
816 859 1174 913 ἑξακισχιλιοστοῦ
1201 859 1494 911 ἑξακοσιοστοῦ
1522 863 1640 912 ἔτους

201 928 256 984 τῇ
283 925 510 982 άναρρήσει
537 924 766 979 ἐπιβάλλει.
823 926 974 966 οὐκοῦν
1002 926 1040 967 οἱ
1068 929 1114 968 ἐκ
1153 929 1223 981 τῆς
1271 926 1438 983 φαύλης
1457 943 1638 982 Ὺσυμμο-

201 993 323 1048 ρίας,
358 990 464 1033 κατά
495 990 661 1046 γνώμην
694 991 908 1046 δήπουθεν
938 992 1227 1046 Ἀνδρονίκου,
1266 987 1343 1034 κᾶν
1367 995 1639 1048 περιέκρυπτε

200 1056 277 1112 τὴν
319 1055 476 1099 ἑαυτοῦ
510 1056 732 1111 βούλησιν,
773 1053 892 1109 λόγον
932 1058 1170 1111 εἰσήνεγκαν
1212 1059 1270 1114 τῷ
1305 1060 1508 1116 συνεδρίῳ
1542 1061 1641 1113 περὶ

200 1124 277 1177 τῆς
302 1125 613 1177 νεοχμωθείσης
637 1127 723 1170 τοῖς
747 1125 951 1170 Βιθυνοῖς
981 1122 1301 1172 ἐπαναστάσεως
1329 1126 1402 1164 καί
1426 1125 1498 1178 τῆς
1526 1123 1640 1173 ε’ντός

143 1191 190 1233 15
203 1189 277 1243 τῆς
307 1187 465 1238 πόλεως
494 1189 676 1236 Νικαίας
714 1189 958 1242 παραδοχῆς
1001 1187 1209 1229 Ἰσαακιόυ
1250 1191 1328 1230 τοῦ
1361 1190 1405 1240 ἐξ
1439 1190 1680 1243 Ἀγγέλωνῡ

201 1255 274 1295 καί
293 1253 516 1308 Θεοδώρου
544 1255 620 1295 τοῦ
639 1254 1008 1307 Καντακουζηνοῦ,
1038 1251 1144 1295 dud
1175 1252 1226 1308 δή
1258 1252 1331 1295 καί
1356 1250 1435 1295 ὅσα
1465 1269 1641 1309 κακουρ-

197 1321 343 1373 γοῦσιν
370 1317 408 1360 οἱ
439 1323 707 1373 Προυσαεῖς,
735 1317 1060 1371 εἰσοικισάμενοι
1096 1318 1322 1373 Θεόδωρον
1348 1320 1415 1361 τὸν
1433 1315 1642 1374 ”Αγγελον

198 1386 273 1427 καί
298 1383 431 1427 ταῦτα
456 1389 543 1433 τοῖς
570 1387 779 1427 Νικαεῦσι
818 1383 1111 1440 φρονήσαντες.
1170 1386 1244 1426 καί
1268 1385 1446 1440 φάμενοι
1475 1385 1535 1440 μή
1565 1387 1642 1426 ουίι

200 1445 254 1490 ἂν
283 1445 420 1499 ἄλλως
447 1450 669 1504 ἠρεμήσειν
695 1449 793 1499 τούς
823 1449 1088 1502 στασιώδεις,
1116 1451 1156 1491 εἰ
1180 1451 1240 1506 μή
1261 1449 1533 1505 ’Λνδρόνικος
1559 1454 1640 1504 βα..

137 1534 189 1560 20
201 1515 432 1556 σιλεύσειεν
467 1512 489 1555 ὅ
520 1513 591 1556 διά
632 1514 705 1570 τὴν
732 1515 1106 1570 ὖπαργυρίζουσαν
1145 1518 1201 1572 τῷ
1238 1517 1377 1573 χρόνῳ
1408 1519 1536 1572 τρίχα
1561 1518 1643 1558 τῶν

203 1582 308 1622 νέων
337 1579 447 1634 ἔχων
474 1582 587 1631 λέξαι
609 1582 846 1635 σοφώτερα,
876 1583 946 1622 καί
972 1582 1044 1622 ἐπὶ
1067 1581 1220 1635 θρόνου
1241 1583 1421 1630 καθίσας
1452 1583 1529 1622 τοῦ
1551 1583 1640 1622 δια-

200 1647 325 1688 λίθου
355 1648 426 1687 καί
450 1647 501 1701 τῇ
524 1648 720 1702 βασιλείῳ
747 1645 886 1702 ταινίᾳ
913 1645 1132 1700 διαδηθείς
1150 1648 1558 1700 συναυτοκρατοροίη
1583 1649 1640 1702 τῷ

299 1758 325 1779 1.
349 1745 448 1790 φάος
472 1747 536 1778 καὶ
570 1743 828 1787 αὐτοκαλονὴν
860 1744 1040 1789 ἄντικρυς
1063 1746 1126 1777 καὶ
1148 1745 1186 1777 Α.
1307 1745 1340 1778 6.
1364 1743 1458 1789 διεχ.
1480 1742 1547 1786 τήν
1569 1750 1641 1789 ψυ-

293 1805 364 1851 χὴν
389 1807 457 1840 τοῦ
480 1808 518 1839 Α.
648 1819 678 1851 9.
709 1805 911 1840 οἷδεέσταια
936 1807 972 1839 Δ.
1114 1806 1184 1839 τοῦ
1201 1817 1258 1839 om
1284 1807 1321 1838 A.
1394 1845 1404 1857 ⁴
1447 1817 1495 1840 10.
1524 1797 1577 1849 ἐς
1603 1810 1638 1842 Β,

300 1856 350 1888 13.
378 1852 506 1900 λόγον]
533 1854 585 1890 εἰς
612 1854 750 1895 σκέψιν
777 1852 1000 1897 προὺθηκαν
1034 1850 1078 1886 τά
1104 1852 1141 1885 Α.
1215 1863 1268 1887 20.
1299 1852 1318 1886 ὀ
1343 1851 1424 1900 δια]
1449 1852 1470 1887 δ
1497 1855 1638 1899 χρυσᾶ·

295 1911 420 1945 γήρως
444 1903 508 1933 καὶ
535 1900 777 1944 χρυσόμαλος
803 1900 838 1931 Β.

205 1990 397 2024 extinctam
424 2000 500 2023 esse
528 2001 632 2035 supra
659 1990 755 2031 dixi,
782 1990 1044 2023 executoribus.
1086 1992 1135 2023 sic
1171 1991 1262 2023 illud
1299 1990 1467 2024 eximium
1506 1993 1641 2025 formae

204 2038 312 2070 decus
341 2036 622 2070 iucundissimae
647 2038 737 2070 lucis
763 2043 907 2081 aspectu
927 2038 1103 2081 privatum
1128 2038 1165 2070 in
1191 2038 1313 2070 littore
1338 2049 1446 2070 arena
1463 2037 1639 2071 obruitur.

203 2084 275 2117 heu
304 2089 443 2117 tantum
469 2084 569 2116 nefas
595 2084 706 2116 solem
724 2084 882 2116 intueri?
907 2094 927 2115 o
953 2083 1011 2116 dei
1037 2084 1182 2116 verbum
1208 2085 1305 2118 omni
1328 2085 1507 2130 principio
1531 2085 1642 2130 prius,

206 2141 330 2164 eamne
360 2141 436 2163 esse
464 2135 561 2163 tuam
589 2130 776 2164 lenitatem
802 2130 1081 2163 incredibilem?
1351 2155 1354 2157 -

303 2178 352 2211 18.
402 2176 624 2210 Andronicus
652 2189 735 2210 vero
763 2177 948 2209 exultabat
970 2188 1011 2209 ac
1036 2176 1256 2217 laetabatur,
1287 2188 1367 2210 cum
1399 2178 1536 2210 familia
1563 2178 1642 2211 Ma-

204 2223 323 2256 nuelis
363 2222 631 2256 exscinderetur
674 2230 711 2257 et
746 2224 969 2268 imperatorii
1009 2223 1103 2256 horti
1140 2223 1285 2256 arbores
1323 2224 1641 2264 exscinderentur,

204 2270 307 2314 quasi
332 2269 429 2303 solus
453 2270 618 2302 Romanis
643 2270 837 2314 provinciis
862 2270 1042 2314 potiturus
1068 2276 1104 2302 et
1129 2270 1317 2314 imperium
1342 2271 1419 2303 sine
1444 2271 1520 2303 ullo
1545 2272 1643 2315 peri-

205 2316 287 2348 culo
329 2321 575 2360 occupaturus.
618 2317 728 2361 igitur
762 2316 965 2361 Septembri
1001 2327 1144 2356 mense,
1180 2316 1380 2349 indictione
1409 2318 1464 2357 ΙΙ,
1502 2328 1595 2350 anno
1621 2328 1641 2349 a

205 2362 329 2395 mundi
357 2362 504 2394 exordio
529 2363 642 2396 sexies
677 2363 870 2396 millesimo
897 2368 933 2396 et
969 2363 1246 2403 sexcentesimo,
1281 2363 1522 2407 designationi
1554 2374 1640 2396 suae

207 2407 342 2453 adiicir
359 2409 539 2450 animum3
564 2421 604 2442 ac
629 2409 812 2454 improbus
840 2410 903 2442 ille
932 2421 1015 2453 grex
1043 2415 1080 2442 et
1103 2410 1321 2442 mercenaria
1349 2421 1495 2450 manus,
1521 2421 1638 2454 quan-

208 2464 314 2498 quam
343 2455 546 2488 Andronico
570 2457 791 2489 voluntatem
820 2467 919 2488 suam
948 2457 1214 2496 dissimulante,
1249 2456 1293 2488 de
1319 2456 1505 2499 Bithynica
1544 2456 1640 2488 sedi-

208 2501 307 2532 tione
333 2500 448 2545 deque
473 2503 607 2534 Isaacio
635 2504 768 2546 Angelo
798 2509 835 2535 et
857 2503 1050 2535 Theodoro
1075 2504 1324 2535 Cantacuzeno
1350 2504 1505 2536 Nicaeae
1542 2513 1640 2534 rece-

208 2546 304 2589 ptis,
329 2551 366 2579 et
389 2547 433 2580 de
458 2548 629 2592 improbis
655 2550 902 2582 Prusaensium
927 2549 1137 2589 conatibus,
1173 2550 1235 2594 qui
1268 2549 1499 2582 Theodorum
1526 2550 1640 2591 Ange-

210 2591 282 2623 lum
308 2592 519 2626 Nicaeenses
544 2596 677 2628 imitati
701 2597 937 2640 recepissent,
973 2596 1126 2628 concilio
1165 2596 1302 2629 indicto
1339 2596 1464 2630 asserit
1499 2594 1639 2627 nullum

207 2638 285 2669 fore
312 2637 527 2672 seditionum
554 2642 684 2683 finem,
712 2643 783 2675 nisi
802 2642 1026 2676 Andronicus
1051 2643 1261 2686 imperaret,
1291 2643 1355 2687 qui
1378 2642 1425 2674 oh
1452 2639 1639 2673 venerabi-

211 2684 280 2715 lem
305 2691 523 2718 senectutem
548 2688 738 2730 prudentia
762 2694 905 2732 superet
930 2688 1197 2728 adolescentes,
1224 2694 1260 2720 et
1285 2689 1322 2721 in
1347 2689 1438 2721 solio
1464 2691 1637 2729 gemmato

211 2730 398 2764 considens
433 2736 470 2764 et
502 2733 730 2777 imperatorio
768 2735 969 2768 diademate
1004 2735 1191 2768 redimitus
1230 2735 1307 2780 pari
1343 2738 1521 2779 potestate
1559 2743 1638 2765 cum
