1878 3230
408 198 481 237 DE
516 195 836 238 ANnnomeo
875 194 1135 238 coMNENo
1174 194 1259 236 Lm
1296 196 1350 236 11.
1504 175 1615 249 457

187 292 247 347 μὴ
280 294 339 342 εἰς
361 293 630 349 Ἀνδρόνικον
660 297 839 343 ανοσίως
872 292 1137 348 εἰργάσαντο.
1194 291 1230 334 οἳ
1266 294 1343 346 μὲν
1387 290 1468 346 γὰρ
1511 290 1619 332 κατὰ

188 361 370 413 κεφαλῆς
398 359 598 414 κορύναις
626 359 757 401 αὐτὸν
782 359 978 413 ἔπληττον
995 392 1007 411 ,
1034 357 1074 400 οἳ
1103 360 1150 400 δὲ
1178 358 1379 411 βολβίτοις
1409 356 1486 406 τὰς
1512 358 1620 398 ἑκεί-

187 439 264 464 νου
287 423 405 476 ῥῖνας
431 423 659 477 ἑμόλυνον,
693 419 814 466 ἄλλοι
854 423 924 465 διὰ
970 424 1160 478 σπόγγων
1203 423 1368 475 λύματα
1408 423 1620 476 γαστέρων
1632 429 1667 463 P.
1683 429 1752 464 225

189 491 337 541 βοείων
369 492 442 531 καί
469 489 739 544 ἀνθρωπείων
764 492 846 531 τῶν
877 484 1016 541 ὄψεων
1045 490 1202 530 ἐκείνου
1230 490 1436 541 κατέχεον.
1490 489 1622 542 ἕτεροι

153 554 640 608 ὄαίσχρορρημονοῦντες
667 552 939 607 ἐκακολόγουν
965 556 1008 602 ές
1034 555 1110 607 τήν
1134 556 1296 608 μητέρα
1325 553 1398 595 καί
1432 552 1504 595 τὸν
1535 557 1623 594 λοι-

189 617 269 660 πόν
294 622 380 660 τῶν
404 621 568 661 τοκέων.
626 615 736 673 ἦσαν
763 620 806 660 οἳ
830 620 902 660 καί
928 618 1158 671 ὀβελίσκοις
1184 618 1354 674 ἔπειραν
1383 616 1512 660 αὐτοῦ
1546 617 1622 668 τάς

186 683 385 738 πλευράς.
444 682 482 725 οἱ
511 685 551 725 δ’
576 680 860 739 ἀναιδέστεροι
888 686 1252 733 λιθολευστοῦντες
1284 682 1387 725 κύνα
1407 684 1623 737 (ὀνόμαζον

188 751 441 803 λυσσητῆρα.
494 752 574 802 μία
611 751 658 791 δέ
687 764 749 798 τις
777 747 953 803 πορνικὴ
987 748 1089 803 γυνὴ
1119 751 1193 791 καί
1232 747 1460 798 α’κόλαστος
1498 747 1623 803 κερά-

186 829 283 866 μιον
314 817 480 870 θερμοῦ
512 812 666 864 ὕδατος
701 817 852 870 πλῆρες
891 815 1164 869 ἁρπασαμένη
1196 813 1240 866 ἐξ
1282 813 1501 861 ὀπτανείου
1538 816 1623 855 τῶν

126 880 347 922 ιοέκείνου
385 881 638 922 κατεκένωσε
667 881 866 934 παρειῶν.
921 882 995 921 καί
1023 880 1163 928 οὐδείς
1190 875 1240 934 ἦν
1278 877 1324 928 ὃς
1363 879 1439 920 οὐκ
1470 875 1521 933 ἧν
1558 881 1620 921 ἐπ’

185 944 443 1002 Ἀνδρονίκῳ
483 944 718 994 κακοποιός.
772 944 844 986 καί
869 942 1002 994 οὕτως
1044 944 1204 996 οἷτιζιιως
1244 943 1316 986 ἐπὶ
1353 944 1400 985 τὸ
1443 947 1622 999 θέατρον

185 1010 398 1064 α’παχθείς
423 1009 526 1063 μετὰ
556 1009 805 1064 γελοιώδους
830 1008 1045 1065 θριάμβου
1074 1010 1146 1052 καί
1169 1011 1247 1051 τοῦ
1274 1012 1438 1061 οἰκτροῦ
1463 1012 1621 1051 ἐκείνου

185 1077 259 1117 καί
286 1077 539 1129 παιζομένου
576 1077 647 1117 ἐπὶ
672 1075 863 1130 καμήλου
891 1072 1144 1128 ὖψοόματος,
1180 1073 1281 1130 ὅπερ
1311 1070 1474 1116 ἄνωθεν
1499 1076 1657 1118 κατέ-Β

186 1144 241 1195 βη
275 1136 549 1195 αὐτόχρημα,
587 1142 632 1182 ἐκ
662 1142 803 1182 ποδῶν
841 1141 1095 1196 ἄναρτᾶται,
1130 1142 1256 1182 τινῶν
1292 1138 1546 1192 ἀναψάντων
1576 1142 1756 1185 έκἿ.ι85

127 1209 174 1251 15
189 1204 402 1262 φελλύρας
429 1205 634 1247 καλώδιον
667 1204 770 1247 κατὰ
796 1204 894 1254 τούς
924 1207 1022 1260 περί
1048 1204 1124 1254 τὰς
1158 1207 1376 1255 ἑπικλινεῖς
1411 1204 1486 1246 τὸν
1523 1205 1621 1259 τρά-

184 1275 315 1326 χηλον
341 1273 387 1312 ἐκ
411 1272 576 1324 χαλκοῦ
600 1273 879 1326 πεποιημένας
906 1271 1103 1312 λύκαιναν
1129 1274 1202 1313 καί
1235 1268 1386 1312 ὗαιναν
1424 1272 1623 1326 α’λλήλαις

185 1335 515 1389 α’ντιβλεπούσας
532 1339 604 1378 καί
622 1335 724 1391 πρὸς
742 1333 867 1391 ὀργήν
885 1329 1147 1391 η’γριωμένας
1165 1335 1407 1389 ἱσταμένους
1425 1334 1502 1378 δύο
1525 1354 1622 1379 στυ-

185 1403 352 1451 λίσκους
376 1404 450 1444 καί
485 1403 606 1444 λίθον
633 1403 888 1455 ἐπικείμενον
929 1400 1115 1456 ἔχοντας.
1172 1405 1354 1445 τοσαῦτα
1393 1404 1440 1444 δὲ
1475 1419 1624 1444 πεπον-

184 1468 300 1520 θώς,
328 1469 400 1509 καί
423 1469 558 1523 μυρία
592 1470 714 1523 ἕτερα
754 1464 943 1515 ὑποστὰς
982 1463 1057 1509 ὅσα
1105 1467 1129 1509 ὅ
1169 1467 1288 1522 λόγος
1325 1469 1617 1523 παρέδραμεν,

122 1551 173 1578 20
185 1528 298 1586 ὅμως
325 1532 512 1586 ἀντεῖχεν
538 1531 601 1575 ἔτι
626 1531 826 1587 γενναίως
855 1531 960 1587 πρὸς
986 1531 1062 1583 τὰς
1089 1533 1297 1590 ἐπιφορὰς
1329 1535 1411 1575 τῶν
1449 1535 1617 1586 δεινῶν,

183 1599 417 1654 ἐρρωμένος
446 1594 504 1661 ὢν
530 1597 574 1641 τὸ
606 1603 789 1655 φρονεῖν.
844 1596 950 1653 πρὸς
978 1599 1025 1640 δὲ
1051 1598 1149 1648 τούς
1175 1592 1513 1653 ἑπεισχεομένους
1548 1602 1622 1641 καί

275 1746 306 1769 2.
331 1735 522 1782 κορύναις]
547 1727 640 1782 μετὰ
668 1733 849 1770 α’κανθῶν
872 1734 1079 1780 ἔκρουονΒ.
1149 1737 1180 1769 3.
1206 1728 1270 1770 διὰ
1298 1735 1498 1783 σπόγγων]
1523 1735 1618 1782 μετὰ

275 1785 552 1828 σφουγγαρίων
577 1779 653 1816 α’πό
681 1775 748 1819 τὰς
769 1782 914 1819 κοιλίας
935 1785 1009 1815 τῶν
1036 1781 1191 1826 βοῖδίων
1215 1784 1268 1820 εἰς
1291 1777 1358 1824 τὴν
1383 1782 1475 1826 ὄψιν
1501 1784 1621 1816 αὐτοῦ

275 1831 439 1873 κοπρέας
463 1829 600 1873 ἔχυνον
624 1829 659 1861 Β.
774 1829 807 1863 6.
835 1827 1060 1875 ὀβελίσκοις]
1086 1822 1153 1865 τὰς
1178 1829 1337 1873 σούβλας
1360 1831 1566 1873 πυροῦντες
1582 1832 1618 1862 Β.

277 1887 309 1921 7.
336 1873 448 1921 κύνα]
481 1875 622 1909 σκύλον
644 1873 870 1920 λυσσιιίριον
896 1875 932 1908 Β.
1048 1879 1079 1910 8.
1105 1875 1305 1923 κεράμιον]
1337 1878 1493 1920 κακάβιν
1515 1877 1621 1910 ἱστά-

273 1931 393 1968 μενον
416 1921 517 1968 ὗδωρ
536 1923 657 1968 γέμον
680 1923 743 1955 καὶ
764 1921 920 1965 βροίζον,
946 1920 1152 1967 ἄρπιίσασα
1181 1925 1291 1956 τοῦτο
1324 1916 1398 1956 dno
1427 1924 1498 1956 τοῦ
1521 1921 1620 1957 οἴνω-

275 1970 392 2013 γαίου
419 1969 474 2003 Β..
601 1971 649 2002 ι3.
686 1968 748 2002 ἐπὶ
773 1979 830 2000 om
854 1968 894 2000 A.
1038 1965 1144 2015 ὅπερ]
1174 1971 1236 2003 καὶ
1266 1967 1357 2013 ὅπερ
1381 1969 1420 2002 A.
1569 1971 1618 2004 15.

276 2013 443 2060 φελύρας
472 2015 531 2058 Δ.4
612 2017 662 2048 16.
691 2012 768 2061 καὶ]
795 2023 833 2047 τε
862 2015 924 2047 καὶ
949 2015 988 2047 Α.
1072 2026 1123 2059 ι7.
1152 2014 1400 2063 η’γριωμένας]
1427 2016 1619 2063 ἐμβριμω-

273 2062 393 2107 μένας
421 2062 460 2095 Δ.
585 2064 636 2098 ¹8·
663 2059 882 2108 πεπονθώς]
907 2060 1045 2096 παθών
1067 2061 1107 2094 Α.

181 2190 313 2226 mentis
335 2190 521 2224 hominum
549 2195 585 2224 et
610 2190 790 2236 pecudum
816 2190 978 2224 foedatas
1015 2191 1054 2224 in
1077 2191 1206 2225 faciem
1232 2192 1311 2225 eius
1341 2199 1618 2238 expresserunt,

183 2239 246 2271 alii
269 2237 388 2271 verbis
413 2238 600 2271 obscoenis
629 2243 796 2282 parentes
822 2238 898 2270 eius
922 2238 1089 2271 insectati
1117 2244 1212 2272 sunt.
1236 2244 1339 2272 erant
1364 2245 1400 2272 et
1424 2241 1487 2285 qui
1512 2251 1617 2272 veru-

181 2284 250 2318 bus
277 2285 389 2317 latera
415 2285 492 2317 eius
516 2290 726 2329 pungerent.
753 2284 1036 2329 impudentiores
1062 2285 1209 2330 quidam
1234 2286 1417 2330 lapidibus
1443 2287 1616 2320 coniectis

183 2330 348 2364 rabidum
371 2342 494 2364 canem
520 2342 600 2364 eum
624 2330 867 2376 appellabant.
903 2337 1056 2364 scortum
1078 2332 1260 2377 quoddam
1292 2332 1482 2376 impudens
1506 2334 1616 2366 ollam

182 2377 337 2411 ferventi
360 2389 454 2422 aqua
478 2378 621 2422 plenam
651 2389 670 2410 e
695 2378 815 2411 culina
843 2383 978 2423 raptam
1010 2378 1049 2411 in
1074 2379 1201 2412 faciem
1231 2379 1308 2412 eius
1334 2380 1471 2412 effudit.
1509 2391 1615 2412 nemo

184 2423 342 2469 denique
368 2430 444 2457 erat
466 2425 555 2469 quin
582 2424 811 2457 malefaceret
832 2425 1049 2458 Andronico.
1086 2426 1137 2459 ita
1172 2426 1412 2470 ignominiose
1449 2427 1487 2459 in
1513 2427 1618 2459 thea-

182 2475 279 2503 trum
300 2471 453 2503 ridiculo
478 2471 661 2515 triumpho
686 2470 910 2516 perductum,
939 2483 979 2504 ac
999 2473 1132 2505 misero
1152 2473 1218 2504 illo
1243 2473 1379 2505 camelo
1405 2472 1616 2514 detractum,

183 2516 286 2549 iuxta
299 2516 394 2550 ‘duas
418 2517 626 2550 columellas
655 2518 786 2562 quibus
813 2529 966 2562 superne
993 2518 1086 2563 lapis
1112 2519 1310 2559 incumbit,
1332 2530 1444 2564 prope
1468 2530 1616 2551 aeneam

182 2563 307 2606 lupam
331 2568 367 2596 et
389 2563 585 2607 hyaenam,
623 2575 715 2608 quae
739 2563 880 2598 inflexis
909 2565 1108 2598 cervicibus
1132 2566 1236 2610 quasi
1260 2566 1373 2598 altera
1402 2567 1439 2598 in
1467 2566 1616 2598 alteram

183 2610 358 2652 impetum
382 2609 517 2642 factura
541 2611 741 2644 concitatae
766 2617 905 2652 astant,
947 2612 1102 2656 pedibus
1130 2612 1357 2656 suspendunt
1380 2613 1464 2644 fune
1490 2612 1618 2655 alliga-

182 2656 241 2689 tis.
265 2659 323 2687 tot
340 2655 434 2687 mala
456 2667 655 2701 perpessus,
681 2663 719 2691 et
745 2658 818 2690 alia
840 2664 1007 2692 sexcenta
1034 2669 1128 2703 quae
1154 2659 1469 2703 praetermisimus,
1497 2663 1616 2691 tamen

184 2712 356 2745 generoso
380 2700 496 2734 adhuc
519 2704 639 2736 animo
665 2704 766 2737 illata
787 2705 882 2737 mala
910 2705 1101 2745 tolerabat,
1127 2717 1168 2738 ac
1187 2711 1308 2738 mente
1333 2706 1470 2748 integra
1494 2703 1539 2736 ad
1562 2704 1617 2736 as-

183 2749 354 2783 fluentem
378 2748 522 2782 turbam
547 2754 598 2782 et‘
619 2749 810 2785 iacientem
843 2762 1055 2791 conversus,
1093 2751 1187 2784 nihil
1225 2751 1369 2785 dicebat
1406 2749 1506 2783 aliud
1543 2751 1615 2784 nisi
