1878 3230
495 188 717 229 ALExms
754 187 932 229 DUCAS
972 187 1304 228 munzurms.
1507 168 1617 242 749

174 287 277 347 πρὸς
310 289 356 330 δὲ
386 285 460 337 τὰς
489 285 685 335 τοιαύτας
713 282 879 339 γνώμας
907 281 1079 339 ὡρμᾶτο
1103 285 1185 336 μὲν
1213 283 1285 326 καί
1310 281 1516 343 αιξτόθεν,
1547 285 1619 324 ου’»

174 357 246 397 δὲν
273 354 427 396 ἐκεῖνον
464 354 684 407 λεληθέναι
724 352 806 392 τῶν
843 348 1114 404 καθηκόντων
1148 348 1468 405 ἰσχυριζόμενος
1510 351 1616 393 cm«)

172 423 279 463 πᾶσι
306 417 539 477 πεφυκέναι
565 415 822 472 πράγμασιν·
878 411 965 470 εἶχε
993 417 1039 458 δὲ
1070 417 1143 458 καί
1167 418 1396 469 συνερίθου
1431 417 1618 470 σκίασμα

0 458 2 535 ἶ
173 486 317 541 ἰσχνὸν
346 482 633 541 παρεπόμενον
661 481 735 524 τὸν
764 480 968 537 κηδεστήν
988 479 1252 533 Φιλοκάλιον,
1282 479 1330 524 ὃν
1358 482 1438 536 ⁰²52
1465 479 1618 536 ἑτέρως

137 550 283 607 5ἔχων
311 552 383 593 έπί
418 551 496 592 τοῦ
528 543 658 603 ἄκρου
688 549 843 602 στῆσαι
884 547 958 601 τῆς
995 544 1223 601 συγκλήτου
1252 550 1460 603 βατῆρος,
1504 547 1618 602 ἡμᾶς

172 620 251 671 μὲν
280 612 350 658 ἄπ’
378 612 576 668 οὖδεμιᾶς
611 611 869 668 εὐσχήμονος
897 613 1148 668 προφάσεως
1177 613 1254 654 τοῦ
1287 619 1373 662 τοῖς
1410 614 1618 668 σεκρέτοις

172 686 409 738 λογοθετεῖν
437 681 744 735 παραλέλυκεν,
776 680 930 720 ἐκεῖνον
957 680 996 720 δ’
1025 678 1411 734 ἀντιπροβέβληκεν.
1467 675 1618 734 ἆμελέ-
1629 691 1665 725 P.
1676 692 1743 737 364

171 764 294 804 τητος
321 749 358 790 δ’
386 743 446 789 ὢν
469 745 491 788 ὃ
514 744 620 801 α’νὴρ
651 742 721 787 ὅδε
751 746 826 787 τοῦ
852 741 1005 786 ἑαυτὸν
1033 744 1190 786 εἰδέναι
1213 746 1503 799 παντάπασιν,
1533 743 1617 787 ὑπὸ

172 815 245 870 τῆς
273 809 379 869 ἄγαν
408 813 654 870 φιλοτιμίας
680 813 761 853 τῶν
789 810 895 866 ὑπὲρ
935 808 980 853 τὸ
1023 813 1207 865 καθῆκον
1246 813 1466 868 σφαλερῶς
1505 813 1625 868 ἐφιέ-

114 901 162 927 10
173 895 326 934 μενος,
373 878 422 921 τὸ
449 876 508 934 μὴ
536 877 766 933 σύνθρονος
793 872 900 919 εἶναι
936 878 1022 918 τῶν
1050 878 1095 918 ἐν
1132 883 1273 930 τιμαῖς
1307 879 1434 926 ἐνίοις
1471 875 1622 919 ὖπενό-

174 949 279 989 θευε
307 942 526 999 ποδάγραν
556 942 947 998 σχηματιζόμενος,
988 939 1045 992 ὥς
1083 940 1201 997 εἴπερ
1243 944 1486 999 συνδιέρρεε
1530 948 1623 993 ταῖς

173 1013 373 1068 πτέρναις
415 1009 487 1053 τὸν
532 1010 764 1066 ἐγκέφαλον
801 1005 1030 1051 κάντεῦθεν
1073 1009 1366 1065 ἀλλοφρονέων
1414 1005 1658 1064 ὀλιγώρως,

175 1074 265 1132 εἶχε
293 1078 369 1119 τοῦ
407 1078 646 1131 πρέποντος.
703 1072 809 1116 α’λλὰ
847 1076 921 1115 καί
961 1071 1060 1123 τούς
1100 1075 1341 1128 βασιλείους
1380 1072 1624 1129 θησαυροὺς

176 1141 254 1185 οὔκ
281 1144 506 1196 ἑπιχειλεῖς
538 1140 629 1182 οὐδ’
655 1137 845 1195 ἡμιδεεῖς
877 1140 968 1181 ἀλλ’
995 1141 1041 1180 έν
1078 1142 1205 1196 στενῷ
1245 1138 1378 1196 πάντῃ
1419 1139 1624 1194 ἀπειλημ-

115 1213 162 1255 ι5
175 1213 326 1263 μένους
354 1208 378 1249 δ
409 1203 540 1263 ἄρξας
568 1206 710 1248 οὖτοσί
736 1204 907 1255 Δούκας
934 1203 1071 1260 εὖρών
1103 1207 1285 1261 θερίζων
1310 1201 1363 1260 ἦν
1399 1202 1508 1246 ἔνθα
1546 1206 1624 1245 ου’κ

175 1274 341 1330 ἔσπειρε
390 1273 465 1315 καί
509 1270 700 1326 συνάγων
743 1268 840 1313 ὅθεν
884 1271 936 1312 οὕ
973 1269 1288 1325 διεσκόρπισεν,
1334 1267 1504 1312 ἑτάσεσι
1540 1271 1621 1323 βα-

175 1339 309 1396 ρείαις
338 1336 508 1394 ὑπάγων
538 1337 635 1387 τούς
652 1335 724 1387 τοὶς
753 1337 950 1392 μεγίστας
977 1336 1047 1378 ὑπ’
1078 1337 1281 1391 Ἀγγέλων
1311 1336 1624 1388 ἀνεζωσμένους

175 1407 320 1462 πρώην
363 1403 503 1458 α’ρχάς
549 1406 622 1446 καί
665 1402 1034 1457 μεταρσιωθέντας
1081 1402 1141 1451 εἰς
1189 1399 1300 1455 ὕψος
1343 1400 1662 1456 σεβαστοκρά-Β

176 1487 294 1528 τορσι
330 1471 515 1526 καθῆκον
563 1472 635 1511 καί
661 1469 908 1525 Καίσαρσι,
947 1469 1020 1510 καί
1063 1466 1169 1524 πρὸς
1211 1467 1289 1518 τὰς
1337 1465 1478 1517 κοινὰς
1520 1466 1623 1508 οἷπε-

114 1556 167 1584 20
177 1539 300 1581 κτᾶτο
317 1538 464 1592 χρείας
492 1533 630 1578 ὁπόσα
658 1536 828 1578 ἐνθένδε
856 1534 1047 1588 συνέλεγε
1062 1531 1279 1589 χρήματα.
1334 1529 1622 1589 ἀπειροκάλως
1636 1544 1675 1579 v.
1691 1546 1753 1580 300

278 1654 305 1677 1.
333 1641 500 1690 ὦρμᾶτο]
528 1640 688 1675 ἐκινεῖτο
723 1639 796 1686 μὲν
833 1640 899 1673 καὶ
925 1637 995 1685 ἀφ’
1020 1637 1158 1672 ἑαυτοῦ
1183 1638 1223 1671 Β.
1370 1638 1402 1683 4.
1425 1629 1494 1671 τόν
1517 1635 1624 1679 κηδε-

273 1684 380 1737 σῐῆν]
417 1685 485 1722 τὸν
509 1687 626 1721 αὐτοῦ
652 1684 846 1732 πενθερόν
872 1682 940 1720 τὸν
973 1685 1188 1731 φιλοκᾶλην
1210 1685 1248 1719 Β.
1388 1696 1421 1730 7.
1448 1683 1623 1729 ἀμελέτη-

270 1735 346 1783 τος]
390 1730 442 1782 μὴ
478 1735 678 1779 γινώσκων
722 1733 763 1767 δὲ
806 1732 947 1778 νόμους
986 1735 1144 1777 κρίσεως
1188 1731 1208 1765 ὁ
1252 1724 1347 1775 α’νῆρ
1388 1723 1507 1764 πολλοὶ
1548 1733 1624 1765 τῶν

274 1781 323 1817 ου’
348 1780 571 1826 πρεπόντων
598 1782 720 1814 ἐποίει
750 1781 813 1812 καὶ
842 1780 1040 1825 σφαλερῶς
1065 1779 1200 1823 ἔκρινε.
1247 1779 1373 1812 θέλων
1400 1775 1443 1811 δὲ
1466 1778 1529 1810 καὶ
1552 1789 1623 1822 μη-

275 1829 366 1863 δένα
389 1830 465 1863 τῶν
486 1824 584 1872 πρὸς
606 1825 724 1861 αὐτὸν
747 1826 964 1872 ἐρχομένων
986 1824 1222 1871 προτιμῆσαι
1246 1824 1287 1859 ἔν
1303 1833 1342 1858 τε
1360 1828 1442 1861 ταῖς
1457 1823 1624 1861 εἰσόδοις

278 1878 346 1910 καὶ
369 1880 450 1912 ταῖς
475 1873 620 1914 ἐξόδοις
645 1873 860 1917 ποδαγρίαν
881 1872 1146 1918 ἐσχηματίζετο
1173 1871 1298 1916 ἔχειν,
1338 1869 1465 1914 ὥσπερ
1496 1869 1530 1903 εἰ
1553 1868 1624 1904 ἄν·

277 1923 460 1968 θρώπους
483 1920 634 1964 ἔβλεπεν
656 1919 840 1962 ἀνοήτους
863 1922 928 1953 καὶ
950 1917 1019 1961 τήν
1040 1920 1185 1963 γνῶσιν
1210 1919 1264 1954 εἰς
1283 1909 1348 1955 τὰς
1371 1919 1533 1961 πιέρνας
1555 1914 1626 1950 αὗ-

275 1973 352 2005 τῶν
375 1969 540 2013 ἔχοντας.
562 1967 602 2004 Β.
701 1969 751 2013 ι4.
777 1965 847 2001 οὔκ
873 1965 1089 2013 ἐπιχειλεῑς]
1115 1964 1162 2000 οὗ
1185 1964 1374 2012 γεμᾶτους
1393 1963 1474 1997 ἀλλ’
1498 1962 1626 1997 εὐκαί-

277 2028 367 2064 ρους
381 2017 421 2052 Β.

185 2125 318 2161 pensus
353 2117 446 2153 erat,
481 2110 618 2157 quippe
655 2110 720 2155 qui
759 2119 797 2143 se
828 2108 924 2142 nihil
963 2107 1056 2142 scitu
1091 2107 1331 2141 necessarium
1366 2108 1529 2151 ignorare
1560 2105 1626 2139 sed

186 2162 353 2196 omnibus
381 2159 489 2193 rebus
518 2156 682 2202 gerendis
707 2156 878 2189 idoneum
905 2166 983 2189 esse
1009 2155 1258 2201 profiteretur,
1282 2160 1357 2187 tum
1383 2165 1404 2187 a
1429 2153 1626 2187 Philocalio

187 2219 310 2242 socero
335 2218 399 2243 suo
428 2204 612 2239 umbratili
636 2203 800 2237 adiutore
831 2203 870 2236 in
902 2213 943 2236 ea
973 2202 1146 2247 opinione
1181 2200 1470 2235 confirmabatur.
1518 2210 1626 2244 quem

187 2267 269 2288 cum
293 2254 400 2287 aliter
426 2253 466 2286 in
489 2262 623 2285 summo
648 2250 790 2284 consilii
816 2248 927 2294 gradu
949 2249 1126 2282 collocare
1158 2259 1232 2282 non
1258 2253 1398 2293 posset,
1427 2258 1492 2280 nos
1524 2246 1627 2279 nulla

187 2301 370 2347 probabili
397 2300 442 2333 de
466 2310 572 2332 causa
591 2297 636 2330 ab
661 2297 776 2331 officio
803 2295 1010 2341 logothetae
1037 2300 1255 2329 secretorum
1280 2294 1442 2334 removit,
1471 2303 1627 2337 eumque

189 2350 227 2380 in
253 2354 414 2381 nostrum
438 2347 559 2379 locum
582 2345 779 2378 substituit.
802 2344 832 2376 is
856 2354 941 2376 vero
965 2344 1021 2376 vir
1046 2354 1127 2376 cum
1153 2353 1175 2375 a
1208 2342 1263 2375 sui
1290 2341 1496 2386 cognitione
1533 2339 1627 2372 alie-

189 2395 356 2428 nissimus
384 2398 499 2434 esset,
524 2391 608 2426 dum
634 2402 720 2436 prae
753 2390 865 2423 nimia
888 2389 1087 2423 ambitione
1112 2400 1156 2422 ea
1181 2399 1273 2433 quae
1302 2388 1511 2433 dignitatem
1548 2387 1626 2418 eius

191 2441 410 2485 superabant
433 2451 513 2478 cum
536 2438 700 2484 periculo
729 2437 879 2482 appetit,
905 2448 952 2470 ne
976 2435 1150 2482 quosdam
1177 2435 1369 2468 honoratos
1393 2435 1488 2466 viros
1513 2443 1628 2465 asses·

192 2498 290 2520 sores
314 2487 484 2528 haberet,
506 2486 583 2531 pati
608 2484 800 2530 podagram
824 2484 994 2524 simulat,
1019 2484 1123 2528 quasi
1147 2494 1218 2515 una
1243 2494 1322 2515 cum
1349 2480 1504 2526 pedibus
1528 2488 1628 2511 cere-

192 2533 298 2567 hrum
332 2534 441 2567 etiam
477 2533 677 2572 amisisset,
710 2537 749 2565 et
782 2531 885 2576 quasi
919 2531 1076 2564 alienata
1106 2535 1226 2563 mente
1265 2529 1433 2562 decorum
1465 2524 1627 2569 negligit.

193 2585 375 2613 caeterum
396 2581 512 2614 Ducas
535 2579 594 2612 hie
618 2590 699 2612 cum
721 2583 887 2623 suscepto
912 2577 1063 2623 imperio
1092 2577 1279 2610 thesauros
1310 2586 1382 2608 non
1409 2572 1535 2617 plenos
1561 2581 1631 2604 nec

197 2626 414 2671 semiplenos
441 2625 505 2659 sed
527 2625 719 2659 admodum
747 2625 940 2658 exhaustos
964 2623 1176 2669 reperisset,
1204 2620 1364 2655 metebat
1387 2619 1451 2652 ubi
1476 2628 1550 2650 non
1572 2627 1631 2650 se-

195 2678 318 2713 verat,
346 2677 383 2705 et
407 2671 600 2715 colligebat
623 2672 687 2705 ubi
710 2671 804 2705 nihil
828 2676 1015 2716 sparserat.
1043 2682 1084 2704 ac
1119 2669 1215 2715 gravi
1247 2666 1459 2712 quaestione
1493 2665 1532 2696 in
1568 2674 1631 2696 eos

197 2719 324 2753 habita
364 2718 428 2764 qui
466 2717 534 2750 sub
572 2717 716 2763 Angelis
754 2718 905 2752 maxima
952 2718 1100 2762 imperia
1146 2719 1328 2760 gesserant
1365 2711 1412 2744 ad
1452 2710 1631 2754 fastigium

197 2764 562 2802 Sebastocratoricum
585 2769 623 2798 et
643 2764 855 2798 Caesareum
880 2764 1015 2805 evecti,
1038 2763 1229 2810 pecuniam
1252 2759 1337 2794 iude
1371 2758 1559 2793 collectam
1584 2756 1631 2790 ad
