1878 3230
552 211 623 254 1)ss
662 210 878 254 nsAAcio
917 212 1133 254 ANGELo
1175 210 1273 254 Lm.
1315 212 1389 253 ιιι.
1535 192 1644 267 595

217 312 293 352 τοῦ
322 310 477 364 τάχους
507 311 704 362 ὀξύτατος
731 310 1034 366 συλλελόγιστο.
1091 313 1322 368 α’φιγμὲνος
1352 310 1399 353 δὲ
1424 310 1529 353 κατά
1542 312 1649 354 Στά-

215 392 380 433 γειραν,
411 374 500 432 ἥτις
519 376 680 432 Μάκρη
707 379 867 432 λέγεται
898 378 991 431 νῦν,
1021 378 1354 431 συλλαμβάνεται
1384 377 1497 432 παρὰ
1528 381 1692 427 flav-1)

215 444 410 495 τευγένου
438 440 550 491 τινός
575 444 647 484 καί
673 444 1023 498 καταπροδιδοται
1050 449 1137 492 τοῖς
1162 441 1469 485 ἐπιδιώκουσιν.
1498 439 1651 484 οὖκοῦν

217 506 290 548 καὶ
313 505 383 549 τὸν
413 506 591 561 ἔσχατον
619 504 736 562 ἥλιον
760 504 1022 561 θεασάμενος
1046 503 1176 564 ἄμφω
1196 505 1253 549 τιὸ
1275 506 1484 564 ὀφθαλμώ
1502 506 1653 562 μικρὸν

181 570 392 627 5ῧστερον
419 570 680 628 ἐξορύττεται
705 571 810 619 κατὰ
843 571 918 628 τὴν
949 574 993 615 ἐν
1018 573 1142 630 Βήρᾳ
1168 572 1326 628 μονήν,
1371 568 1421 628 ἧς
1461 573 1651 629 δομητωρ

217 637 240 679 ὅ
270 640 347 679 τοῦ
385 640 591 691 βασιλέως
632 639 893 693 Ἀνδρονίκου
936 636 1079 688 τοκεὺς
1116 637 1335 688 Ἰσαάκιος.
1391 640 1430 681 εἰ
1460 641 1506 681 δὲ
1548 637 1653 681 κατιὶ

216 704 338 744 θείαν
364 706 529 755 νέμεσιν
555 705 687 745 ἐκεῖσε
715 702 868 758 ταύτην
895 703 971 758 τὴν
996 705 1112 759 δι’κην
1141 703 1276 746 ἔτισεν
1304 705 1362 753 ὥς
1398 703 1555 760 δράσας
1582 720 1655 746 κα-

217 770 301 817 κῶς
332 766 615 822 Ἀνδρόνικον,
643 766 802 824 ἑτέροις
826 775 993 812 σκοπεῖν
1013 770 1183 826 α’φιήμι·
1238 769 1435 823 βούλεται
1462 770 1540 825 γάρ
1562 767 1586 825 ἦ
1606 770 1652 811 τὸ

219 835 302 874 πᾶν
333 829 514 888 ἆρίστως
547 830 793 887 διεξάγουσα
830 833 1005 890 πρόνοια
1034 836 1107 876 καί
1138 841 1224 885 τοῖς
1257 834 1530 891 ἑχθροτάτοις
1557 837 1656 885 τούς

161 915 206 942 ιο
219 912 432 952 τιμωρους
461 897 773 954 φιλανθρώπως
800 901 1114 979 προσφέρεσθαι
1133 934 1144 954 ,
1181 900 1486 957 ὑφορωμένους
1521 900 1566 944 τὸ
1594 901 1653 956 μὴ

218 963 416 1018 άειπαγὲς
439 965 514 1018 τῆς
541 965 676 1018 α’ρχῆς
701 966 776 1006 καί
800 964 876 1020 τὴν
910 967 980 1020 τῆς
1008 965 1154 1042 ισχύος
1181 965 1393 1018 α’πόζωσιν
1416 983 1487 1009 και
1512 983 1584 1021 την
1610 968 1657 1008 ἐκ

217 1031 296 1071 τοῦ
325 1029 459 1070 αυτοῦ
485 1028 706 1083 κυήματος
746 1030 790 1078 ἐς
817 1028 861 1072 to*
898 1029 1003 1073 αὕτὸ
1030 1031 1266 1086 κατάντημα
1299 1033 1492 1082 πολλάκις
1529 1048 1658 1086 μετα-

218 1091 418 1147 κύβευσίν
440 1109 484 1135 τε
509 1097 582 1136 καί
608 1094 953 1150 παλιιδρόμησιν.
1008 1112 1078 1138 και
1099 1094 1171 1138 τὸν
1194 1097 1273 1149 μὲν
1288 1093 1376 1151 εἶχε
1399 1113 1505 1150 μετα
1533 1100 1656 1139 τοῦτο

218 1157 267 1200 τὸ
297 1159 431 1208 πάθος
448 1192 460 1212 ,
488 1156 656 1214 ἡμερῶν
680 1163 846 1214 συχνῶν
870 1159 929 1216 μη
961 1164 1331 1216 προσενηνεγμένον
1359 1168 1454 1205 σῖτα
1485 1160 1555 1204 διὰ
1584 1160 1657 1217 τήν
1669 1179 1701 1211 p,
1726 1187 1794 1222 29⁰

161 1227 207 1268 15
220 1222 492 1278 σεισάχθειαν
518 1227 592 1279 τῆς
633 1225 869 1279 κολάσεως,
899 1226 980 1268 τῶν
1006 1229 1231 1279 βασιλείων
1261 1225 1408 1270 ἔνδοθι
1445 1227 1659 1282 κάθειρξις

219 1287 498 1344 πρόσκαιρος,
528 1288 602 1331 καὶ
627 1285 756 1339 αὖθις
796 1291 823 1346 ἦ
856 1289 964 1333 κατὰ
1000 1290 1073 1332 τὸν
1110 1293 1284 1335 διπλοῦν
1318 1295 1436 1334 κιόνα
1477 1293 1659 1347 περαία,

219 1358 311 1408 βίον
335 1353 514 1410 α’γρότην
541 1354 769 1397 άντλοῦντα
785 1387 798 1408 ,
840 1354 936 1414 οἴνῳ
963 1371 1008 1398 τε
1035 1358 1109 1398 καί
1133 1357 1232 1414 σίτῳ
1260 1359 1448 1415 μετρητῷ
1485 1358 1543 1408 οἷς
1587 1357 1661 1400 τὸν

219 1417 402 1473 τυχόντα
429 1420 598 1475 ἰδιώτην
626 1421 864 1473 διαζῶντα,
903 1419 975 1463 τὸν
1019 1422 1056 1462 δ’
1087 1420 1274 1478 άδελφὸν
1303 1423 1437 1464 αὐτοῦ’
1464 1423 1490 1478 ἦ
1536 1426 1661 1476 βασι·

222 1484 312 1527 λεία
353 1486 440 1538 μετ’
477 1485 688 1541 εἰρηναίας
719 1483 792 1527 καί
817 1481 1104 1528 ἀστασιάστου
1137 1489 1211 1542 τῆς
1251 1486 1567 1543 καταστάσεως,
1604 1488 1795 1539 ὥςν,,3ο

312 1617 346 1639 2.
369 1604 527 1653 λέγεται]
558 1605 629 1642 νῦν
652 1607 826 1665 κέκληται
850 1607 889 1639 A.
1029 1607 1062 1640 3.
1087 1606 1228 1642 ου’κοῦν
1253 1605 1331 1655 καὶ]
1367 1609 1430 1641 καὶ
1463 1610 1595 1644 τοίνυν
1618 1610 1658 1642 A.

313 1653 346 1696 4.
368 1654 494 1731 μικρῶ
521 1654 562 1686 Α.
673 1665 704 1697 7
731 1653 780 1690 ως
801 1671 846 1680 -—
863 1651 1120 1709 Ἀνδρόνικον
1144 1666 1202 1686 om
1227 1655 1266 1686 A.
1382 1666 1431 1688 ιο.
1455 1656 1660 1701 ὑφορωμέ-

310 1698 413 1745 rous]
442 1698 490 1732 ου’
513 1710 590 1756 γαρ
621 1696 682 1731 αέἰ
703 1708 795 1732 ποτε
833 1696 874 1732 τὸ
914 1698 1102 1758 στάσιμον
1130 1700 1172 1734 ἐν
1203 1702 1248 1742 τῆ
1282 1700 1503 1743 ἄνθρωπεια
1540 1704 1660 1746 ιμ”σει

314 1747 483 1784 ἵσταται,
519 1744 599 1778 ἀλλ’
628 1743 686 1778 αεὶ
721 1745 969 1800 μετασαλεύει
1003 1747 1066 1779 καὶ
1098 1748 1326 1792 μεταπίπτει
1361 1746 1437 1780 ιίπὸ
1470 1748 1539 1781 τοῦ
1573 1747 1661 1786 ἑνὸς

312 1790 410 1835 πρὸς
434 1789 501 1825 τὸν
534 1791 686 1848 ἕτερον,
710 1794 772 1824 καὶ
800 1789 925 1828 καθώς
964 1790 986 1824 o‘
1014 1792 1220 1837 ἄνθρωπος
1253 1795 1374 1837 κρίνει
1415 1796 1477 1826 καὶ
1510 1801 1658 1839 ιιετρεῖ,

315 1840 429 1875 οὕτως
453 1835 556 1881 παρὰ
583 1840 652 1871 τοῦ
675 1836 830 1883 ιῖγαθοῦ
853 1839 918 1870 καὶ
941 1836 1092 1872 δικαίου
1119 1840 1254 1884 κριτοῦ
1283 1841 1346 1872 καὶ
1371 1846 1563 1885 ιιετρεῖται
1593 1843 1658 1874 καὶ

313 1887 491 1929 κρίνεται.
511 1885 548 1916 B.
618 1895 667 1918 ιι.
691 1886 755 1927 τῆς
779 1882 909 1930 αρχῆς]
936 1887 999 1926 τῆς
1022 1884 1155 1929 ἰσχύος
1177 1886 1240 1918 καὶ
1262 1880 1330 1928 τὴν
1355 1888 1423 1919 τοῦ
1441 1886 1601 1931 κράτους
1616 1889 1656 1920 A.

318 1934 370 1967 ¹3
395 1941 434 1964 τε
457 1929 534 1978 καὶ]
562 1928 583 1971 ἢ
606 1930 644 1963 A.
719 1931 771 1975 ι4.
796 1936 903 1964 σῖτον
928 1931 967 1963 A.
1033 1932 1084 1966 15.
1098 1931 1346 1976 σεισάχθειαν
1387 1931 1594 1977 δριμύτητα
1618 1935 1656 1966 Β.

318 1990 368 2021 ¹7·
389 1976 490 2034 βίον]
519 1979 582 2010 και
603 1973 648 2018 ἧν
669 1990 688 2020 η
713 1974 783 2021 Ceut>
809 1975 928 2011 αὐτοῦ
949 1975 1062 2024 ἄρτος
1088 1979 1152 2011 καὶ
1176 1977 1279 2016 οινος
1299 1990 1328 2025 μ
1356 1989 1420 2016 νος
1445 1979 1482 2012 Β.
1551 1980 1653 2017 «υς-

314 2023 467 2066 ἰδιωτην
489 2035 546 2056 οιιι
569 2024 610 2056 A.

221 2120 402 2156 cerneret,
430 2120 552 2148 tamen
574 2119 616 2148 ut
640 2114 789 2148 exitium
814 2125 835 2147 a
857 2113 984 2160 populi
1012 2114 1132 2148 furore
1159 2125 1295 2148 summa
1318 2114 1551 2149 festinatione
1570 2126 1653 2162 per-

221 2162 404 2208 sequentis
429 2162 618 2195 imminens
648 2161 816 2202 evitaret,
845 2161 981 2205 Stagira
1005 2162 1191 2206 pervenit,
1217 2173 1310 2207 quae
1332 2174 1428 2195 nunc
1452 2163 1571 2195 Macra
1596 2163 1654 2196 di-

220 2210 336 2252 citur3
371 2208 437 2242 ubi
472 2219 492 2241 a
515 2209 744 2252 Panteugeno
780 2207 937 2253 quodam
975 2207 1251 2253 comprehensus
1290 2213 1327 2241 et
1361 2209 1652 2263 persecutoribus

219 2233 385 2311 prodiius
412 2255 487 2288 sole
507 2260 726 2299 postremum
747 2254 842 2294 viso,
869 2254 978 2299 paulo
999 2260 1083 2299 post
1107 2254 1154 2287 ad
1181 2255 1288 2288 Perae
1316 2256 1572 2288 monasterium
1605 2255 1651 2288 ab

220 2302 447 2347 imperatoris
466 2301 660 2334 Andronici
685 2305 785 2345 patre
807 2301 940 2334 Isaacio
965 2301 1150 2334 conditum
1175 2306 1394 2334 excaecatur.
1421 2307 1539 2334 utrum
1567 2313 1651 2334 vero

221 2349 377 2382 numinis
401 2348 558 2380 vindicta
582 2358 716 2392 poenas
742 2347 822 2379 illas
845 2347 898 2379 ihi
923 2346 1085 2388 dederit,
1111 2347 1192 2380 aliis
1215 2347 1514 2380 considerandum
1540 2349 1652 2380 relin-

223 2405 305 2439 quo.
329 2395 406 2428 vult
430 2395 526 2427 enim
548 2393 796 2439 providentia,
823 2404 916 2437 quae
941 2394 1060 2426 omnia
1087 2394 1222 2438 optime
1249 2393 1446 2438 gubernat,
1480 2394 1588 2427 etiam
1611 2394 1650 2426 in

223 2440 547 2474 inimicissimorum
586 2441 772 2485 suppliciis
811 2439 1094 2474 moderationem
1129 2439 1314 2480 adhiberi,
1363 2446 1399 2474 et
1423 2451 1575 2484 .semper
1612 2440 1649 2472 in

224 2493 414 2540 conspectu
442 2498 518 2520 esse
544 2488 731 2532 potestatis
766 2485 945 2519 lubricum
978 2491 1014 2520 et
1049 2486 1192 2531 imperii
1227 2486 1473 2527 amissionem,
1505 2498 1569 2526 ne,
1609 2491 1650 2518 ut

225 2533 383 2565 omnium
405 2544 521 2566 rerum
542 2533 754 2567 vicissitudo
779 2538 856 2573 est,
882 2532 1184 2578 quemadmodum
1207 2533 1360 2578 quisque
1385 2533 1545 2566 tractarit
1568 2542 1650 2563 cae-

224 2584 340 2619 teros,
369 2580 418 2612 ita
441 2585 478 2612 et
501 2580 577 2624 ipse
603 2580 724 2612 divino
748 2558 884 2612 iudicio
902 2579 947 2611 ab
975 2580 1056 2613 aliis
1079 2584 1260 2613 tractetur.
1283 2585 1365 2623 post
1388 2578 1480 2611 hanc
1505 2576 1650 2610 calami-

223 2630 353 2665 tatem,
377 2625 424 2657 ob
447 2625 626 2669 ingentem
653 2627 849 2658 cruciatum
873 2625 1002 2658 diebus
1027 2625 1270 2670 compluribus
1295 2625 1375 2657 cibo
1398 2636 1472 2657 non
1495 2628 1649 2667 gustato,

223 2672 385 2716 palatino
413 2672 544 2703 carceri
566 2672 773 2705 includitur.
798 2672 907 2717 paulo
937 2683 1020 2706 vero
1044 2678 1127 2717 post
1147 2673 1187 2705 in
1214 2672 1363 2704 alteram
1389 2670 1488 2702 urbis
1510 2674 1649 2714 partem

225 2718 270 2750 ad
295 2717 564 2762 Diplocionium
592 2719 825 2759 transfertui-3
863 2730 930 2751 nec
965 2719 1157 2762 quicquam
1188 2722 1331 2761 praeter
1369 2716 1442 2747 vini
1475 2721 1510 2747 et
1544 2716 1648 2760 panis

227 2764 456 2806 demensum,
481 2768 522 2797 ut
547 2762 653 2798 homo
675 2763 841 2810 plebeius
868 2764 941 2797 ruri
969 2763 1122 2808 degens,
1153 2762 1294 2809 accipit.
1319 2761 1429 2795 frater
1452 2770 1536 2797 vero
1570 2762 1648 2796 eius
