1838 3210
254 187 365 252 204
690 199 918 244 mcE'rAE
955 197 1262 242 cnomA‘rAE

249 304 375 359 ρι’-νας
385 301 666 358 χειρισάμενοι
684 299 799 354 (ἔθος
826 303 871 344 δὲ
889 301 1029 350 αὐτοῖς
1044 302 1114 342 καί
1128 299 1286 342 τοιόνδε
1306 302 1447 355 φέρειν
1461 299 1674 353 ὃπλισμόν,

248 370 366 423 ἡνίκα
397 364 447 408 ἂν
476 369 533 416 εἰς
566 364 745 418 πόλεμον
773 365 890 421 ἴοιεν)
920 364 1065 407 ἔπαιον
1088 364 1186 414 τούς
1215 363 1409 415 Παίονας
1438 366 1493 406 δι’
1521 362 1679 407 αὐτῶν·

250 432 323 474 καί
348 428 395 486 ἦν
421 432 581 485 καίριον
600 430 715 482 μάλα
737 430 783 472 τὸ
814 433 1002 486 πλῆγμα,
1029 430 1134 473 κατὰ
1151 432 1331 486 κεφαλῆς
1351 432 1421 472 καί
1447 427 1677 483 προσώπων

250 497 469 550 γινόμενον.
491 495 637 537 πολλοὶ
654 497 792 538 τοίνυν
805 497 1133 546 σκοτοδινιῶντες
1148 497 1221 551 τῆς
1236 493 1400 543 ἱππείας
1416 495 1679 549 ἀνετρέποντο

206 563 401 616 Βὲδρας·
460 561 542 602 εἰσί
569 562 604 601 δ’
633 560 675 602 οἳ
698 563 768 603 καί
786 564 1056 617 ἑλειφαιζιιουν
1085 566 1171 610 τοῖς
1194 559 1421 615 τραύμασι.
1478 559 1550 601 καί
1574 556 1718 604 οὕτωό

248 628 326 667 τοῦ
355 626 567 681 ἅρραγοῦς
605 627 762 667 ἐκείνου
809 627 1136 676 διασπασθέντος
1179 624 1490 679 συντάγματος,
1534 623 1607 665 οὐκ
1630 617 1681 679 ἦν

250 689 294 738 ὸς
323 691 396 732 οὐκ
426 687 477 745 ἦν
503 693 583 732 τῶν
601 688 819 744 Ῥωμαίων
846 693 1011 745 βάλλων
1037 708 1104 734 και
1134 690 1402 743 καταβάλλων
1430 692 1622 742 Παίονα,
1652 685 1681 743 ἢ

248 754 307 808 μη
337 756 545 797 σκυλεύων
584 755 656 797 τὸν
695 754 960 808 πεπτωκότα,
995 775 1019 810 η
1047 755 1107 810 μή
1137 755 1368 797 πανοπλίαν
1396 751 1540 810 ἑτέοαν
1567 757 1683 795 ἐπεν-

251 820 474 873 ὐυόιιενος,
519 818 545 874 ἢ
582 821 708 862 ἵππου
740 820 798 875 μη
831 819 1052 874 ἐπιβαίνων
1094 823 1142 861 οὑ
1173 819 1247 862 τόν
1277 820 1490 874 ἀναβάτην
1518 821 1684 862 κατέκα-

250 901 330 928 τεν.
385 885 525 940 ἐπειδη
557 887 602 928 δὲ
628 901 722 939 περι
751 886 880 939 ὄψίαν
908 882 956 940 ἦν
988 886 1012 940 ἦ
1043 882 1206 940 ἧιιέρα,
1238 883 1283 926 τὸ
1310 887 1388 938 μὲν
1414 883 1684 940 α’νακλητικὸν
1703 900 1752 925 ιο

255 951 279 1003 ἡ
320 950 495 1004 σάλπιγξ
537 951 739 1005 ὃιατόρως
780 950 1108 1004 συνεθημοὶτιζε,
1135 949 1217 995 luat*
1258 949 1304 991 τὸ
1345 951 1530 1002 διαέριον
1557 951 1684 991 ἐκεῖνο

256 1019 478 1072 καθῃρεῖτο
527 1018 600 1071 τῆς
631 1018 707 1057 τοῦ
733 1017 960 1058 Διονυσίου
1001 1010 1183 1070 σημάίας
1209 1015 1389 1071 δίαρμα,
1418 1014 1439 1056 ὅ
1470 1018 1509 1056 δ’
1530 1011 1687 1070 Ἴστρος

257 1077 343 1133 εἶχε
372 1078 422 1122 τά
453 1084 663 1136 πορθμεῖα
693 1083 1046 1134 καθειλκυσμὲνα,
1068 1083 1147 1122 ’καί
1172 1078 1194 1122 ὅ
1225 1079 1401 1136 στρατὸς
1429 1083 1487 1129 εἷς
1514 1078 1588 1135 τῆν
1615 1095 1689 1122 πε-

257 1148 382 1199 ραίαν
419 1145 605 1200 ἀνήγετο.
673 1145 789 1203 φήμη
829 1146 909 1201 γὰρ
952 1145 1033 1187 dmi
1078 1145 1130 1188 τοὶ
1173 1145 1383 1199 Ῥωμαϊκὰ
1425 1146 1688 1200 στρατόπεδα

152 1225 243 1260 v‚g3
258 1212 460 1267 ἐπεφοίτα
490 1213 563 1253 καί
583 1209 859 1266 κατακρότους
877 1211 1008 1253 ἐτίθει
1035 1211 1109 1260 τοὶς
1130 1212 1204 1254 τοῦ
1223 1213 1453 1265 στρατηγοῦ
1478 1210 1688 1266 μηνιγγας,
1707 1216 1758 1256 15

257 1275 312 1325 ὥς
349 1274 386 1317 οἱ
424 1277 609 1324 Παίονες
654 1277 727 1318 οὐκ
757 1272 904 1332 ἇγεννῆ
932 1279 1165 1330 ξενολογίαν
1192 1274 1293 1318 κατὰ
1322 1276 1398 1331 τήν
1417 1280 1510 1328 μετ’
1535 1277 1691 1330 ἐκείνην

258 1342 363 1384 εἰσίν
392 1339 661 1395 ἐκδεχόμενοι.
719 1342 789 1383 διὰ
831 1339 987 1396 ταύτην
1015 1337 1090 1384 οὖν
1117 1342 1191 1397 τήν
1223 1341 1372 1396 ἀκοήν,
1401 1341 1456 1397 μη
1490 1348 1693 1397 πεφυκυῖ-

260 1423 311 1448 αν
339 1407 491 1448 ἐπίπαν
536 1408 825 1460 α’πόλλυσθαι,
858 1407 1005 1448 αὐτίκα
1034 1406 1140 1460 μετὰ
1169 1408 1282 1456 τέλος
1311 1406 1445 1449 αἴσιον
1474 1410 1551 1449 τοῦ
1575 1409 1691 1450 πολέ-

260 1486 343 1525 μου
372 1473 530 1526 α’πῆρεν
557 1473 718 1514 ἐκεῖθεν
741 1472 1017 1528 Ἀνδρόνικος.

373 1537 482 1579 Ἀλλ’
515 1533 624 1579 οὕτω
657 1539 735 1590 μὲν
779 1537 1152 1593 κατεστρατήγηντο
1183 1539 1391 1590 Παίονες,
1423 1536 1620 1589 βασιλεὺς
1647 1538 1760 1581 δὲαο

263 1600 340 1656 τήν
367 1602 588 1656 καλλίστην
613 1601 784 1657 ταυτηνὶ
810 1601 924 1657 νίκην
952 1602 1250 1656 ἑνωτισοίμενος
1263 1600 1358 1644 θύει
1389 1604 1473 1660 θεῷ
1495 1601 1694 1656 χαριστη-

264 1685 358 1723 ρια,
389 1669 461 1710 καί·
486 1665 612 1716 αὐτὸς
632 1662 698 1722 ἦν
726 1669 770 1709 ἒν
798 1667 959 1722 κρότοις
988 1669 1060 1709 καί
1082 1674 1327 1723 χαρμοναῖς.
1358 1667 1619 1721 κοινοιίιενος
1647 1669 1694 1709 δὲ

360 1793 390 1824 7.
415 1785 498 1812 ante
521 1777 669 1836 βαλλων
686 1790 765 1812 cum
783 1780 811 1812 A
837 1779 953 1812 delevi
971 1779 1031 1825 ιιι,’.
1117 1793 1151 1824 9.
1175 1780 1405 1814 κατέκτανεν.
1424 1781 1503 1814 ἐπεὶ
1529 1779 1567 1812 A.
1644 1791 1693 1814 ιο

357 1837 496 1917 zois-{v
519 1825 569 1873 α.]
599 1823 639 1859 τὸ
669 1824 934 1904 {vanaunzdv
958 1827 993 1858 B.
1104 1830 1152 1862 18
1175 1824 1268 1872 μετὰ
1296 1838 1322 1861 τ.
1348 1827 1425 1873 α]
1423 1836 1510 1861 ueta
1537 1838 1602 1869 ¹¹2⁹
1626 1836 1697 1859 na-

478 1883 522 1907 ον
545 1874 651 1914 νίκην

269 1968 329 1995 tur
353 1961 575 2006 aliquandiu.
601 1962 712 1995 hastis
739 1963 859 1995 fractis
889 1968 924 1995 et
942 1967 1111 2007 tanquam
1137 1973 1237 2007 sepes
1263 1962 1301 1995 in
1324 1961 1443 1995 medio
1469 1962 1701 2006 exaggeratis,

298 2009 482 2052 raelongos
508 2019 609 2041 enses
633 2009 854 2041 strinxerunt
873 2019 913 2041 ac
941 2008 1059 2041 denuo
1083 2009 1261 2053 congressi
1287 2014 1542 2054 pugnaverunt.
1566 2008 1702 2052 quibus

269 2020 452 2087 liebetatis
497 2054 594 2100 (nam
617 2058 696 2088 tota
731 2055 826 2088 acies
851 2055 1020 2100 utrinque
1058 2055 1173 2087 ferrea
1205 2060 1282 2088 erat
1310 2061 1347 2088 et
1372 2055 1490 2100 aerea)
1527 2054 1700 2087 Pannonii

271 2100 504 2141 aestuabant,
530 2101 665 2145 quippe
697 2102 762 2145 qui
783 2102 958 2134 Romanos
983 2113 1084 2134 suum
1109 2102 1282 2145 impetum
1307 2101 1454 2134 minime
1486 2101 1701 2133 toleraturos

270 2151 452 2191 putarant.
500 2147 650 2180 Romani
677 2147 801 2180 ferreis
822 2148 950 2188 clavis,
978 2158 1065 2192 quas
1091 2147 1129 2179 in
1161 2147 1297 2179 bellum
1319 2147 1411 2180 ferre
1427 2147 1568 2187 solent,
1605 2157 1701 2179 arre-

271 2193 343 2237 ptis
368 2193 629 2225 Pannoniorum
652 2194 769 2237 capita
805 2199 842 2226 et
865 2194 974 2226 facies
1008 2198 1208 2238 opportune
1244 2192 1454 2226 caedebant.
1478 2192 1574 2226 unde
1597 2193 1703 2226 multi

273 2238 401 2271 oborta
430 2239 583 2282 caligine
610 2239 710 2282 equis
736 2239 1027 2279 devolvebantur,
1050 2239 1154 2272 multi
1179 2240 1360 2283 sanguinis
1378 2239 1552 2284 profluvio
1578 2239 1703 2271 exani-

272 2284 473 2318 mabantur.
510 2285 561 2317 ita
590 2285 790 2317 firmissima
826 2285 889 2317 illa
917 2286 993 2318 acie
1019 2290 1208 2330 perrupta,
1237 2287 1473 2319 Romanorum
1497 2296 1609 2318 nemo
1628 2289 1704 2318 erat

275 2330 340 2375 qui
376 2342 449 2363 non
474 2331 696 2364 Pannonium
722 2331 853 2364 feriret
881 2342 922 2364 ac
962 2331 1154 2372 deiiceret,
1190 2337 1480 2378 prostratumque
1506 2332 1702 2376 spoliaret,

273 2383 342 2410 ne'c
369 2377 475 2409 aliam
500 2377 705 2421 panopliam
730 2376 918 2417 indueret,
947 2388 1152 2422 equumque
1181 2378 1437 2412 conscenderet
1460 2378 1562 2411 cuius
1590 2387 1705 2410 sesso-

275 2433 350 2455 rem
373 2423 562 2456 occiderat.
587 2423 726 2467 vesperi
756 2402 918 2468 receptui
940 2423 1154 2464 canebatur,
1192 2425 1337 2457 sublimi
1364 2425 1428 2457 illo
1455 2423 1619 2467 Dionysii
1642 2434 1705 2456 ve-

275 2469 365 2502 xillo
391 2468 545 2510 sublato,
571 2474 608 2502 et
632 2469 807 2502 exercitus
833 2469 984 2502 navibus
1010 2470 1170 2514 impositi
1194 2472 1323 2503 Istrum
1346 2470 1584 2504 traiiciebant.
1611 2470 1703 2502 fama

277 2515 373 2557 enim
407 2526 470 2560 per
498 2516 653 2548 Romana
690 2520 802 2548 castra
831 2521 978 2560 vagata,
1012 2516 1212 2550 Pannonios
1243 2516 1419 2561 postridie
1445 2516 1579 2549 auxilia
1605 2516 1703 2549 firma

277 2566 484 2609 expectare,
513 2561 638 2594 ducem
673 2562 865 2595 sollicitum
876 2541 1086 2595 ”reddebat
1112 2562 1159 2594 ob
1193 2573 1271 2595 eam
1299 2563 1407 2607 igitur
1433 2564 1584 2603 famam,
1610 2572 1704 2607 quae

275 2618 351 2641 non
373 2619 515 2652 prorsus
540 2608 657 2641 inanis
681 2618 758 2640 esse
780 2608 995 2654 putabatur,
1025 2613 1107 2653 post
1125 2609 1265 2642 felicem
1290 2619 1431 2655 pugnae
1456 2614 1621 2643 eventum
1647 2608 1706 2642 in-

277 2653 323 2687 de
351 2653 514 2687 discessit
536 2654 769 2688 Andronicus.

368 2700 559 2733 Pannoniis
599 2701 667 2734 hoc
699 2700 805 2734 modo
831 2701 1029 2746 superatis,
1063 2701 1255 2746 imperator
1287 2706 1387 2735 tanta
1415 2701 1562 2735 victoria
1590 2701 1707 2734 laetus

280 2751 316 2780 et
342 2747 516 2789 exultans,
532 2745 600 2782 deo
628 2748 749 2792 gratiis
764 2748 865 2788 actis,
890 2747 1008 2781 statim
1024 2747 1076 2780 rei
1096 2748 1194 2782 bene
1213 2754 1333 2794 gestae
1357 2749 1503 2783 nuntios
1520 2748 1558 2781 in
1580 2747 1709 2781 urbem
