1890 3276
335 238 388 274 Vl
694 232 990 274 PRAEFATIO
1040 234 1158 291 EUM.
1199 234 1426 272 BEKKERI
1434 261 1443 272 .

335 338 426 385 her
458 336 659 404 incipit,
694 332 772 379 ὅτι
806 335 832 378 ὁ
866 332 1092 395 βασιλεὺς
1125 330 1263 397 ὥρισε
1298 335 1377 379 καὶ
1410 332 1595 394 ἁμάξας
1627 332 1747 383 εἶναι

334 425 397 476 εἰς
429 423 494 467 τὰ
530 421 890 485 στρατεύματα.
955 416 1034 464 ὅτι
1069 421 1095 465 ὁ
1129 416 1401 484 α’νδρόνικος
1432 416 1626 481 δέσμιος
1658 438 1748 467 πα-

333 510 394 571 ρὰ
426 507 656 571 βασιλέως
698 506 920 571 ἐπέμφθη
964 507 1028 558 εἰς
1071 506 1580 554 κωνσταντινούπολιν.
1622 504 1750 564 -νίκη

333 600 421 640 τοῦ
452 579 784 650 ἅζιντζιλούκη
823 592 955 655 παρὰ
995 574 1088 639 τῶνι
1130 590 1341 654 οὔγγρων.
1409 590 1625 657 ἀνδρεῖον
1658 597 1748 638 τοῦ

333 677 612 746 οἱνδρονίκου
653 676 956 740 ἐπιτήδευμα.
1038 677 1097 723 τὸ
1138 676 1300 733 ἐξελοῦ
1344 695 1402 740 με
1429 677 1556 745 κύριε
1591 677 1637 734 ἐξ
1668 679 1748 726 α’ν-

333 767 527 831 ἓρώπου
575 769 779 830 πονηροῦ
818 766 1005 826 μᾶλλον
1043 762 1180 811 ἔστιν
1233 764 1309 811 αἐἰ
1335 782 1452 812 ποτε
1497 763 1748 830 εὔχεσθαι.

331 855 364 903 f.
406 872 515 902 121:
551 849 800 913 διανέγνων
833 850 915 912 ἐγώ
947 854 1198 914 Μαρτῖνος
1235 851 1262 896 ὁ
1295 851 1525 915 Κρούσιος
1556 853 1641 913 (εἰς
1661 851 1753 897 Τύ-

329 943 492 1007 βιγγοίν
527 960 609 1004 μοι
640 942 731 988 ὑπὸ
760 928 824 988 ’ἦ
853 929 1067 1006 ἆο-βοῖἶτῖε
1101 939 1373 999 αἱντζελίου
1406 940 1452 998 ἐξ
1483 940 1749 1004 αὐγούστης

329 1029 572 1092 πεμφθέν)
625 1038 737 1093 ᾳῴπ
778 1028 923 1090 μησὶν
974 1027 1128 1075 ἰουνίω
1178 1028 1258 1073 καὶ
1299 1027 1474 1077 ἰουλίω.
1516 1047 1750 1080 versuum

332 1136 436 1167 non
472 1116 605 1165 idem
638 1116 830 1182 ubique
863 1132 1126 1166 numerus:
1160 1115 1283 1164 alibi
1319 1121 1406 1178 24,
1439 1116 1563 1164 alibi
1599 1121 1674 1166 58.

461 1204 550 1252 His
585 1202 840 1251 codicibus
884 1203 1127 1252 ambobus
1154 1220 1271 1251 usus
1310 1214 1381 1251 est
1414 1202 1753 1271 Hieronymus

333 1291 570 1352 'Wolfius,
603 1303 664 1339 ut
695 1307 1118 1359 supervacaneum
1151 1289 1308 1339 fuerit
1339 1289 1575 1338 lectiones
1610 1308 1638 1339 a
1670 1307 1752 1339 me

334 1389 585 1446 excerptas
616 1377 754 1427 illius
769 1378 1065 1427 auctoritate
1081 1377 1293 1425 firmare.
1328 1394 1430 1443 quo
1457 1376 1647 1426 factum
1680 1388 1752 1426 est

334 1476 394 1514 'nt
422 1465 683 1514 annotatio
698 1464 795 1513 viri
814 1465 992 1533 optimi
1016 1476 1292 1523 raresceret,
1312 1464 1604 1532 praesertim
1635 1482 1753 1514 cum

335 1550 564 1606 eiusdem
608 1551 925 1600 coniecturae
971 1551 1188 1618 aliquot,
1242 1551 1362 1600 artis
1404 1550 1755 1600 coniecturalis

336 1639 608 1706 pueritiam
640 1638 930 1697 referentes,
963 1656 1068 1687 non
1107 1638 1260 1704 magis
1291 1636 1586 1687 viderentur
1617 1655 1755 1706 posse

336 1724 508 1774 reduci
545 1741 726 1792 quam,
770 1742 901 1792 quae
945 1724 1084 1793 apud
1111 1725 1384 1774 Fabrotum
1418 1743 1447 1774 a
1478 1744 1529 1793 p.
1563 1723 1657 1787 452
1690 1723 1755 1774 ad

338 1830 386 1878 p.
434 1813 531 1873 464
573 1823 735 1879 patet,
783 1811 946 1860 nescio
991 1811 1136 1860 cuius
1175 1811 1501 1878 gnomologia.
1567 1812 1755 1861 talibus

342 1897 575 1946 detractis
605 1898 645 1946 si
693 1916 794 1963 qua
827 1910 1027 1965 accepta
1056 1898 1246 1947 iactura
1280 1910 1378 1953 est,
1413 1899 1760 1966 compensabit

340 2001 463 2042 eam,
494 1983 690 2051 opinor,
725 1983 864 2050 quod
907 2002 1047 2033 nunc
1078 1985 1302 2052 primum
1330 1984 1535 2043 accedit,
1570 1984 1632 2032 de
1663 1996 1759 2035 sta.-

341 2070 440 2120 tuis
466 2071 830 2137 fragmentum,
869 2082 1128 2139 sumptum
1156 2070 1287 2120 illud
1306 2089 1334 2120 a
1352 2070 1606 2120 Friderico
1627 2071 1762 2122 Wil-

345 2158 493 2214 keno,
526 2158 776 2207 bellorum
808 2175 1064 2208 sacrorum
1093 2158 1330 2227 scriptore
1360 2157 1678 2208 nobilissimo.

604 2266 755 2315 Scrib.
793 2266 1016 2318 Berolini
1049 2266 1121 2316 Id.
1151 2267 1270 2316 Dec.
1304 2285 1348 2315 a.
1388 2269 1524 2328 1834.
