1838 3210
565 188 839 231 ιοΗΑΝΝΕε
878 187 1190 232 commus.
1539 171 1578 240 4
1590 191 1608 227 ι

176 286 396 341 δεξάμενος
436 286 647 343 πάγκαλόν
673 304 713 329 τι
752 289 901 343 χρῆμα
932 291 1005 332 καί
1042 291 1199 342 ’ξενίζον
1227 291 1280 347 τῇ
1307 290 1415 348 θέᾳ,
1442 291 1618 347 λυχνίτῃ

175 356 282 411 λίθῳ
318 355 647 408 κεκολαμμένον,
687 355 732 396 ἐν
769 348 881 411 ᾧπερ
932 356 1160 411 αὐτοφυῶς
1202 355 1231 411 ἧ
1272 356 1399 411 τέχνη
1438 353 1620 411 διύφανε

174 418 403 473 γράμματα
440 420 500 468 εἷς
543 417 692 470 κάλλος
738 419 953 475 φιλόνικον
993 423 1067 463 τοῦ
1095 423 1215 463 θείου
1247 420 1520 476 εἰκάσματος,
1548 420 1621 462 καί
1632 429 1664 462 D

177 486 415 540 ὀφθαλμῶν
451 486 638 539 ιῖτεχνῶς
663 484 859 542 τρυφήν,
903 484 996 528 λόει
1019 485 1096 541 τήν
1122 490 1387 543 πολιορκίαν,
1413 489 1488 543 τῆς
1514 485 1623 542 πρὸς

140 546 435 605 5Ἀντιόχειαν
462 549 692 606 ἁψάμενος.
761 548 947 607 ἔφασκον
975 553 1023 594 δὲ
1049 552 1216 595 οἱκατὰ
1247 552 1293 596 τό
1324 555 1452 608 Σέζερ
1481 556 1623 607 Σαρα-

176 618 294 671 κηνοὶ
319 613 451 659 πάλαι
478 618 579 659 ποτὲ
605 616 704 666 τούς
729 614 958 671 προγόνους
985 618 1125 659 αὐτῶν
1152 621 1199 661 ἐκ
1215 621 1297 660 τῶν
1325 621 1626 674 προσενεχθέν-

176 698 261 724 των
285 679 433 738 δώρων
469 683 527 740 τῷ
551 685 728 736 βασιλεῖ’
760 681 996 738 δορύκτητα
1027 688 1146 737 σχεῖν
1171 684 1248 726 τὸν
1280 685 1327 726 ἐκ
1353 683 1478 726 λίθου
1513 682 1628 727 ἄκτι-

175 747 338 797 νώδους
375 746 558 803 σταυρόν
611 747 684 791 καί
731 746 808 803 τήν
852 750 1062 804 πολυτελῆ
1101 752 1259 792 τεκαὶ
1298 751 1392 792 οἵαν
1428 752 1630 806 ἐκπλῆξαι

176 813 405 870 τράπεζαν,
436 814 559 870 ἦνίκα
579 812 797 867 Ῥωμανόν
826 809 938 857 εἶλον
953 813 1026 857 τόν
1039 816 1242 871 Διογένην
1265 815 1344 870 τήν
1373 815 1631 871 αὐτοκράτο-

120 898 165 923 ιο
181 896 236 935 ρα
269 877 489 933 Ῥωμαίων
524 878 665 935 α’ρχήν
707 882 978 935 χειρίζοντα,
1018 880 1095 937 τήν
1123 897 1168 923 τε
1211 883 1427 934 βασίλειον
1468 881 1631 923 ἐκείνου

180 945 333 1001 σκηνήν
359 945 615 988 ἐσκύλευσαν
655 945 730 989 καί
753 949 828 988 τοῦ
853 944 1046 1001 χάρακος
1073 946 1369 1003 κεκρατηκότες
1398 946 1451 989 τὰ
1479 944 1633 990 ἐνόντα

180 1013 393 1053 διείλοντο·
461 1014 506 1055 ἐν
541 1013 589 1054 δὲ
632 1014 686 1070 τῇ
730 1013 776 1054 ἐκ
813 1014 889 1054 τοῦ
928 1013 1054 1068 Σέζερ
1093 1009 1278 1066 dunipast
1320 1015 1399 1054 τοῦ
1423 1014 1634 1066 βασιλέως

174 1077 406 1131 εΡωμαίοις
450 1081 539 1120 κατ’
580 1076 714 1132 οὐρὰν
758 1080 1020 1121 ἐπιτίθενται
1059 1076 1110 1120 τοὶ
1158 1079 1232 1120 τοῦ
1262 1080 1385 1134 Ζακῆ
1409 1076 1486 1120 καὶ
1510 1081 1636 1121 τινῶν

180 1145 379 1199 α’ρχηγῶν
415 1139 554 1186 ἄλλων
594 1142 814 1198 διασήμων
858 1143 1054 1198 Περσικὰ
1096 1142 1421 1198 στρατεύματα,
1453 1146 1637 1199 θρυπτι·

124 1209 343 1260 ,ὄκώτατα
374 1216 461 1259 τοῖς
485 1210 641 1265 μικροῦ
665 1211 917 1264 ποδηνὲμοις
944 1205 1131 1264 ὀχήμασι
1179 1208 1535 1264 προδεικνύμενα,
1564 1210 1641 1253 καὶ

178 1277 406 1330 “Ρωμαίων
443 1275 728 1331 ὄλιγωρότατα
758 1274 881 1333 τύφῳ
911 1274 1128 1333 ἐμπλήκτῳ
1157 1275 1420 1333 βαρβαρικῷ.
1474 1278 1563 1319 τῶν
1589 1291 1638 1331 γε

181 1340 266 1397 μὴν
294 1342 475 1384 ἐλπίδων
505 1343 796 1397 διαμαρτόντα
819 1343 900 1396 οὐχ
929 1339 1043 1390 ὅπως
1072 1343 1198 1384 ου’δέν
1220 1357 1261 1383 τι
1288 1346 1480 1396 γενναῖον
1507 1340 1640 1398 ἔπρα-

183 1411 278 1460 ξαν,
308 1406 417 1450 α’λλὰ
445 1410 519 1450 καί
543 1411 619 1451 τοῦ
637 1406 802 1462 κόμπου
829 1409 904 1449 καὶ
929 1408 1005 1462 τῆς
1032 1406 1338 1462 μεγαληγορίας
1369 1409 1488 1463 δίκην
1515 1408 1738 1461 dunt-Pan

184 1472 262 1527 βὰν
299 1472 383 1515 ὑπὸ
419 1476 495 1529 τῆς
539 1477 665 1524 θείας
704 1472 893 1523 τίσαντες
933 1475 1051 1528 δίκης
1094 1473 1170 1516 καί
1206 1470 1285 1516 δυό
1312 1476 1398 1516 τῶν
1424 1472 1638 1530 ἡγεμόνων

120 1561 174 1588 20
189 1540 366 1594 ζωγρίας
394 1539 782 1595 προσαπεβάλοντο·
839 1534 946 1595 ἦσαν
972 1541 1013 1581 δ’
1040 1533 1155 1582 οὗτοι
1182 1538 1205 1582 ὅ
1233 1537 1328 1589 υἱός
1354 1542 1429 1582 τοῦ
1450 1537 1640 1584 'Arana-

186 1604 240 1646 κὰ
270 1607 344 1648 καί
367 1604 388 1648 ὃ
415 1608 494 1648 τοῦ
522 1605 699 1660 Σαμοὺχ
718 1603 887 1661 Ἀμηροὶ
918 1607 1172 1662 κασίγνητος.
1227 1604 1372 1648 εἰσιών
1401 1608 1438 1648 δ’
1464 1603 1486 1648 ὅ
1515 1609 1640 1661 βασι-

188 1670 286 1722 λεὺς
312 1670 389 1727 τήν
421 1668 642 1726 Ἀντιόχου
681 1670 985 1726 μεγαλώνυμον
1024 1670 1148 1714 πόλιν
1184 1670 1232 1714 τὸ
1268 1671 1449 1715 α’στυκὸν
1481 1675 1752 1729 πλῆθοςνηη

289 1796 316 1819 ι.
341 1785 445 1828 λυχν.
473 1783 582 1831 λίθῳ]
607 1785 778 1840 λυχνίτης
802 1775 877 1828 γὰρ
905 1783 1014 1819 λίθος
1038 1778 1083 1825 ἦν
1107 1782 1205 1828 ἔχων
1230 1782 1440 1829 γράμματα
1452 1783 1643 1830 φαινόμε-

280 1843 330 1867 να
352 1833 525 1877 αὐιοφυῆ
559 1832 720 1875 γλυπτα,
742 1827 838 1873 ἦσαν
866 1828 907 1864 δὲ
931 1822 1010 1864 ἀπὸ
1029 1831 1172 1874 τέχνης,
1192 1830 1247 1867 εἰς
1261 1830 1398 1868 καλλος
1420 1831 1484 1864 καὶ
1502 1829 1644 1876 “femii-

280 1889 370 1919 τητα
405 1880 473 1911 τοῦ
511 1881 619 1912 θείου
649 1879 816 1922 σταυροῦ
852 1878 916 1910 καὶ
951 1877 1006 1914 εἰς
1042 1871 1194 1923 τρυφὴν
1228 1879 1304 1912 τῶν
1332 1875 1546 1922 ὀφθαλμῶν
1567 1879 1645 1914 τῶν

281 1924 499 1969 βλεπόντων
538 1922 606 1958 τὸν
639 1926 818 1958 τοιοῦτον
853 1923 1020 1970 σταυρόν
1054 1923 1092 1955 Β.
1209 1933 1241 1956 2.
1264 1924 1578 1970 ἐγγεγλυμμένον
1601 1926 1642 1958 A.

284 1974 317 2007 5.
344 1970 594 2016 ἐφαψάμενος
618 1972 657 2004 Α.
765 1974 814 2007 16-
859 1968 1119 2017 ὄλιγωρότητα
1152 1971 1192 2003 Α.
1304 1980 1360 2004 20.
1389 1970 1567 2005 ἀτάπανα
1590 1971 1643 2014 A,

284 2017 438 2051 α’τιέπακ
464 2019 501 2050 Β.
617 2028 674 2052 21.
698 2015 846 2064 α’μηριὶς
858 2017 946 2051 AW.
1038 2027 1094 2050 22.
1115 2016 1261 2064 μεγαλ]
1288 2016 1499 2064 εὐδαίμονα
1524 2018 1565 2051 Α.

193 2121 370 2158 tei-texta,
405 2122 443 2150 et
472 2126 596 2149 mensa
627 2115 842 2161 spectabili,
879 2119 917 2147 et
942 2118 1027 2147 ante
1066 2112 1156 2147 haec
1185 2123 1289 2146 cruce
1309 2113 1577 2159 elegantissima
1605 2115 1645 2148 in

194 2176 321 2198 manus
345 2168 510 2208 sumpta,
534 2163 636 2196 cuius
661 2162 756 2196 nihil
779 2161 897 2195 simile
920 2162 1037 2194 visum
1063 2165 1140 2201 est,
1169 2160 1207 2193 in
1230 2160 1391 2203 lychnite
1420 2172 1558 2206 gemma
1584 2172 1646 2194 ex-

194 2212 318 2257 culpta
343 2221 556 2256 summoque
581 2210 734 2243 artificio
760 2209 904 2242 (livinae
927 2207 1092 2252 imaginis
1116 2218 1282 2252 expressa
1306 2208 1558 2250 similitudine,
1584 2219 1647 2240 cu-

196 2259 254 2292 ius
281 2264 426 2302 aspectu
452 2257 549 2290 oculi
580 2257 704 2290 satiari
743 2267 818 2288 non
840 2260 1030 2300 poterant,
1056 2254 1174 2287 soluta
1199 2254 1391 2288 obsidione
1416 2254 1648 2289 Antiochiam

196 2317 319 2339 versus
356 2305 604 2349 proficiscitur.
643 2304 791 2336 aiebant
827 2308 949 2336 autem
975 2301 1135 2334 Sezerini
1159 2301 1346 2334 Sarraceni
1379 2303 1533 2336 maiores
1562 2313 1647 2335 suos

198 2352 286 2385 olim
312 2363 415 2384 cruce
451 2352 515 2384 illa
551 2350 707 2384 radianti
747 2350 843 2383 inter
875 2354 994 2382 cetera
1026 2359 1175 2380 munera
1207 2348 1417 2392 imperatori
1457 2349 1580 2382 oblata
1610 2353 1648 2381 et

197 2400 358 2445 pretiosa
382 2403 491 2442 atque
516 2396 723 2431 admirabili
762 2407 904 2437 mensa,
930 2400 1035 2440 capto
1059 2396 1218 2427 Romano
1241 2395 1405 2439 Diogene
1429 2396 1647 2441 imperatore

199 2447 352 2490 eiusque
374 2444 470 2478 vallo
499 2449 702 2490 expugnato
738 2448 774 2476 et
798 2442 1032 2487 imperatorio
1058 2441 1294 2475 tabernaculo
1321 2441 1482 2487 direpto,
1510 2443 1647 2488 potitos

200 2493 324 2525 fuisse.
359 2492 398 2524 in
423 2491 581 2524 discessu
607 2503 628 2524 a
654 2490 772 2523 Sezeri
809 2490 944 2522 milites
969 2490 1077 2522 Zacae
1102 2494 1139 2522 et
1166 2489 1318 2521 aliorum
1344 2489 1542 2523 illustrium
1565 2490 1648 2522 Per-

200 2550 320 2572 sarum
347 2539 589 2571 Romanorum
619 2544 718 2581 terga
750 2536 983 2577 adoriuntur,
1025 2535 1128 2580 equis
1153 2535 1338 2579 ocyssimis
1363 2535 1649 2570 insolentissime

202 2590 242 2618 et
262 2597 342 2618 cum
368 2596 504 2618 summo
529 2586 767 2618 Romanorum
804 2587 1012 2627 contemptu
1040 2587 1078 2615 et
1102 2582 1196 2615 fastu
1222 2583 1359 2615 furioso
1383 2589 1494 2628 atque
1517 2581 1649 2615 barba-

205 2632 278 2664 rico
303 2633 491 2665 irruentes.
521 2637 641 2664 tamen
668 2641 731 2676 spe
764 2630 923 2663 frustrati
954 2640 1027 2661 non
1054 2629 1162 2662 modo
1187 2629 1282 2662 nihil
1306 2629 1542 2662 memorabile
1571 2639 1650 2672 ges-

205 2684 351 2718 serunt,
375 2678 438 2712 sed
460 2679 674 2712 temeritatis
714 2682 751 2710 et
777 2677 993 2710 insolentiae
1022 2686 1108 2708 suae
1132 2687 1268 2721 poenas
1295 2676 1439 2709 divinae
1465 2675 1650 2709 vindictae

203 2723 404 2766 dederunt,
428 2724 570 2758 duobus
599 2736 721 2758 eorum
745 2723 900 2757 (lucibus
924 2722 1059 2767 capti53
1084 2734 1238 2767 quorum
1261 2723 1353 2756 alter
1377 2728 1454 2755 erat
1470 2722 1650 2766 Atapacae

206 2770 316 2811 filius,
340 2771 431 2805 alter
451 2771 620 2805 Samuchi
652 2782 792 2805 amerae
819 2771 938 2804 frater.
963 2770 1179 2814 imperatore
1204 2780 1290 2805 vero
1319 2768 1500 2804 celebrem
1521 2768 1651 2804 Antio-
