1878 3230
671 207 1026 250 onossAmtm.
1438 208 1474 261 9
1486 210 1503 242 1
1520 211 1547 263 7

240 307 595 359 ματζουκοέκη
649 304 954 358 ματζούκεον,
972 305 1201 356 ματζοῦκα.
1270 307 1553 350 Constantinus

134 362 286 401 Tactic.
312 377 353 415 p.
381 376 465 455 19:
490 360 737 425 τζικοὺρια,
766 359 1021 425 βαρδοᾰκια,
1050 356 1299 410 ματζούκια.
1327 362 1411 400 Leo
1437 363 1549 404 Tact.

132 430 216 469 cap.
250 415 299 467 14
328 421 354 464 §
381 415 461 465 84:
489 410 518 467 ἢ
544 415 765 479 σικουρίων
791 431 817 464 η
842 412 1115 477 ματζουκίων.
1143 415 1367 468 Stephanus
1392 417 1550 457 Sachli-

131 485 224 510 ces:
252 470 474 520 ματζοῦκα
492 469 656 533 πολεμῷ
682 467 758 508 τὸν
783 465 933 519 ἄνεμον
956 466 1006 507 vc}
1032 464 1161 520 δυρω.

236 525 454 588 μαῦρος
495 526 622 577 niger.
647 538 683 576 p.
714 525 765 564 55
794 524 822 562 d
860 522 918 576 τῷ
946 522 991 561 δὲ
1017 522 1164 571 μέλανι
1184 518 1399 574 χρώματιε
1428 526 1549 566 codex

130 579 166 615 Γ
171 579 200 616 Β
225 576 387 640 μαύρῳ.
414 579 704 630 Theophanes:
732 577 804 615 καί
827 562 1023 627 βαλόντες
1048 576 1190 626 σαγίον
1213 577 1391 627 μαῦρον.
1428 580 1552 620 hodie

129 646 294 686 qnoque
315 634 358 671 in
382 647 458 672 usu
485 640 559 672 est.
590 632 684 672 vide
710 633 932 671 meursium
962 630 1015 670 ad
1046 644 1226 684 cap-12
1253 631 1461 672 Constant.
1503 635 1553 675 de

128 686 284 727 admin.
318 689 420 739 Imp.

235 740 504 803 μέλιγγος
531 737 626 778 vide
650 740 800 778 Meurs.

234 790 500 844 μεσάζων.
531 806 570 845 p.
602 792 656 832 58
681 793 772 833 τῶν
791 792 1001 846 δημοσίων
1028 790 1235 846 εἰσφορῶν
1273 793 1545 848 φροντιστῆνε

129 848 253 889 codex
279 849 350 888 GB
376 846 620 897 μεσάζοντα.

231 917 264 953 μ
280 916 330 942 ιτ
346 898 475 941 οἶτον
502 901 712 954 Synagoga
739 901 1045 940 Saracenorum.
1073 914 1116 940 v.
1150 901 1390 941 Meursium.

233 952 363 1019 pur-6
379 970 400 1003 ς
426 954 519 1009 ῥίν,
546 969 677 994 nasus.
705 970 748 995 v.
776 956 1009 995 Meursium.

235 1010 446 1062 μνῆιιαι
487 1011 732 1060 memoriae,
772 1023 842 1048 seu
871 1009 1134 1049 anniversarii
1164 1008 1237 1049 SS.
1278 1009 1361 1050 dies
1386 1011 1439 1051 ad
1476 1026 1547 1052 co·

124 1064 284 1104 leudam
312 1078 452 1103 eorum
491 1064 726 1102 memoriam
759 1063 946 1103 instituti.
990 1063 1190 1103 lohannes
1222 1064 1549 1119 Hierosolymita·

125 1134 200 1158 nus
230 1119 301 1157 lib.
333 1119 358 1158 5
386 1121 427 1157 in
455 1118 746 1171 stratagemate:
779 1119 824 1157 B.
867 1119 970 1157 Iob:
1007 1127 1218 1171 propterea
1259 1127 1298 1156 et
1329 1122 1549 1162 memorias

123 1174 362 1212 Sanctorum
391 1173 580 1220 tacimus,
614 1181 654 1210 et
670 1181 886 1235 parentum
913 1180 1133 1212 nostrorum
1163 1173 1231 1210 vel
1255 1174 1475 1214 amicorum
1503 1177 1548 1215 in

109 1226 207 1289 fide
234 1228 483 1267 morientium
508 1227 648 1265 devote
673 1227 903 1265 memoriam
931 1227 1087 1278 agimus
1114 1230 1190 1264 etc.
1215 1226 1452 1267 Anastasius
1479 1230 1548 1268 Bi-

121 1281 406 1320 bliothecarius
441 1282 482 1320 in
523 1281 687 1319 historia
724 1280 1024 1320 Ecclesiastica:
1065 1279 1205 1318 Festus
1241 1289 1404 1320 senator
1440 1284 1548 1322 urbis

121 1336 274 1375 Romae
299 1337 440 1375 missus
466 1335 525 1374 ad
546 1335 807 1374 Anastasium
831 1343 997 1388 propter
1021 1333 1219 1387 quasdam
1258 1335 1395 1374 civiles
1434 1339 1546 1375 utili-

121 1398 238 1439 tates,
266 1391 481 1429 memorias
503 1397 724 1429 sanctorum
743 1389 1026 1443 Apostolorum
1050 1388 1264 1450 festivitate
1297 1391 1443 1429 maiori
1462 1406 1543 1445 pe-

120 1445 186 1482 tiit
214 1445 412 1482 celebrari.
438 1446 619 1494 μνημεῖα
648 1450 804 1492 antem,
832 1457 935 1496 quae
962 1449 1002 1480 et
1030 1442 1248 1482 memoriae
1275 1443 1405 1493 dicta,
1449 1453 1544 1484 sunt

119 1497 207 1536 loca
235 1498 576 1550 SS.Many1-ibus
603 1497 750 1536 dicata.
777 1498 820 1535 B.
840 1497 1089 1550 Augusfinus
1118 1496 1280 1548 epistola
1314 1498 1413 1550 137:
1446 1513 1542 1537 nam

118 1560 159 1590 et
182 1565 251 1590 nos
275 1552 456 1591 novimus
481 1550 711 1590 Mediolani
749 1550 868 1604 apud
905 1528 1139 1589 memoriam
1179 1558 1432 1603 sanctorum,
1474 1553 1543 1591 ubi

119 1606 358 1645 mirabiliter
381 1613 421 1644 et
449 1605 683 1644 terribiliter
708 1604 916 1643 &temones
943 1602 1178 1668 confitentur
1207 1609 1281 1642 etc.

224 1658 496 1709 μονάζων.
525 1673 563 1711 p.
602 1672 670 1697 111
703 1658 732 1697 b
759 1657 854 1697 καθ’
881 1651 1031 1695 ἑαυτὸν
1055 1653 1262 1704 mitigant:
1287 1658 1388 1697 alius
1415 1659 1538 1699 codex

116 1711 322 1763 μονάζων.
350 1714 444 1752 hinc
471 1712 653 1751 monachi
681 1726 750 1751 sen
780 1707 1028 1760 μονάζοντες
1065 1710 1184 1758 dicti,
1220 1712 1288 1763 qui
1322 1712 1539 1752 solitariam

114 1775 155 1805 et
182 1768 378 1819 privatam
405 1768 528 1808 vitam
544 1766 767 1832 elegerunt.
787 1766 1020 1832 Gregorius
1043 1764 1245 1827 Nyssenus
1272 1766 1322 1804 de
1353 1768 1539 1806 euntibus

117 1820 424 1888 Hierosolyma.
461 1818 552 1883 {nsi
575 1818 715 1859 τοίνυν
759 1816 848 1859 εισί
878 1831 986 1864 τινες
1031 1817 1115 1856 ταῖν
1152 1814 1221 1857 τὸν
1265 1816 1424 1872 μονήρη
1466 1821 1540 1861 καί

117 1873 329 1923 ιδιάζοντα
355 1874 447 1937 βίον
473 1871 793 1937 ἐπανηρημένων
813 1901 826 1923 ,
871 1866 932 1918 οἷς
956 1872 1002 1911 ἐν
1021 1871 1141 1922 μέρει
1179 1870 1391 1924 εὐσεβείας
1425 1872 1538 1914 νε-νό-

115 1942 262 1978 μισται
288 1926 334 1968 τὸ
366 1925 468 1974 τούς
491 1927 535 1967 ἐν
557 1915 858 1979 Ἱεροσολύμοις
884 1922 1035 1971 τόπους
1064 1923 1178 1965 ἰδεῖν.

222 1979 477 2031 μονάζων
520 1981 738 2020 monachus
766 1996 803 2033 p.
839 1981 913 2021 135
942 1980 985 2019 h.
1013 1978 1258 2019 Glossarium
1284 1994 1374 2020 ms.
1406 1996 1534 2033 μονα-

117 2033 257 2081 δικοὺς
285 2032 582 2098 ἅναχωρητοὶς,
614 2029 642 2086 ἢ
669 2033 808 2080 «inam
831 2030 1098 2083 μονάζοντας.

224 2086 589 2150 μοναστήριον
626 2086 940 2150 φροντιστήριον
956 2117 968 2136 ,
1015 2089 1311 2128 monasterium.
1357 2088 1531 2129 Thomas

117 2143 331 2196 Magister.
350 2137 665 2208 nq>9ovrcottj9ta
691 2138 743 2180 τά
779 2141 1047 2180 διδασκαλεῖα
1080 2142 1160 2181 τῶν
1187 2141 1435 2208 φιλοσόφων.
1464 2143 1532 2182 λε’-

113 2210 249 2247 γοιντο
277 2196 313 2236 ‹5’
341 2189 393 2236 ἄν
424 2190 531 2235 οὕτω
558 2193 609 2234 τὰ
635 2199 731 2247 παρ’
774 2193 873 2247 ἡμῖν
896 2190 1179 2247 μοναστήρια,
1209 2209 1267 2242 ως
1294 2195 1369 2247 τῆς
1404 2210 1531 2243 οντως

115 2247 367 2303 φιλοσοφίας
383 2250 582 2289 ἐνταυθοῖ
600 2248 896 2301 μελετωμένης.
928 2249 1036 2288 idem
1061 2250 1142 2289 fere
1159 2249 1323 2289 Manuel
1346 2251 1532 2289 Moscho-i

114 2303 233 2356 putus
259 2306 301 2343 in
330 2318 477 2343 vocum
508 2303 736 2343 Atticarum
762 2302 910 2356 ecloga.
944 2303 1050 2342 idem
1073 2301 1171 2366 περι
1203 2303 1332 2355 σχεδ·
1371 2307 1528 2356 παρθε-

114 2360 204 2396 veta
231 2355 282 2397 τὰ
306 2355 585 2422 μοναστὴρια,
613 2364 654 2397 et
680 2361 867 2407 σεμνεῖον
892 2353 939 2397 τὰ
967 2370 1257 2409 μοναστηριον.

222 2408 496 2463 μοναχικὴ
530 2411 797 2459 πολιτεία,
825 2418 871 2450 ut
900 2411 1099 2450 Cedreni‘
1086 2426 1139 2463 p.
1159 2413 1238 2465 329
1263 2411 1306 2460 b,
1334 2418 1373 2449 et
1397 2411 1453 2448 C
1461 2424 1526 2451 ω-

115 2464 270 2516 palatae
295 2479 389 2517 pag.
420 2465 496 2518 817
529 2479 563 2504 c.
592 2480 666 2505 nec
692 2467 814 2518 igitur
835 2465 1052 2518 quidquam
1082 2442 1355 2504 mutandum
1345 2479 1385 2501 m
1417 2465 1524 2501 Her-

114 2519 216 2557 miae
246 2519 435 2567 historia,
462 2524 617 2558 tametsi
644 2519 760 2559 aliter
788 2522 916 2559 visum
943 2534 1099 2558 summo
1126 2521 1226 2558 Iuris
1255 2517 1426 2557 antistiti
1445 2518 1524 2556 Pa-

117 2579 196 2612 iat.
226 2572 266 2611 in
293 2572 383 2611 cod.
413 2549 477 2610 t'it.
504 2573 526 2610 3
556 2573 623 2612 lib.
657 2588 700 2623 1,
732 2581 776 2612 ut
803 2581 842 2613 et
868 2573 1016 2612 ibidem
1041 2574 1202 2612 docebo.

220 2623 436 2676 μόσχος
465 2639 619 2666 muscus
637 2652 650 2676 ‚
679 2629 866 2667 aromatis
892 2641 1028 2680 genus.
1058 2627 1149 2666 vide
1180 2624 1440 2664 Meursium.

225 2679 416 2728 μοῧλα.
444 2694 485 2732 p.
517 2679 591 2733 295
615 2695 639 2719 a
677 2679 867 2732 ἡμίονον.
897 2680 1019 2720 codex
1049 2682 1158 2727 GB
1162 2678 1319 2740 ᾗοῦλαν.
1347 2677 1525 2716 Alexan-

117 2733 189 2773 der
216 2733 448 2773 Trallianus
475 2733 544 2773 lib.
579 2748 593 2772 1
629 2748 717 2799 cap.
750 2734 823 2774 15:
853 2737 1038 2774 πεσεῖται
1065 2733 1112 2772 δὲ
1137 2729 1212 2772 ἐὰν
1248 2731 1392 2783 τρίχας
1429 2743 1523 2770 ονου
