1878 3230
466 173 536 212 DE
576 167 789 213 isAAcio
831 169 1047 212 ANGELo
1089 144 1184 212 121ssss
1226 173 1298 212 111.
1457 140 1570 227 5159

142 266 250 323 ἔχων
277 268 325 311 τά
356 266 473 310 ἔνδον
502 272 717 323 θλίβοντα.
773 270 1008 323 ἐγκειμένου
1037 270 1085 311 δέ
1113 284 1197 322 μου
1225 268 1298 311 καί
1329 267 1402 326 τὴν
1432 271 1573 312 αἰτίαν

141 336 458 387 πυνθανομένου
484 336 556 389 τῆς
586 334 760 386 ἐξάπινα
786 337 1044 390 μεταβολῆς,
1070 335 1150 388 „ov”
1175 333 1223 377 τὸ
1249 336 1427 391 σχῆμά”,
1441 351 1570 392 φησι,
1585 347 1615 380 C

142 393 207 452 »οἷ
234 397 406 454 φίλτατε
442 398 627 454 α’νδρῶν,
672 401 791 442 δέδια
836 399 900 455 (τί
936 398 1018 454 γάρ
1048 398 1093 442 τὸ
1126 401 1354 456 διαθροοῦν
1378 397 1468 455 ἔχει
1493 404 1575 445 τῶν

142 463 381 520 χρωμάτων
423 461 450 519 ἦ
489 460 703 521 ἅμειψιςς)
741 464 846 507 ἀλλὰ
887 462 941 506 τὰ
968 465 1040 506 ἐπὶ
1064 468 1123 523 τῷ
1148 466 1336 520 σχήματι
1361 467 1574 523 πεφρικώς

107 531 229 583 5εἷμι
266 529 586 585 ἐπαγγέλματα,
623 533 697 572 καί
717 527 765 571 τὰ
805 527 865 584 μὴ
895 525 1063 573 εὔθετον
1089 532 1149 580 εἰς
1176 530 1251 586 τήν
1274 533 1357 574 τῶν
1384 533 1575 588 οὐρανῶν

141 591 254 637 εἶναι
281 593 472 638 ὁπωσοῦν
502 594 721 648 βασιλείαν
746 594 823 637 τόν
846 594 1030 647 βαλόντα
1057 602 1182 650 χεῖρα
1208 598 1274 638 ἐπ’
1299 593 1477 651 ἄροτρον
1502 601 1578 640 καί

141 661 380 716 στραφέντα
421 661 753 716 φρενοβλαβῶς.”
822 660 896 701 καί
933 656 955 701 ὅ
988 661 1066 712 μὲν
1107 663 1294 703 τοσαῦτα
1323 660 1475 717 εἰπών,
1503 665 1578 704 καί

142 719 280 774 ἄλλως
320 721 380 766 ὢν
432 723 823 780 α’ποφθεγματικός,
873 726 954 778 οὐχ
991 720 1128 767 Euam*
1162 724 1208 766 τό
1247 724 1351 768 κατά
1390 727 1576 782 Χριστὸν

142 786 278 832 ὖπέδυ
316 787 554 843 τριβώνιον,
591 791 690 845 μηδ’
733 785 878 846 ἄκροις
902 788 986 832 αἶσί
1005 788 1057 833 τοὶ
1086 788 1319 847 εἷπᾳδόμενα
1347 791 1575 847 ἐνηχούμε-

84 869 229 908 ιονος,
267 852 396 908 μόνον
432 855 473 896 δ’
499 856 544 896 έν
585 857 676 913 χρῷ
701 858 872 912 κουρίας
899 855 923 897 ὅ
949 855 1230 912 α’κερσεκόμης
1259 856 1477 911 γενόμενος
1504 860 1578 900 καί

138 918 463 974 μετονομασθείς
486 920 761 970 Ἀθανάσιος.
814 921 1037 975 θαυμάσαι
1065 923 1102 964 δ’
1131 919 1183 964 ἄν
1208 938 1272 972 τις
1298 923 1462 980 ἐκείνῳ,
1492 940 1575 978 μη-

138 986 188 1027 δὲ
216 988 400 1039 τυχαίως
427 984 524 1042 εἴπῃ
557 989 786 1042 συμβῆναι·
861 988 909 1029 ἐκ
946 986 1029 1043 γάρ
1068 984 1242 1030 cinaeda·
1279 989 1366 1030 τῶν
1393 987 1496 1031 κατά
1524 987 1570 1031 τό

139 1049 365 1092 Παπύκιον
390 1053 528 1104 μονῶν
554 1054 711 1106 ἐκείνην
737 1058 939 1095 κατοικεῖν
965 1053 1201 1109 ᾗρετίσατο,
1217 1056 1315 1095 καθ’
1331 1050 1382 1109 ἢν
1409 1052 1433 1094 δ
1458 1069 1574 1108 πρω-

139 1113 375 1171 τοοτράτωρ
386 1115 579 1167 Ἀλέξιος
607 1115 681 1173 τὴν
708 1110 906 1173 κοσμικὴν
930 1117 1174 1173 ἀπεκείρατο
1198 1120 1325 1174 τρίχα
1352 1118 1468 1174 παρὰ
1499 1120 1618 1162 τοῦΙ)

19 1233 27 1239 -
81 1183 345 1234 ῐ5βασιλέως
372 1181 629 1237 συλληφθείς
643 1181 864 1238 Μανουὴλ,
894 1184 950 1225 δι’
972 1184 1111 1226 αἰτίαν
1134 1186 1212 1236 μὲν
1243 1179 1439 1236 οὐδαμῶς
1469 1182 1575 1238 πρό-

140 1249 289 1302 δηλον,
318 1245 375 1298 αἱς
401 1250 446 1291 ἐν
472 1254 560 1298 τοῖς
583 1249 681 1303 περὶ
705 1247 855 1291 τούτου
886 1249 1054 1303 εἴπομεν
1077 1247 1223 1304 λόγοις,
1256 1246 1319 1290 ὅτι
1344 1250 1384 1290 δ’
1411 1248 1577 1304 ἐβεβρί-

139 1315 211 1354 &a
245 1314 407 1372 πλούτῳ
449 1315 740 1372 πολυταλάντῳ
787 1314 860 1358 καί
885 1311 938 1370 ἧν
974 1314 1112 1364 ἱκανὸς
1147 1314 1460 1368 βουλεύσασθαι
1504 1312 1579 1357 καὶ

140 1378 488 1433 καταπράξασθαι
526 1381 783 1435 περιδέξιος·
845 1379 919 1436 τὴν
949 1379 1031 1437 γάρ
1073 1381 1120 1422 ἐκ
1146 1382 1231 1422 τῶν
1255 1381 1468 1438 πατρικῶν
1496 1382 1575 1432 ὄμ-

140 1444 288 1501 φάκων
324 1443 428 1499 πρὸς
466 1444 564 1495 τούς
599 1444 703 1495 υἱεῖς
739 1448 1052 1501 μεταρρέουσαν
1101 1443 1310 1499 αἱμωδίαν
1336 1446 1410 1487 καί
1436 1442 1457 1487 ὃ
1486 1447 1576 1487 Ko-

78 1525 130 1552 20
140 1508 297 1564 μνηνὸς
315 1502 434 1560 οὗτος
454 1509 672 1564 Ἀλέξιος,
703 1511 760 1561 ὥς
785 1510 939 1565 ἔοικεν,
967 1515 1120 1554 παθεῖν
1148 1513 1429 1565 κατακέκριτο.
1485 1509 1578 1551 ἀλλ’

142 1570 258 1616 οὔπω
286 1580 395 1629 τρεῖς
438 1577 563 1630 μῆνες
598 1579 910 1632 παρίππευσαν,
948 1580 1020 1620 καί
1044 1575 1244 1630 βασιλεύς
1270 1575 1394 1618 αὐτὸν
1419 1577 1579 1617 ἐκεῖθεν

142 1638 501 1693 ἀνακαλεσάμενος
531 1639 682 1692 ἔδειξεν
710 1643 754 1693 ἐξ
786 1636 842 1683 ὧν
878 1641 1053 1695 ἔδρασεν
1079 1642 1135 1698 μή
1172 1640 1252 1684 στὶν
1276 1640 1381 1698 λόγῳ
1408 1640 1489 1689 τὰς
1517 1641 1579 1681 οἰ-

143 1705 257 1754 κείας
298 1704 467 1760 πράξεις
504 1709 747 1756 ποιεῖσθαι,
790 1706 863 1748 καί
896 1706 966 1748 διά
996 1709 1118 1749 τοῦτο
1146 1708 1310 1761 χαίρειν
1337 1710 1429 1753 ταῖς
1454 1705 1578 1759 α’γχι-

235 1829 270 1861 3.
301 1818 376 1871 γάρ
422 1829 484 1860 καὶ
527 1827 725 1874 διαθροεῖν
769 1829 847 1873 ἔχει
888 1827 961 1862 τῶν
1003 1827 1162 1872 ἱματίων
1194 1831 1232 1862 Α.
1404 1827 1436 1871 4.
1478 1823 1577 1860 ἄλλά

235 1875 382 1918 φρίττω
411 1875 473 1906 καὶ
498 1877 620 1921 τρέμω
646 1869 714 1918 τὴν
747 1875 959 1919 ὑπόσχεσιν
986 1874 1031 1916 ὃν
1054 1875 1222 1910 ἐνώπιον
1258 1875 1326 1908 τοῦ
1365 1873 1459 1907 θεοῦ
1484 1871 1578 1907 ὕπο-

233 1922 418 2000 ρέεὲἤναι
439 1921 559 1966 μέλλω
572 1922 606 1957 B.
748 1925 781 1959 5.
807 1919 873 1964 τὴν
906 1921 1090 1967 οὐράνιον
1111 1924 1149 1956 Α.
1242 1933 1273 1967 7.
1295 1921 1578 1967 μεταστραφέν-

143 2078 210 2101 nec
247 2067 286 2100 id
318 2078 391 2112 quo
422 2068 560 2102 animus
597 2069 795 2114 angebatur
819 2070 1044 2103 dissimulare
1080 2070 1210 2115 potuit.
1238 2080 1294 2102 me
1318 2079 1402 2102 vero
1428 2072 1577 2113 urgente

143 2119 182 2147 et
208 2113 350 2146 subitae
373 2115 582 2148 mutationis
616 2127 758 2149 causam
797 2117 974 2161 rogitante
1002 2127 1099 2158 „non
1126 2116 1311 2149 hahitum”
1336 2113 1476 2160 inquit,
1499 2115 1578 2155 „vir

143 2160 370 2200 amicissime,
402 2160 530 2194 horreo
556 2162 660 2207 (quid
685 2163 780 2195 enim
805 2164 913 2196 vestis
953 2163 1106 2196 mutatio
1132 2163 1283 2208 periculi
1312 2161 1446 2194 habeat
1457 2161 1489 2206 ?)
1514 2160 1580 2194 sed

142 2206 397 2251 promissiones
423 2219 511 2252 quas
536 2220 655 2242 secum
681 2209 752 2242 sert
775 2208 920 2243 habitus
950 2209 1170 2251 reformido;
1197 2215 1234 2242 et
1258 2207 1374 2247 illud,
1404 2206 1504 2251 quod
1531 2206 1582 2240 ad

142 2253 296 2286 caeleste
339 2264 486 2297 regnum
521 2255 622 2288 nullo
665 2255 772 2288 modo
800 2262 905 2301 aptus
927 2262 982 2290 est
1013 2256 1044 2289 is
1068 2256 1131 2301 qui
1158 2266 1301 2287 manum
1326 2259 1442 2286 aratro
1468 2253 1580 2286 semel

143 2298 322 2332 admotam
358 2311 422 2344 per
456 2301 632 2335 insaniam
666 2303 888 2335 retraxerit?
921 2302 978 2336 his
1013 2308 1050 2334 et
1084 2301 1163 2334 aliis
1204 2300 1243 2333 id
1269 2311 1378 2344 genus
1404 2298 1510 2333 dictis
1538 2305 1580 2332 ut

145 2351 222 2378 erat
246 2345 353 2378 homo
378 2347 554 2381 facundus
580 2354 617 2382 et
644 2348 681 2382 in
706 2349 814 2381 sacris
837 2349 968 2382 litteris
996 2353 1174 2387 versatus,
1199 2347 1441 2380 Christianum
1468 2346 1578 2390 pani-

145 2402 205 2423 um
247 2392 379 2425 invitus
417 2394 558 2435 induit3
594 2400 631 2427 et
667 2395 834 2440 precibus
872 2406 964 2440 quae
998 2405 1105 2439 super
1136 2405 1178 2426 eo
1214 2392 1502 2438 peragebantur,
1530 2402 1578 2425 ne

147 2438 290 2470 summis
319 2438 463 2482 quidem
489 2441 634 2474 auribus
658 2441 834 2481 admissis,
859 2447 999 2474 tantum
1026 2440 1103 2473 radi
1131 2451 1168 2473 se
1196 2446 1232 2473 et
1253 2438 1488 2473 Athanasium
1513 2449 1579 2482 ap-

145 2483 275 2526 pellari
312 2495 435 2527 passus
468 2492 530 2519 est.
563 2487 657 2520 illud
680 2499 766 2521 sane
794 2488 962 2520 admirari
997 2498 1108 2532 queas
1132 2497 1199 2519 nec
1224 2486 1375 2519 fortuito
1403 2484 1577 2517 accidisse

147 2528 268 2568 dicas,
303 2531 399 2572 quod
427 2542 469 2564 ex
492 2534 656 2567 omnibus
680 2535 821 2578 Papycii
859 2534 991 2567 montis
1019 2534 1120 2566 cellis
1149 2544 1227 2565 eam
1251 2531 1386 2575 delegit
1402 2556 1410 2571 ,
1439 2532 1478 2563 in
1504 2540 1578 2573 qua

146 2580 382 2619 protostrator
414 2578 558 2612 Alexius
595 2591 616 2612 a
647 2581 816 2614 Manuele
853 2581 954 2613 uuna
990 2580 1172 2624 probabili
1197 2579 1242 2611 ‹le
1270 2590 1394 2617 causa,
1420 2581 1460 2608 ut
1485 2575 1575 2607 alibi

148 2621 320 2660 diximus,
348 2621 410 2654 sed
435 2628 574 2658 tantum
597 2625 644 2658 ob
669 2627 903 2671 amplissimas
937 2637 1023 2671 opes
1049 2632 1085 2659 et
1110 2626 1323 2669 singularem
1347 2621 1576 2668 prudentiam

148 2673 186 2700 et
216 2668 255 2699 in
291 2667 396 2700 rebus
423 2671 585 2711 gerendis
613 2672 863 2706 dexteritatem
890 2679 1034 2717 captus,
1074 2672 1293 2705 mundanum
1317 2669 1486 2713 capillum
1508 2677 1577 2711 po-

148 2719 276 2747 suerat.
301 2724 382 2746 nam
406 2713 445 2747 in
470 2715 552 2750 fatis
582 2723 659 2751 erat
681 2719 818 2752 scilicet
844 2724 885 2751 ut
909 2724 1059 2763 paterna
1087 2718 1220 2751 delicta
1244 2718 1283 2750 in
1303 2716 1416 2749 filium
1442 2711 1574 2748 redun-
