1878 3230
431 209 504 249 DE
542 206 866 249 Aunnomco
906 207 1166 266 commo
1207 213 1305 254 Lm.
1334 216 1388 254 ιι.
1516 196 1628 271 ίμ7

198 305 315 363 δίκην
342 308 605 361 συναγκείαις
633 305 740 360 δρῶν
769 305 844 348 καί
880 311 1069 362 χλοεροῖς
1095 308 1417 365 παραβυόμενος
1440 306 1634 368 ἄλσεσιν,

196 373 255 422 αῖς
283 368 457 428 ὄρνιθας
484 371 764 421 κατοικιδίους
792 372 1028 426 ἀλεκτρυών
1055 370 1084 429 ἢ
1109 372 1230 429 αἶγας
1265 376 1418 432 τράγος
1452 375 1635 432 ἡγούμε-

196 454 266 487 νος
296 439 490 480 αἰπολίου
511 468 523 489 ,
552 431 581 490 ἢ
608 434 721 478 καθά
754 453 830 493 περ
860 437 881 480 ὅ
903 441 1087 493 Σεμέλης
1114 438 1321 490 Διόνυσος
1355 441 1430 492 τὰς
1459 442 1634 494 Θυάδας

196 504 389 557 Σοβάδας
412 500 645 552 ΙΙΙαινάδας
679 500 884 556 Βάκχας,
913 501 1024 558 εἶχεν
1052 501 1255 558 ἑπομένας
1297 507 1354 556 ὥς
1397 511 1632 562 ἐρωμένας,

157 571 183 613 5
194 569 324 622 μόνον
351 569 402 610 οὕ
434 566 605 623 νεβρίδα
633 569 859 622 ἐξημμένος
896 570 969 610 καί
1007 568 1082 610 τόν
1119 571 1329 626 κροκωτὸν
1369 570 1628 627 ἐνδυόμενος.

193 634 266 676 καὶ
294 630 344 689 ἧν
372 631 475 675 κατὰ
506 630 660 680 τακτὰς
693 634 772 684 μὲν
811 632 971 688 ἡμέρας
1013 633 1118 676 ὦσεί
1155 635 1226 678 διὰ
1270 636 1633 692 περιπετάσματος

193 700 347 755 ὀλίγοις
373 701 457 739 τῶν
483 699 529 740 ἐκ
555 699 629 752 τῆς
654 697 871 750 βασιλείου
901 699 1034 753 αόλῆς
1062 698 1350 755 ὀπτανόμενος,
1380 703 1454 744 καί
1471 705 1673 748 τούτωνΙ)

191 763 310 819 οἵπερ
339 763 480 821 ἐκείνῳ
505 759 687 815 μάλιστα
723 765 1057 820 προσῳκειίοντο,
1088 766 1306 820 αὐλητρίσι
1336 768 1382 809 δὲ
1412 771 1486 810 καί
1518 767 1631 811 ἑται-

193 832 304 884 ρίσιν
331 826 617 877 οἶναπεταννῦς
641 828 781 870 πᾶσαν
806 829 988 883 πάροδον
1014 831 1089 871 καί
1113 830 1252 872 πάντα
1279 832 1426 888 καιρὸν
1449 836 1509 884 εἰς
1539 833 1634 888 ὅμι-

134 912 181 938 10
195 895 289 937 λίαν
331 893 478 942 αὐταῖς
515 893 809 948 χαριζόμενος.
880 892 1026 948 ἔχαιρέ
1067 911 1112 937 τε
1155 895 1259 938 κατὰ
1299 900 1766 951 Σαρδανάπαλονῖἲιμ

190 966 283 1010 ταῖς
311 960 524 1013 ἀνέσεσιν,
556 957 601 1008 ὃς
622 960 735 1001 τόσσ’
773 957 886 1012 ἐᾷγειν
914 958 1003 1002 ὅσσ’
1039 959 1170 1017 ἔφαγε
1216 962 1289 1004 καί
1324 962 1531 1020 ἐφύβρισε
1574 968 1634 1023 τῷ

190 1028 398 1084 ἐπιταφίῳ
427 1024 671 1067 ἐνεκόλαπτε
698 1024 928 1080 γράμματι.
983 1025 1259 1082 Ἐπικούρειός
1287 1044 1331 1070 τε
1357 1025 1407 1083 ἧν
1422 1030 1497 1071 καί
1511 1033 1634 1085 Χρυ-

191 1095 409 1144 σίππειος,
437 1089 511 1132 καί
535 1092 729 1144 λαγνείαν
751 1091 971 1144 δυστυχῶν
1011 1090 1245 1142 πολύποδος
1278 1093 1424 1147 ἵμερον
1460 1097 1632 1150 ἐδίωκε,

191 1160 264 1200 καί
289 1154 480 1213 φιλότητι.
508 1157 764 1210 μαργαίνων,
791 1156 866 1197 καί
902 1155 976 1198 τὸν
996 1156 1211 1210 Ἡρακλέα
1242 1158 1501 1213 μιμούμενος
1535 1162 1634 1204 α’τε-

133 1217 180 1265 15
191 1226 303 1278 χνοῖίς
331 1221 440 1265 κατά
460 1220 535 1276 τήν
562 1223 644 1263 τῶν
660 1221 914 1275 πεντήκοντα
933 1224 1007 1264 καί
1022 1221 1148 1275 μόνον
1173 1226 1419 1279 θυγατέρων
1442 1227 1631 1270 Θυέστου

195 1288 384 1343 Φθοράν.
415 1287 491 1329 οόκ
510 1285 619 1341 ἔχων
645 1289 692 1330 δὲ
719 1286 795 1342 τὴν
820 1285 916 1343 ἴσην
942 1286 1047 1343 πρὸς
1070 1287 1116 1330 τὸ
1147 1288 1465 1333 ἀκολασταίνειν
1492 1291 1630 1348 ἰσχύν,

190 1355 248 1405 ὥς
276 1355 434 1398 Ἰόλεων
461 1355 614 1403 ἐκεῖνος
643 1351 750 1395 κατὰ
790 1355 863 1408 τῆς
901 1356 1173 1410 παλιμφυοῦς
1215 1353 1350 1410 ὕδρας
1383 1359 1632 1413 συνέριθον,

190 1417 300 1464 οὕτω
326 1422 400 1463 καί
437 1413 558 1469 οὗτος
593 1417 646 1462 τοὶ
685 1417 768 1461 ὑπὸ
807 1418 989 1475 γαστρὸς
1021 1418 1126 1475 πρὸς
1163 1423 1391 1465 συνουσίαν
1431 1425 1631 1480 α’λοιφαῖς

190 1489 264 1534 καί
287 1493 497 1542 περιττοῖς
522 1484 810 1539 σκευάσμασιν
842 1483 1134 1540 α’νερροόννυεν.
1190 1482 1316 1542 ἤσθιε
1344 1490 1391 1530 δὲ
1415 1491 1488 1531 καί
1523 1492 1630 1541 ζῶον

127 1565 178 1595 20
193 1555 402 1612 Νειλῷον,
431 1554 677 1610 κροκοδείλῳ
706 1552 816 1593 πάνυ
848 1568 890 1594 τι
924 1552 1133 1608 ἐμφερές,
1173 1555 1337 1606 σκίγγον
1379 1552 1628 1608 λεγόμενον,

191 1618 385 1662 ἀπόσιτον
411 1620 491 1672 μὲν
517 1623 604 1668 τοῖς
639 1615 700 1673 μὴ
728 1615 780 1660 τὰ
819 1619 999 1659 τοιαῦτα
1035 1619 1200 1673 βρωτέα
1240 1620 1454 1674 κρίνουσι,
1493 1622 1630 1677 διερε-

285 1742 314 1766 ι.
341 1730 570 1775 συναγγείας
594 1728 748 1763 codices.
852 1738 885 1760 2.
908 1726 972 1774 οἷς]
1000 1725 1126 1771 ὥσπερ
1151 1727 1431 1774 πετεινόςμετᾶ
1460 1729 1627 1775 ὀρνίθων

282 1777 438 1812 πολλῶν
460 1777 497 1809 Β.
619 1777 652 1819 4.
674 1775 736 1822 ὥς]
760 1766 849 1811 wic?
978 1775 1010 1808 3.
1038 1773 1244 1821 αὐλητρίσι]
1274 1777 1424 1820 γυναιξὶ
1449 1775 1489 1811 δὲ
1514 1776 1627 1822 ὀρχη-

280 1827 428 1870 σῐρίαις
450 1825 514 1857 καὶ
542 1821 752 1869 τραγῳδοῖς
774 1822 812 1854 Β.
911 1831 961 1854 ιι.
987 1823 1053 1854 καὶ
1076 1820 1270 1867 ἐφύβρισε]
1296 1824 1358 1855 καὶ
1386 1821 1456 1857 ὅσα
1480 1824 1533 1861 εἰς
1560 1825 1626 1863 τὰς

277 1876 462 1917 γυναῖκας
484 1869 691 1915 ἐπόρνευσε
717 1870 753 1902 Β.
907 1879 959 1911 ¹7-
988 1867 1038 1904 ὥς
1061 1866 1218 1915 Ἰόλεων]
1253 1868 1383 1923 νῖλειφε
1407 1863 1453 1902 τά
1479 1871 1626 1916 ὑπογά-

281 1927 391 1960 στρια
412 1916 529 1952 αὐτοῦ
553 1915 769 1963 ἀλείμματα
791 1913 1050 1961 διερεθίζοντα
1075 1916 1175 1947 αι’τῶ
1200 1926 1297 1959 προς
1321 1917 1429 1961 μίξιν
1452 1917 1489 1949 Β.
1574 1930 1625 1964 ¹9·

281 1963 406 2011 ἤσθιε]
432 1963 508 2009 εἶχε
532 1964 572 1998 δὲ
596 1966 658 1996 καὶ
682 1959 758 1996 α’πὸ
782 1964 852 1995 τοῦ
874 1963 1001 1996 νείλου
1027 1965 1202 2006 ποταμοῦ
1230 1964 1392 2006 σκίγγον
1407 1963 1625 2010 λεγόμενον,

279 2004 356 2044 α’πό
383 2011 478 2051 ζώου
506 2009 751 2056 κροκοδείλου
781 2006 1174 2062 κατασκευαζόμενον,
1197 2003 1248 2054 μὴ
1276 2009 1518 2055 τρωγόμενον
1539 2013 1623 2056 μέν,

279 2059 367 2102 παρ’
390 2058 536 2091 ἐκείνου
569 2056 610 2091 δὲ
633 2058 696 2089 καὶ
718 2055 960 2101 τρωγόμενον
985 2054 1046 2087 δια
1075 2052 1144 2089 τὸν
1170 2058 1245 2090 τοῖν
1266 2058 1459 2100 γυναικῶν
1483 2067 1624 2094 συνου-

279 2104 445 2152 σιασμόν
469 2105 506 2137 Β.
583 2115 637 2138 20.
664 2112 724 2136 σκ.
753 2102 957 2150 λεγόμενον
972 2112 1030 2134 om
1056 2101 1094 2134 A.

187 2219 274 2253 ctari
297 2218 458 2260 solebat,
501 2224 543 2253 ut
565 2218 776 2264 gallinarum
812 2217 926 2262 gallus
961 2216 1178 2262 gallinaceus
1203 2221 1267 2250 aut
1290 2216 1409 2250 hircus
1438 2228 1624 2262 caprarum

187 2265 333 2307 ductor-3
359 2272 422 2300 aut
457 2271 498 2300 ut
526 2266 681 2300 Bacchus
705 2266 873 2309 Thyadas
898 2270 935 2298 et
965 2263 1179 2304 Maenadas,
1205 2265 1256 2296 sic
1280 2264 1357 2308 ipse
1386 2265 1516 2298 amicas
1542 2277 1623 2299 suas

187 2313 444 2352 antecedebat,
483 2318 623 2346 tantum
649 2324 722 2345 non
745 2311 889 2345 hinnuli
913 2311 1009 2355 pelle
1035 2316 1071 2343 et
1095 2316 1237 2343 crocoto
1263 2310 1423 2344 indutus.
1452 2323 1492 2345 ac
1517 2313 1624 2346 certis

188 2358 315 2393 diebus
343 2360 507 2404 a'paucis
536 2359 681 2399 aulicis,
706 2359 823 2404 iisque
850 2358 1010 2398 intimis,
1035 2357 1149 2390 veluti
1170 2368 1235 2402 per
1259 2363 1491 2391 transennam
1516 2359 1621 2391 vide-

187 2404 336 2440 bantur:
377 2406 537 2440 tibicinis
570 2417 654 2439 vero
681 2411 717 2438 et
751 2404 1000 2438 meretricibus
1025 2415 1167 2436 omnem
1192 2404 1329 2437 aditum
1355 2406 1622 2449 patefaciebat,

189 2462 319 2497 easque
345 2454 470 2497 quovis
493 2458 655 2498 tempore
684 2451 731 2485 ad
754 2452 975 2497 colloquium
1000 2450 1226 2491 admittebat,
1240 2451 1417 2496 voluptati
1441 2458 1482 2486 ut
1493 2452 1625 2486 Sarda-

188 2499 337 2542 napalus
362 2499 566 2544 indulgens,
588 2499 652 2544 qui
676 2499 840 2544 sepulcro
870 2509 934 2531 suo
949 2497 1078 2530 incidit
1101 2508 1141 2529 ea
1166 2508 1203 2530 se
1226 2496 1360 2531 habere
1386 2510 1479 2543 quae
1504 2510 1624 2532 conie-

189 2544 284 2577 derit
307 2550 344 2578 et
367 2557 431 2590 pro
466 2545 621 2579 libidine
654 2546 775 2590 egerit.
818 2550 895 2578 erat
917 2545 1111 2590 Epicureus
1147 2549 1185 2577 et
1210 2544 1470 2589 Chrysippeus,
1495 2545 1621 2578 morbo

189 2591 352 2623 luxuriae
375 2598 560 2637 corruptus
587 2598 624 2625 et
648 2603 768 2625 amore
788 2591 970 2636 perditus:
996 2591 1187 2623 Herculem
1212 2592 1473 2636 quinquaginta
1502 2591 1624 2634 Thye-

189 2637 253 2670 stis
284 2637 427 2670 filiabus
458 2638 662 2683 stuprandis
701 2638 920 2672 imitabatur.
959 2637 1022 2670 sed
1045 2638 1130 2681 quia
1169 2642 1307 2670 tantum
1335 2638 1389 2670 illi
1415 2638 1552 2670 roboris
1576 2637 1623 2669 ad

190 2684 370 2717 lasciviam
403 2695 474 2717 non
513 2685 750 2730 suppetebat,
782 2691 822 2718 ut
847 2685 912 2716 ille
937 2685 1076 2717 Iolaum
1104 2689 1227 2715 contra
1257 2683 1448 2716 redivivam
1473 2683 1622 2726 hydram

190 2730 425 2774 implorabat,
453 2731 504 2762 sic
526 2732 604 2775 ipse
629 2732 747 2764 virilia
771 2730 1002 2764 unctionibus
1032 2735 1067 2763 et
1092 2730 1429 2763 deliciisrfirmahat.
1454 2730 1623 2762 vesceba-

189 2783 247 2811 tur
271 2778 355 2809 item
370 2776 526 2809 Nilotica
549 2776 715 2819 bestiola,
740 2777 921 2810 crocodilo
947 2787 1021 2810 non
1046 2776 1220 2817 absimili,
1246 2787 1353 2820 quem
1380 2777 1537 2810 scincum
1558 2787 1622 2810 vo-

263 2836 409 2872 Nicetas
430 2834 637 2870 ctaoniates.
1328 2843 1368 2877 ²7
