1878 3230
331 169 402 209 DE
427 166 620 207 ALExlo
661 163 855 206 lsAAcu
895 162 1092 205 ANGELt
1132 164 1415 205 FR.1,1P‚.11.
1494 140 1608 197 655

177 271 314 322 μαίων
338 265 445 308 ὅπλα
471 263 682 319 βαστάζει,
703 265 775 307 καί
802 264 1045 319 προσπεσών
1069 261 1374 318 ἀπροσδόκητος
1393 264 1483 311 ’ταῖς
1510 259 1609 302 κατά
1625 273 1654 304 Ι)

178 333 431 387 ΙΠαίανδρον
475 330 736 383 κωμοπόλεσι
769 329 941 384 Καρίαν
967 345 1013 370 τε
1048 329 1120 371 καί
1155 330 1361 371 Τάνταλον
1399 328 1495 370 καθ’
1523 326 1613 382 ἧλι-

177 399 271 440 κίαν
311 394 670 453 ἧνδραποδίσατο,
699 397 772 437 καί
806 391 948 443 πόλεις
981 390 1109 443 ἄλλας
1137 391 1203 436 ὅτι
1231 393 1388 442 πολλὰς
1416 391 1614 447 ληϊσάμε-

177 478 246 512 νος
275 462 379 517 πρὸς
400 460 533 516 αύτην
560 457 748 514 ἠπείγετο
773 458 850 514 τήν
890 458 996 501 κατὰ
1030 460 1220 513 Φρυγίαν
1240 457 1518 512 Ἀντιόχειαν.
1546 456 1620 498 καί

140 527 273 582 5τοίχ’
302 525 353 570 ἂν
380 529 509 578 ἐξεῖλε
536 527 609 566 καί
634 523 787 579 ταύτην
830 521 970 578 ὥσπερ
997 522 1128 577 χθιζά
1158 526 1332 578 Καρίαν
1359 525 1432 565 καί
1462 521 1619 564 Τάντα-

178 598 270 646 λον,
297 595 337 636 εἷ
357 591 415 647 μὴ
445 589 560 646 παρὰ
593 592 718 641 δόξαν
746 591 898 643 ἐπέστη
926 591 984 646 τῷ
1010 586 1214 645 βαρβάρῳ
1242 588 1346 643 πρὸς
1375 587 1422 630 τὸ
1450 584 1519 639 5ξὺ
1546 589 1620 642 τῆς

178 657 439 706 σκυλεύσεως
468 658 542 698 οὐκ
566 658 610 698 ἐκ
638 656 832 710 προνοίας
853 653 961 703 τινὸς
991 654 1259 709 ἀνθρωπίνης
1289 653 1395 695 α’λλά
1423 667 1517 702 πως
1539 653 1621 694 αύ-

178 722 372 777 τομιίτως
410 718 438 778 ἢ
478 721 550 762 καί
585 718 735 762 θεόθεν
780 719 1060 774 παρείσπεσὸν
1087 736 1126 765 τι
1167 719 1428 774 συγκύρημα.
1486 717 1510 759 ὃ
1541 719 1621 771 μὲν

179 787 261 843 γὰρ
291 786 452 841 νύκτωρ
482 783 709 837 ἐξαναστὰς
736 782 842 826 κατὰ
870 781 1019 840 κράτος
1045 786 1106 834 εἷς
1126 782 1386 838 Ἀντιόχειαν
1414 777 1620 838 ἤλαυνεν,

121 852 478 908 ιοέπιθησόμενος
524 844 695 907 ὄρθριος
737 849 811 891 καὶ
835 847 1060 905 πορθήσων
1089 847 1136 891 τό
1167 846 1377 902 πόλισμα·
1432 847 1554 902 ἔτυχε
1581 849 1620 890 δ’

184 918 346 973 ἡμέρας
389 917 544 971 ἐκείνης
583 918 668 957 τῶν
704 913 820 971 παρὰ
858 916 909 971 τῇ
937 913 1056 956 πόλει
1093 916 1338 967 δυναμένων
1374 913 1466 956 τινὰ
1498 913 1622 956 θύειν

177 982 339 1038 γάμους
359 983 558 1035 θυγατρί.
611 976 662 1035 ἦν
689 976 782 1033 οὖν,
831 979 887 1029 ὥς
916 980 961 1021 ἐν
987 985 1076 1030 ταῖς
1102 977 1314 1028 τοιαύταις
1341 978 1527 1021 εἴθισται
1554 994 1622 1020 τε-

179 1051 316 1097 λεταῖς
332 1078 345 1101 ,
375 1043 532 1098 ὅμαδος
563 1043 799 1100 ἀνθρώπων
817 1042 1126 1098 θαλιαζόντων,
1146 1042 1341 1098 κύμβαλά
1363 1060 1408 1087 τε
1437 1046 1494 1086 δι’
1521 1040 1623 1098 ὅλης

178 1114 250 1167 τῆς
283 1110 429 1160 νυκτὸς
453 1112 608 1165 ἐκείνης
635 1108 897 1162 α’λαλᾰζοντα
933 1111 1008 1151 καί
1031 1108 1227 1163 τύμπανα
1257 1108 1620 1165 περικτυπούμενα

118 1179 169 1222 15
181 1176 255 1219 καὶ
283 1175 492 1232 ὀρχησταὶ
534 1172 592 1217 ταὶ
632 1172 732 1217 πόδε
775 1173 1151 1229 παρενσαλεύοντες
1186 1176 1260 1216 καί
1278 1174 1401 1229 χὀροί
1437 1176 1622 1228 γυναίων

179 1246 267 1290 τοῖς
294 1239 508 1294 ὖμεναίοις
533 1238 754 1296 πρόσφορα
799 1234 978 1296 ᾅδοντες.
1051 1239 1108 1289 ὦς
1148 1235 1225 1281 οὖν
1251 1236 1393 1294 ἦγγισε
1421 1241 1474 1296 τῇ
1502 1237 1619 1280 πόλει
1631 1243 1742 1276 P.320

180 1304 478 1361 Καϊχοσρόης,
522 1307 604 1347 τῶν
642 1301 834 1360 ὀργάνων
858 1305 1062 1360 ἁρμονίαν
1096 1307 1157 1355 εἷς
1189 1299 1275 1347 ὦτα
1305 1303 1525 1357 δεξάμενος
1551 1306 1623 1346 καί
1631 1311 1672 1345 V.
1685 1313 1751 1346 263

178 1373 250 1426 τῆς
280 1373 529 1427 συμφωνίας
566 1372 649 1412 τῶν
689 1370 881 1427 ᾀδόντων
917 1370 1227 1426 ἀκροασάμενος
1268 1371 1368 1423 ου’χί
1406 1371 1478 1412 τοῦ
1506 1364 1621 1418 ὄντος

179 1435 534 1490 κατεστοχάσατο,
582 1437 671 1478 ἀλλ’
716 1435 886 1491 ἀνδρῶν
934 1433 1253 1492 ἡτοιμασμένων
1293 1433 1400 1490 πρὸς
1439 1433 1620 1488 πόλεμον

116 1517 168 1544 20
180 1500 431 1556 συνθήματα
456 1497 577 1552 ῖεῖναι
621 1502 752 1543 ταῦτα
796 1501 1170 1555 ὑπολογισάμενος,
1206 1499 1283 1555 τὴν
1310 1502 1469 1543 ἐκείνου
1496 1515 1620 1553 προε-

179 1566 396 1621 γνωκότων
422 1564 594 1622 ἔφοδον,
632 1563 762 1624 ᾤχετο
790 1568 948 1608 ἐκεῖθεν
974 1569 1048 1607 καί
1072 1565 1174 1621 πρὸς
1201 1565 1276 1620 τὴν
1302 1564 1490 1618 Λάμπην
1517 1565 1619 1620 α’φί-

181 1646 290 1673 κετο.
347 1630 451 1674 ἔνθα
478 1630 528 1686 δὴ
559 1631 818 1687 ἄπογραφεΐς
860 1629 1088 1685 ἐπιστήσας
1113 1633 1196 1673 τῶν
1224 1630 1503 1683 αἰχμαλώτων
1524 1633 1624 1684 περί

181 1711 226 1739 τε
253 1698 326 1751 τῆς
364 1697 565 1751 πατρίδος
609 1698 780 1738 ἕκαστον
820 1694 895 1738 καὶ
920 1697 994 1750 τῆς
1021 1695 1201 1750 κλήσεως
1233 1692 1488 1737 ἐπυνθάνετο
1507 1727 1519 1747 ,
1550 1695 1623 1735 καί

182 1757 296 1812 ὅστις
339 1759 363 1802 ὅ
404 1760 626 1815 συλλαβών
654 1758 871 1816 α’νηροότα,
908 1763 982 1803 καί
1002 1759 1048 1803 εἴ
1067 1776 1108 1803 τι
1137 1763 1209 1816 τῆς
1237 1759 1381 1808 οὐσίας
1409 1761 1618 1801 α’πολωλὲ-

283 1882 334 1906 12.
358 1867 403 1914 ἢν
426 1869 509 1920 οὖν]
533 1875 596 1907 καὶ
613 1871 709 1907 κατὰ
732 1871 800 1915 τήν
826 1872 1033 1915 συνήθειαν
1055 1869 1103 1915 ἦν
1125 1872 1278 1912 σύναξις
1297 1871 1360 1913 τῆς
1386 1870 1478 1913 ὅληςΔ
1495 1870 1622 1916 χώρας

273 1919 374 1960 ἐκεῖ,
405 1918 575 1964 κύμβαλά
598 1930 636 1954 τε
672 1921 738 1954 καὶ
776 1917 936 1963 perfixum
962 1921 1026 1953 καὶ
1048 1918 1226 1965 τύμπανα
1250 1917 1298 1951 δι’
1328 1917 1411 1957 ὅλης
1435 1917 1622 1959 ἠλάλαζον

278 1964 514 2045 ξιέςΒνυκτός.
538 1966 574 1999 Β.
646 1967 703 2011 24.
729 1967 829 2013 εἴτι]
852 1969 888 2000 τί
914 1961 990 2000 α’πὸ
1016 1966 1084 2000 τοῦ
1108 1965 1330 2011 πράγματος
1358 1964 1478 1998 αυίοῦ
1501 1963 1622 2009 exdu-

185 2110 327 2152 noluit,
355 2112 419 2146 sed
452 2114 558 2147 armis
597 2114 763 2148 alacriter
801 2115 951 2159 arreptis
975 2115 1167 2159 improvisa
1190 2114 1394 2147 incursione
1421 2112 1557 2145 Cariam
1584 2119 1622 2147 et

186 2158 381 2192 Tantalum
409 2160 543 2204 oppida
570 2160 616 2193 ad
640 2160 875 2194 Maeandrum
899 2161 967 2194 sita
991 2161 1155 2194 vastavit.
1179 2160 1265 2193 inde
1289 2160 1334 2192 ad
1355 2159 1524 2204 Phrygiae
1549 2159 1621 2192 Au-

186 2205 360 2238 tiochiam
384 2206 592 2247 contendit,
620 2217 770 2252 eamque
795 2208 956 2240 fortassis
993 2219 1107 2252 aeque
1132 2217 1174 2239 ac
1200 2207 1278 2239 heri
1303 2206 1440 2239 Cariam
1465 2212 1502 2239 et
1524 2206 1622 2239 Tan-

188 2251 303 2284 talum
341 2253 517 2296 cepisset,
552 2253 624 2286 nisi
658 2265 758 2286 casus
792 2253 939 2297 quidam
978 2253 1148 2287 fortuitus
1187 2254 1361 2298 impetum
1393 2253 1470 2285 eius
1499 2252 1621 2285 divina

186 2297 306 2342 potius
329 2309 439 2342 quam
461 2299 616 2332 humana
638 2299 867 2344 providentia
891 2300 1064 2344 fregisset.
1093 2311 1175 2332 nam
1203 2311 1274 2344 qua
1299 2304 1405 2332 nocte
1424 2298 1469 2331 ad
1494 2299 1623 2331 urbem

187 2344 456 2388 opprimendam
496 2347 732 2390 properabat,
766 2345 912 2390 quidam
941 2345 1048 2379 homo
1074 2352 1203 2390 potens
1234 2346 1330 2378 filiae
1354 2345 1501 2390 nuptias
1528 2345 1623 2376 cele·

186 2387 325 2423 hrabat.
362 2397 439 2424 erat
469 2391 595 2435 igitur,
622 2397 664 2425 ut
694 2392 733 2425 in
770 2392 978 2426 huiusmodi
1017 2391 1275 2425 festivitatibus
1303 2392 1419 2432 solet,
1447 2391 1623 2423 tumultus

189 2433 374 2469 hominum
407 2438 685 2473 convivantium.
719 2438 903 2482 cymbala,
938 2445 1126 2483 tympana,
1154 2439 1345 2471 saltatores
1370 2443 1408 2470 et
1430 2437 1623 2470 mulierum

190 2486 313 2514 coetus
345 2481 581 2525 hymenaeum
614 2486 836 2518 cantantium
870 2496 935 2530 per
958 2491 1070 2518 totam
1107 2490 1249 2518 noctem
1273 2482 1556 2529 perstrepebant.
1582 2487 1623 2514 ut

190 2532 310 2559 autem
349 2528 395 2560 ad
435 2529 559 2563 urbem
602 2531 752 2564 accessit
774 2531 1027 2572 Caichosroes‚
1052 2531 1177 2564 audita
1200 2542 1411 2575 organorum
1435 2527 1622 2561 harmonia

191 2577 228 2605 et
254 2571 438 2607 hominum
465 2582 658 2618 concentu,
686 2588 761 2610 non
784 2589 859 2610 rem
882 2578 996 2622 ipsam
1025 2579 1230 2611 coniectura
1247 2581 1440 2614 assecutus,
1466 2573 1530 2606 sed
1554 2574 1624 2605 mi-

190 2618 298 2651 litum
323 2624 471 2653 tesseras
501 2633 597 2664 esse,
622 2623 685 2668 qui
712 2635 814 2656 suum
840 2624 1033 2656 adventum
1058 2627 1379 2668 praecognossent,
1404 2625 1546 2664 putans,
1575 2619 1622 2651 ad

193 2664 352 2708 Lampen
388 2665 570 2709 discessit,
595 2669 720 2714 ibique
742 2670 900 2714 captivos
928 2669 1183 2703 describendos
1212 2668 1364 2708 curavit3
1388 2671 1425 2698 et
1447 2666 1621 2709 cuiusque

192 2711 346 2756 patriam
362 2717 398 2746 et
420 2723 562 2755 nomen,
578 2719 613 2748 et
625 2726 646 2749 a
661 2726 732 2760 quo
757 2722 881 2761 captus
898 2721 1004 2758 esset,
1021 2716 1106 2750 item
1127 2727 1172 2749 an
1190 2713 1330 2760 aliquid
1349 2722 1490 2747 suarum
1504 2721 1621 2745 rerum
