1878 3230
245 171 357 237 460
689 186 915 227 NJCETAE
962 186 1270 226 cuon'rAE

240 286 490 339 ἀνήρτηται,
531 279 655 327 ω’πιὸν
683 282 738 330 ὥς
772 283 902 324 ἐκεῖσε
926 284 1068 335 μέλλει
1109 285 1206 324 ποτὲ
1232 281 1428 335 βασιλεύς
1448 280 1663 336 Ῥωμαίων

233 349 561 402 «α’παιωριῑθῆναι
600 349 734 395 κακῶς
763 346 913 388 παθών
953 346 1032 388 ’ὑπὸ
1063 349 1140 388 τοῦ
1167 349 1238 400 τῆς
1264 349 1470 396 πολιτείας
1497 345 1660 403 πληρώ,

241 429 394 466 ματος·
451 409 523 452 τὸν
550 413 596 452 δὲ
624 410 727 466 πρὸς
755 410 830 466 τήν
848 410 1112 467 Ἀνδρονίκου
1142 411 1330 466 διήγησιν
1356 412 1662 467 ἀποκρίνασθαι

242 480 331 518 ἀλλ’
362 475 487 525 αὐτὸς
511 478 611 524 τὲως
638 492 711 517 ουκ
733 478 888 518 ἑσεῖται
916 476 938 517 ὅ
967 477 1085 518 τοῦτο
1124 476 1374 529 πεισόμενος.
1429 479 1502 519 καί
1525 492 1663 519 τοιου-

242 557 288 582 το
325 543 402 593 μὲν
442 543 556 589 τέλος
596 539 780 583 θανάτου
817 543 1041 597 κατείληφε
1078 539 1149 584 τὸν
1183 542 1464 596 Ἀνδρόνικον,
1493 543 1701 607 ἑξοίπιναξὶ

243 607 301 653 εἰς
344 603 552 660 ἐρήμωσιν
591 605 693 647 ὦσει
737 623 803 648 και
834 604 1024 648 ἐνύπνιον
1051 606 1354 660 ε’ξεγειρομένου
1376 604 1663 682 γεγενημένον,

243 686 308 710 και
337 672 380 710 ἐν
411 673 460 726 τῇ
486 668 603 711 πόλει
630 687 705 725 την
750 669 904 712 οικείαν
932 672 1258 723 ἐξουθενωμένον
1301 669 1458 723 εἰκόνα,
1493 671 1572 712 εἴτε
1593 669 1666 712 τόν

206 736 314 776 Cro&
345 733 564 788 προσώπου
603 738 847 790 χαρακτῆρα
888 735 1075 788 βούλοιτό
1116 751 1177 782 τις
1207 732 1316 776 οὕτω
1353 740 1462 777 νοεῖν
1502 734 1585 777 εἴτε
1611 733 1663 777 τοὶ

245 802 316 842 ὲπί
339 800 421 841 τῶν
445 800 597 852 τοίχων
619 799 690 841 καί
710 802 888 842 σανίδων
908 798 1152 852 εἰκάσματα,
1183 801 1272 840 ἐπεὶ
1290 801 1362 841 καί
1386 802 1521 842 ταῦτα
1545 797 1567 840 ὅ
1594 817 1666 841 πο-

245 866 317 914 λύς
344 863 631 919 κατηχρειαὶκει
661 865 764 914 λεώς
790 867 862 907 καί
888 865 1140 907 διεσκεδάκει
1166 863 1270 920 πρὸς
1297 868 1371 919 γῆν
1398 864 1472 907 καὶ
1496 867 1665 907 ἐλέπτυ-
1683 887 1730 912 10

244 946 311 971 νεν
339 946 393 978 ως
425 930 514 970 οόδ’
545 929 583 971 οἱ
627 946 720 985 περι
753 932 918 972 ΙΙΙωσέα
946 929 1146 986 πρότερον
1175 931 1474 986 α’φορισθέντες
1499 929 1545 972 τὸ
1578 947 1666 984 χω..

107 999 150 1034 V.
169 997 391 1037 ιὸδιευθὲν
417 996 462 1036 ἐν
501 998 610 1052 μέθῃ
644 993 939 1050 ταυρόκρανον.
995 997 1092 1049 μεθ’
1120 993 1276 1050 ἡμέρας
1305 997 1351 1036 δέ
1376 1011 1492 1044 τινας
1517 999 1667 1037 καθαι-

243 1059 380 1113 ρεθεις
421 1060 498 1100 τοῦ
535 1058 800 1114 οικτροτοίτου
847 1061 1004 1102 ἐκείνου
1044 1057 1272 1113 υψωματος
1310 1057 1387 1102 ὅσα
1417 1076 1486 1102 και
1520 1062 1667 1114 πτῶμα

242 1127 482 1179 θρέιιιιατος
508 1126 552 1167 ἐν
575 1125 651 1181 μία
678 1127 757 1167 τῶν
783 1127 854 1179 τῆς
881 1123 1158 1180 ἱπποδρομίας
1179 1125 1343 1177 ἁψίδων
1370 1131 1667 1182 παραρριπτεῖ-

242 1206 328 1230 ται.
395 1190 612 1245 ἐσύστερον
650 1191 697 1231 δέ
722 1204 827 1237 τινες
867 1191 1019 1245 μερίδα
1057 1191 1115 1246 τῷ
1152 1191 1252 1246 ἐλέῳ
1288 1187 1469 1239 διδόντες
1509 1191 1581 1231 καί
1607 1189 1665 1244 μή
1685 1197 1732 1238 15

242 1254 373 1296 πάντα
401 1256 459 1310 τῷ
481 1257 605 1310 θυμῷ
632 1253 924 1309 χαριζόμενοι,
954 1255 1113 1295 ἐκεῖθεν
1143 1253 1213 1295 τὸν
1239 1255 1498 1308 Ἀνδρονίκου
1527 1253 1669 1309 νεκρὸν

244 1315 483 1371 ἀνελόμενοι
526 1317 640 1374 παρά
675 1334 757 1360 τινι
796 1318 1011 1360 κατωτάτω
1047 1315 1157 1376 τόπῳ
1191 1315 1331 1359 ἔθεντο
1355 1320 1456 1373 περί
1477 1335 1555 1361 που
1594 1317 1669 1373 τήν

239 1382 414 1438 Ἐφόρου
452 1382 603 1438 μονήν,
642 1381 670 1438 ἢ
698 1381 800 1425 κατὰ
829 1381 873 1424 τὸ
893 1381 1144 1434 ’Ζεύξιππον
1174 1383 1360 1436 ἵδρυται,
1393 1382 1418 1423 ὃ
1445 1382 1517 1425 καὶ
1542 1385 1669 1425 εἰσέτι

199 1448 299 1502 Dm}
331 1451 455 1504 πάντῃ
497 1450 696 1490 διαλυθὲν
735 1449 809 1502 τῆς
849 1446 1053 1501 ἁρμονίας
1087 1453 1173 1496 τοῖς
1197 1450 1463 1523 βουλομένοις
1492 1447 1666 1490 ὄπτάνε-

241 1529 322 1566 ται.
378 1512 399 1553 ὅ
424 1511 502 1568 γὰρ
534 1510 751 1569 αμεμφὴς,
777 1510 833 1561 ὦς
861 1527 984 1569 ῳετο,
1015 1511 1067 1553 τὰ
1098 1510 1230 1553 πάιτα
1258 1529 1327 1553 και
1321 1512 1502 1562 δίκαιος
1527 1513 1664 1556 Ἰσαοὶ-
1678 1534 1731 1559 20

242 1593 325 1626 κιος
355 1577 405 1618 οὔ
434 1578 648 1620 κατένευσε
676 1579 980 1652 καθαιρεθῆναι
1008 1594 1077 1618 και
1106 1579 1222 1633 ταφῇ
1254 1578 1547 1632 παραδοθῆναι
1571 1580 1668 1621 Ἀν-

245 1641 453 1697 δρόνικον,
482 1659 507 1696 η
539 1643 821 1696 ἀπενεχθῆναι
848 1640 918 1683 τὸν
933 1641 1082 1682 τούτου
1111 1640 1253 1695 νεκρὰν
1282 1643 1340 1690 εἰς
1369 1642 1440 1683 τὸν
1464 1645 1547 1685 τῶν
1578 1643 1669 1697 αγί-

245 1723 302 1748 ων
335 1707 636 1761 τεσσαράκοντα
678 1704 799 1758 νεών,
840 1722 889 1747 ον
921 1705 1176 1761 Ἀνδρόνικος
1222 1705 1415 1761 πεποίηκε
1443 1707 1668 1763 φιλοτίμως

341 1839 368 1860 1.
392 1828 572 1874 ἀνήρτητο
596 1829 635 1862 A.
746 1826 883 1874 μέλλει]
910 1829 1012 1874 μένει
1039 1828 1079 1861 A.
1191 1838 1223 1862 2.
1246 1827 1493 1874 ἄπαιωρηθῆν
1575 1827 1667 1863 οἴνα·

335 1876 485 1919 ᾳθῆναι
512 1878 552 1909 A.
636 1875 669 1909 3.
697 1874 892 1920 ἀφήγησιν
916 1876 953 1906 Α.
1049 1875 1080 1916 4.
1107 1873 1211 1907 ἔσται
1239 1874 1258 1907 ὅ
1286 1875 1367 1908 τότε
1395 1877 1430 1907 Δ.
1571 1899 1578 1906 .
1598 1887 1667 1909 νο-

335 1920 406 1968 εῖν]
432 1921 557 1954 καλεῖν
580 1921 619 1955 A.
741 1922 791 1964 14.
815 1919 978 1978 ἁψιδων]
1017 1931 1195 1976 καμτιρων
1222 1921 1258 1952 Β.
1373 1919 1603 1967 ἀπέρριπται
1626 1924 1667 1957 Α.

344 1971 394 2002 ιδ
420 1966 587 2012 emp-‹59⁰1›
613 1967 650 2001 Β.
767 1977 821 2001 20.
848 1965 910 2013 οἷς]
938 1966 985 2003 ὥς
1013 1965 1080 2000 οὐκ
1104 1966 1144 1999 A.

248 2088 312 2111 suo
338 2076 425 2110 duas
450 2078 531 2110 illas
557 2078 759 2118 columnas,
788 2078 881 2111 intra
916 2088 1003 2122 quas
1030 2086 1222 2122 suspensus
1246 2082 1320 2117 est,
1345 2077 1456 2121 digito
1475 2084 1668 2112 monstras..

248 2135 310 2163 se,
333 2134 374 2155 ac
403 2123 534 2156 dixisse
556 2124 632 2156 fore
658 2130 698 2157 ut
738 2123 933 2168 aliquando
962 2125 1197 2156 Romanorum
1221 2124 1431 2168 imperator,
1456 2125 1567 2157 multa
1594 2126 1668 2168 pri-

248 2181 289 2203 us
317 2181 337 2201 a
359 2170 493 2214 populo
530 2181 736 2213 perpessus,
772 2171 866 2202 intra
890 2180 948 2202 eas
978 2169 1264 2214 suspenderetur.
1288 2171 1390 2202 illum
1413 2181 1496 2203 vero
1521 2181 1668 2214 respon-

249 2216 343 2249 disse
367 2216 406 2248 id
442 2215 511 2247 sibi
535 2227 608 2248 non
648 2221 903 2250 usuventurum
938 2226 1026 2248 esse.
1064 2227 1105 2248 ac
1130 2216 1213 2249 talis
1237 2217 1331 2249 vitae
1355 2216 1469 2249 exitus
1492 2218 1669 2260 oppressit

247 2261 490 2295 Andronicum
517 2262 636 2294 subito
665 2262 877 2295 destitutum
914 2267 950 2295 et
974 2262 1072 2295 velut
1100 2273 1119 2294 e
1143 2273 1265 2294 somno
1290 2268 1553 2306 experrectum,
1579 2263 1669 2295 inm-

249 2308 330 2352 gine
356 2308 432 2341 eius
458 2308 496 2340 in
521 2307 596 2352 ipsa
620 2308 707 2340 urbe
732 2308 777 2341 ad
799 2308 951 2340 nihilum
978 2307 1133 2348 redacta,
1158 2308 1231 2341 sive
1259 2309 1338 2352 quis
1362 2308 1488 2340 faciem
1513 2309 1589 2341 eius
1611 2309 1669 2342 in·

248 2354 410 2397 telligat,
437 2354 510 2386 sive
542 2359 675 2386 statuas
712 2360 748 2387 et
787 2355 943 2397 picturas
983 2354 1022 2386 in
1046 2353 1181 2387 tabulis
1206 2359 1242 2386 et
1267 2354 1476 2398 parietibus.
1501 2366 1580 2387 nam
1609 2367 1668 2388 eas

251 2411 395 2445 quoque
419 2400 544 2443 vulgus
577 2399 734 2443 perdidit
763 2400 948 2444 dissipavit
980 2405 1016 2432 et
1039 2400 1269 2439 comminuit,
1294 2411 1366 2432 nou
1391 2410 1492 2433 secus
1515 2412 1555 2434 ae
1581 2402 1668 2434 olim

250 2447 368 2480 Moses
402 2446 529 2479 hovem
559 2446 660 2477 illum
693 2457 757 2489 per
793 2446 1001 2478 ebrietatem
1040 2446 1231 2478 conflatum
1271 2446 1449 2479 contrivit.
1487 2452 1568 2490 post
1591 2447 1668 2481 dies

251 2493 392 2537 aliquot
417 2503 459 2524 ex
482 2492 554 2524 alto
578 2491 642 2523 illo
657 2491 852 2524 miserabili
878 2491 1068 2531 detractus,
1087 2492 1180 2524 etin
1204 2490 1333 2524 theatri
1355 2493 1524 2525 fornicem
1555 2505 1670 2537 quen·

252 2539 333 2573 dam
357 2543 398 2570 ut
419 2538 532 2570 bestia
575 2538 774 2582 proiectus,
811 2538 923 2570 iacuit
946 2537 1060 2570 donec
1082 2537 1227 2582 quidam
1250 2538 1472 2572 humanitate
1496 2539 1669 2580 adducti,

252 2596 318 2618 nec
349 2585 422 2617 irae
454 2584 601 2617 nimium
633 2583 881 2627 indulgentes,
923 2583 1072 2616 cadaver
1117 2584 1193 2616 eius
1227 2584 1311 2616 inde
1350 2585 1530 2618 sublatum
1570 2586 1668 2618 iuxta

254 2631 387 2675 Ephori
429 2630 706 2670 monasterium,
749 2629 846 2674 quod
883 2629 928 2662 ad
957 2630 1174 2674 Zeuxippum
1200 2636 1274 2670 est,
1303 2632 1340 2664 in
1367 2631 1520 2676 quodam
1546 2632 1669 2664 infimo

254 2678 333 2710 loco
359 2682 575 2722 posuerunt.)
599 2676 708 2721 idque
727 2687 892 2721 compage
917 2676 1075 2708 nondum
1099 2676 1242 2720 penitus
1259 2677 1434 2711 dissoluta
1449 2677 1565 2710 adhuc
1589 2689 1670 2722 spe-

255 2729 349 2757 ctare
380 2724 474 2758 licet.
507 2734 588 2757 nam
623 2723 775 2756 Isaacius
812 2723 1025 2767 imperator,
1065 2723 1221 2756 criminis
1254 2726 1377 2769 expers
1404 2729 1440 2758 et
1466 2725 1602 2763 iustus,
1629 2729 1668 2757 ut
