1878 3230
529 193 601 232 DE
639 190 854 233 isAAclo
894 187 1114 232 ANGELO
1152 191 1252 230 mn.
1291 192 1344 231 n.
1515 169 1618 225 521

187 287 322 345 ἥλιος,
362 292 433 333 καὶ
471 289 654 343 ποταμοὶ
690 292 768 342 μὲν
803 289 884 330 ὖπὸ
926 289 1092 342 ψύχους
1131 287 1357 343 ἕπησσοντο
1393 289 1464 329 καὶ
1492 283 1628 335 ἄλλως

186 357 354 412 βορείου
383 355 455 398 καί
479 359 653 411 ψυχροῦ
671 357 746 397 τοῦ
773 356 904 396 ἐκεῖσε
932 357 1132 407 κλιζιιατος
1157 349 1282 408 ὄντος,
1307 354 1414 408 χιών
1442 355 1488 395 δὲ
1514 351 1665 394 nass-B

186 439 266 478 στη
300 425 595 476 κατενεχθεῖσα
633 420 680 463 τὸ
715 421 789 475 τῆς
829 422 904 474 γῆς
930 421 1108 475 ἠφάνισε
1144 420 1391 475 πρόσωπον,
1417 420 1471 461 ου’
1499 419 1628 472 μόνον

186 487 381 544 πλήσασα
408 489 629 544 φάραγγας
656 486 762 528 α’λλὰ
791 485 863 527 καί
887 484 1024 540 θύρας
1051 487 1283 541 οἰκημάτων
1309 483 1629 540 ἐπιζυγαὶσασα,

154 553 414 609 &neos-‘hro
441 553 488 595 τό
517 552 638 608 ἔργον
653 554 715 601 εἰς
735 547 973 607 ἆνάφανσιν
991 550 1126 607 ἔαρος,
1155 550 1227 593 καὶ
1245 550 1296 607 δὴ
1316 550 1394 605 τήν
1408 553 1487 604 μὲν
1505 567 1630 604 στρα-

186 618 283 660 τιάν
311 619 559 670 αὕλιζεσθοιι
598 619 780 673 διαφῆκε
818 617 926 658 κατὰ
954 614 1033 671 τὴν
1070 617 1201 658 ἐκεῖθι
1230 617 1466 671 ἐπαρχίαν,
1499 615 1630 666 αὐτὸς

185 686 222 725 δ’
251 679 428 736 εὔζωνος
454 682 529 738 τὴν
554 685 754 736 βασιλίδα
794 681 1043 735 καταλαβών
1071 683 1246 736 διεχεῖτο
1274 683 1412 724 ἳππων
1434 681 1631 734 ἁμίλλαις

183 749 258 791 καί
291 750 508 805 θεωρείοις
548 749 759 803 ἐγάννυτο.
829 745 919 801 ἅμα
946 749 989 789 δ’
1017 742 1090 803 ἦρι
1119 749 1295 804 φανέντι
1322 745 1474 798 ἔξεισιν
1501 741 1629 795 αὖθις

183 816 257 858 καί
279 816 441 868 μέτεισι
470 813 568 865 τούς
595 813 782 864 ΛῙυσούς.
849 811 969 862 ὅλους
998 809 1074 856 οὖν
1097 817 1232 868 μῆνας
1261 819 1372 868 τρεῖς
1401 813 1628 867 ἓξηνυκώς,

123 896 171 924 ιο
183 880 256 923 καὶ
282 883 380 934 περὶ
403 879 476 935 τὴν
502 882 580 922 τοῦ
618 882 827 936 φρουρίου
858 879 1111 934 κατάσχεσιν
1140 876 1164 920 ὃ
1178 878 1387 932 Λοβιτζός
1415 880 1630 932 ἑπικὲκλη-

181 962 254 989 ται
281 950 456 989 πλεῖστα
476 946 740 1002 πεπονηκώς,
768 946 911 996 ἀτελὲς
939 947 984 988 τὸ
1018 947 1247 1002 ἐγχείρημα
1274 948 1348 987 καί
1374 944 1499 987 πάλιν
1522 944 1627 986 εἶπο-

180 1010 314 1055 λιπών
339 1014 500 1054 ἐκεῖθεν
526 1014 780 1064 μεθίσταται
807 1012 880 1054 καί
904 1010 981 1067 τήν
995 1014 1196 1065 βασιλίδα
1222 1013 1304 1054 τῶν
1324 1010 1479 1053 πόλεων
1503 1009 1628 1053 εἴσει-

179 1094 271 1120 σιν·
327 1076 373 1121 αἶ
399 1077 482 1132 γὰρ
508 1080 582 1134 τῆς
597 1080 891 1134 Προποντίδος
918 1075 1089 1133 χάριτες
1120 1079 1193 1120 καί
1222 1076 1274 1120 τά
1306 1078 1507 1133 ἐπιτερπῆ
1537 1081 1664 1122 xar'c

181 1142 313 1199 αὐτὴν
344 1145 594 1200 σκηνώματα
621 1142 672 1187 τά
703 1160 747 1187 τε
775 1147 996 1199 κυνηγέσια
1036 1142 1110 1186 καί
1134 1142 1341 1197 inanima,
1370 1144 1627 1186 ἁλυσιδοῦν-

122 1213 169 1254 ι5
182 1225 235 1251 τα
272 1206 362 1252 οἷον
398 1208 499 1259 τούς
539 1211 584 1258 ἔς
610 1209 724 1264 ἡμᾶς
753 1209 1093 1264 αὐτοκράτορας,
1135 1210 1212 1251 οὔκ
1240 1207 1338 1251 εἴων
1365 1210 1438 1252 ἐπὶ
1460 1207 1626 1264 μακρὸν

179 1279 427 1330 θυραυλεῖν,
466 1277 557 1319 ἀλλ’
579 1277 637 1326 ὥς
670 1276 934 1332 ῥιψάσπιδας
970 1277 1211 1330 γινομένους
1240 1273 1410 1317 ἔπειθον
1438 1275 1626 1327 αιῖτομο-

180 1345 266 1384 λεῖν
296 1343 357 1391 εἰς
382 1341 508 1385 αὕτα.
565 1341 659 1385 τότε
687 1344 735 1384 δὲ
760 1341 834 1384 καί
856 1341 930 1397 τὴν
960 1345 1036 1384 τοῦ
1060 1342 1190 1385 Ἀσάν
1215 1346 1391 1396 γυναῖκα
1421 1345 1624 1395 κατέσχεν

179 1407 203 1448 ὁ
233 1409 459 1462 βασιλεύς,
494 1406 568 1450 καὶ
605 1406 678 1451 τὸν
707 1407 895 1464 α’δελφὸν
933 1409 1070 1450 αὐτοῦ
1107 1406 1287 1464 θάτερον
1324 1406 1398 1449 τὸν
1429 1406 1625 1462 Ἰωάννην
1638 1416 1763 1453 Van>

180 1474 240 1522 εἷς
267 1469 423 1529 ὅμηρον
452 1472 639 1530 εἰληφεν.
698 1472 807 1516 α’λλά
839 1475 912 1516 καί
938 1469 1073 1524 οὕτως
1098 1472 1173 1517 ε’πὶ
1195 1471 1248 1517 τοὶ
1276 1475 1406 1529 χείρω
1433 1472 1486 1515 τιὶ
1518 1474 1627 1528 πρά-

117 1554 169 1580 20
179 1555 316 1594 γματα
333 1537 576 1595 προύβαινε.

230 1604 240 1619 “’
290 1621 328 1646 2.
385 1604 512 1647 Κατὰ
543 1606 591 1647 δὲ
616 1604 686 1647 τὸν
722 1603 866 1660 καιρὸν
893 1606 1044 1647 τοῦτον
1073 1606 1290 1660 τυραννίδι
1318 1605 1626 1659 ἐπικεχείρηκεν

180 1667 203 1708 ὅ
229 1668 522 1725 Φιλαδελφεύς
552 1671 773 1725 Θεόδωρος
801 1667 823 1710 ὅ
853 1671 1117 1726 Μαγκαφᾶς.
1194 1672 1267 1712 καί
1291 1668 1343 1711 τοὶ
1373 1672 1451 1722 μὲν
1479 1671 1626 1724 πρῶτα

180 1733 228 1776 τὸ
270 1737 342 1790 τῆς
385 1733 544 1785 πόλεως
570 1733 725 1790 ταύτης
752 1737 966 1790 α’γελαῖον,
1003 1735 1392 1791 πολυανδρούμενον
1414 1731 1461 1776 ὂν
1485 1734 1627 1790 θρασύ

275 1858 306 1892 7.
332 1846 509 1895 διεχεῖτο]
537 1848 590 1886 εἰς
614 1848 857 1895 ἐγκράσματα
881 1847 1029 1893 α’λόγων
1052 1847 1181 1893 ἔχαιρε
1209 1848 1245 1881 Β.
1341 1850 1373 1883 8.
1398 1841 1526 1894 αὖθις]
1553 1846 1626 1880 πιὶ-

276 1895 338 1928 λιν
363 1896 403 1929 Α.
489 1906 537 1929 ιο.
566 1896 741 1937 κέκληται
767 1896 807 1930 Α.
880 1907 935 1929 20.
965 1894 1200 1939 προύβαινον
1223 1896 1262 1929 Δ.
1331 1905 1386 1928 22.
1410 1897 1626 1940 μαγγαφᾶς

271 1941 338 1974 AB.
437 1943 493 1977 23.
520 1940 564 1977 ὂν
590 1943 654 1975 καὶ
678 1940 922 1988 θρασύτατον
945 1940 1063 1976 ἱαυτιῦ
1092 1942 1132 1975 Α.

182 2053 362 2093 instabat,
388 2057 425 2086 et
447 2054 596 2087 flumina
630 2054 684 2100 (in
709 2054 830 2099 gelido
867 2054 932 2087 illo
958 2059 995 2088 et
1020 2055 1297 2100 septentrionali
1324 2054 1535 2100 praesertim
1561 2054 1626 2087 cli-

182 2101 292 2146 mate)
324 2100 583 2143 congelabant,
623 2107 660 2134 et
689 2101 924 2134 densissimae
958 2102 1058 2135 nives
1083 2113 1157 2135 non
1183 2102 1299 2135 solum
1328 2107 1460 2134 terram
1483 2102 1627 2148 operie-

182 2146 272 2179 bant
299 2152 336 2179 et
358 2147 469 2180 valles
497 2147 692 2192 explebant
717 2148 780 2181 sed
809 2147 954 2181 aedium
979 2159 1126 2193 quoque
1151 2148 1244 2181 sores
1260 2147 1516 2189 obstruebant,
1544 2160 1628 2181 eum

182 2199 348 2226 conatum
375 2194 413 2226 in
438 2205 587 2227 vernum
612 2200 755 2239 tempus
775 2195 930 2234 distulit,
958 2200 995 2228 et
1022 2195 1182 2228 exercitu
1206 2195 1245 2228 in
1270 2195 1335 2227 illa
1359 2195 1543 2239 provincia
1568 2194 1627 2227 hi-

182 2239 334 2272 bernare
357 2240 471 2281 iusso,
500 2252 581 2274 cum
604 2242 784 2286 expeditis
808 2242 846 2274 in
871 2241 996 2274 urbem
1028 2252 1189 2275 reversus
1211 2241 1308 2274 ludis
1337 2241 1564 2274 Circensibus
1590 2247 1628 2275 et

183 2286 397 2330 spectaculis
422 2287 581 2320 animum
610 2289 793 2321 recreavit.
817 2289 910 2321 veris
926 2288 1033 2322 initio
1062 2300 1182 2322 rursus
1208 2294 1333 2321 contra
1361 2288 1482 2331 Mysos
1509 2299 1625 2331 egres-

184 2344 266 2373 sus,
305 2338 342 2366 et
365 2333 481 2366 tribus
508 2334 655 2378 integris
679 2334 863 2368 mensibus
893 2335 931 2367 iu
956 2334 1147 2368 obsidione
1180 2334 1306 2367 Lobizi
1330 2335 1470 2368 castelli
1494 2335 1626 2368 frustm

184 2390 263 2411 cum
287 2380 442 2412 maximo
470 2380 596 2414 labore
620 2381 861 2426 consumptis,
885 2380 1019 2415 insecta
1055 2392 1092 2414 re
1120 2381 1265 2414 domum
1292 2381 1411 2414 rediit.
1436 2393 1516 2414 nam
1541 2382 1626 2414 Pro-

183 2425 344 2470 pontidis
369 2427 580 2468 amoenitas,
608 2428 818 2460 suavissima
844 2427 1052 2468 diversoria,
1077 2428 1287 2461 venationes
1306 2433 1342 2461 et
1367 2428 1626 2472 equitationes,

184 2481 280 2515 quae
316 2472 417 2505 velut
451 2474 587 2506 catenis
624 2475 869 2518 constringere
901 2475 1021 2508 solent
1043 2480 1187 2508 nostrae
1212 2474 1341 2507 aetatis
1369 2475 1625 2519 imperatores,

185 2528 260 2550 non
283 2516 346 2550 «liu
370 2529 450 2552 eum
476 2520 543 2553 sub
571 2520 631 2553 dio
662 2532 739 2554 esse
758 2521 944 2561 sinebant,
984 2520 1047 2554 sed
1071 2522 1185 2554 veluti
1211 2521 1328 2566 clipeo
1353 2521 1496 2553 abiecto
1520 2519 1623 2553 aufu-

186 2574 269 2605 gere
293 2563 477 2607 cogebant.
502 2567 570 2600 etsi
598 2572 718 2600 autem
743 2574 780 2601 et
807 2568 933 2602 Asanis
968 2578 1114 2601 uxorem
1143 2573 1288 2612 ceperat
1313 2572 1349 2600 et
1371 2567 1516 2600 fratrem
1546 2566 1624 2598 eius

186 2609 384 2689 {ohannem
417 2611 580 2646 obsidem
617 2620 824 2659 receperat,
856 2613 1093 2648 nihilominus
1117 2619 1239 2648 tamen
1264 2625 1319 2647 res
1345 2614 1383 2647 in
1406 2613 1510 2658 peius
1541 2622 1621 2645 rue-

215 2660 288 2689 ant.

281 2712 311 2734 2.
361 2701 434 2735 Sub
467 2703 536 2737 hoc
571 2711 712 2751 tempus
745 2706 960 2740 Theodorus
994 2707 1232 2752 Mangwhas,
1273 2703 1619 2748 philadelphiensis,

189 2759 336 2794 [egnum
371 2750 570 2795 affectavit,
603 2763 646 2788 ae
679 2752 833 2798 primum
872 2754 947 2787 eius
985 2753 1084 2786 urbis
1127 2753 1437 2799 frequentissimae
1475 2749 1619 2796 plebem
