1838 3210
826 141 961 182 FABR
968 139 1057 180 ΟΤΙ

237 255 378 293 gnatus.
427 243 610 278 Manuclis
628 251 738 287 gener
765 239 979 273 Pannoniae
1008 249 1153 284 regnum
1178 245 1352 284 occupat,
1376 246 1409 273 et
1435 238 1659 274 marchionis

236 290 507 336 Montisfhrrati
537 288 626 334 silio
657 286 816 320 Mariam
841 284 961 330 filiam
1001 284 1065 319 dat
1091 295 1235 319 uxorem
1257 285 1323 326 (8).
1371 285 1555 319 Manuelis
1577 296 1654 320 cum

239 341 381 373 Venetis
406 337 689 370 controversiae,
716 331 842 363 bellum
870 338 901 363 ct
927 341 1000 376 pax
1022 332 1165 365 sancita
1193 331 1255 374 (9).

329 384 399 415 [ηε.
426 382 484 412 VI.
533 380 718 413 Sullanum
744 377 923 409 Persicum
950 376 1102 410 Manuel
1133 375 1277 410 adoriri
1300 375 1510 416 constitnit,
1537 376 1656 418 Dory·-

239 432 320 464 laeo
355 438 387 461 et
413 427 538 460 Subleo
575 423 818 456 instauratis:
856 433 892 456 se
917 421 966 455 acl
988 422 1114 456 Bellum
1138 430 1259 468 aperte
1282 422 1441 465 accingit
1465 422 1526 466 (ι).
1575 424 1657 456 Ma·-

239 476 323 509 nuel
343 481 461 520 spreta
483 471 623 503 sultani
645 479 768 513 pacem
791 469 943 512 petentis
961 468 1141 513 legatione
1164 467 1352 513 superbiae
1375 478 1462 500 suae
1487 468 1551 501 dat
1574 478 1658 513 poe-

238 533 331 559 nas,
375 518 601 551 temerarium
636 514 708 547 iter
731 514 938 557 ingressum
962 514 1001 546 in
1026 525 1095 561 quo
1119 514 1259 558 insigni
1285 512 1387 548 clade
1411 513 1576 559 afficitur
1598 513 1659 558 (τι).

241 566 427 610 Capitalia
464 561 650 595 Mannelis
684 559 868 605 pericula,
911 570 1002 605 quae
1027 570 1132 604 aegre
1163 571 1203 592 su
1230 567 1334 599 erat,
1370 560 1491 592 multis
1513 570 1660 593 suorum

239 610 396 645 millibus
418 616 451 640 et
477 606 732 639 illustrissimis
760 605 958 651 quil-usque
998 606 1162 649 cognatis
1213 604 1402 638 esideratis
1425 606 1486 650 (3).
1542 616 1660 638 novae

241 655 389 693 caedes,
415 664 459 686 ex
479 652 608 699 quibus
632 652 774 696 elapsus
798 651 948 684 Manuel
982 659 1014 684 et
1040 649 1089 683 ad
1109 649 1267 693 legiones
1292 649 1463 684 accedens
1482 651 1671 685 conviciis.

240 699 482 736 acerbissimis
505 698 703 743 pungitur,
743 707 835 743 quae
857 697 1014 740 patienti
1036 696 1179 728 silentio
1206 695 1327 730 obruit
1349 697 1412 741 (4).
1458 697 1663 741 Ignavissi-

242 758 332 780 mum
359 744 543 778 Manuclis
566 742 609 776 de
635 741 864 776 clandestina
885 741 980 788 fuga
1005 741 1193 775 consilium
1218 753 1240 773 a
1263 743 1433 785 gregario
1458 743 1571 776 milite
1598 754 1663 776 ar·-

241 794 376 838 guitur.
402 791 567 823 sultanus
590 789 687 822 ultro
706 789 874 822 Manueli
897 796 1020 831 pacem
1044 785 1169 831 offert3
1196 786 1288 819 ande
1314 789 1534 822 Graecorum
1560 798 1663 821 exer·

244 838 336 872 citui
359 837 469 869 salus.
525 836 675 869 Nicctae
698 833 742 866 de
766 833 903 864 somnio
929 832 1112 866 Manuelis
1135 840 1169 864 et
1191 834 1405 878 Mauropuli
1431 842 1516 867 ante
1540 833 1666 878 infili-

243 883 422 916 cissimam
446 881 546 914 illam
571 890 727 925 pugnam
760 877 928 911 narratio
953 877 1017 920 (5).
1064 878 1157 911 Pace
1184 880 1326 911 sancita
1353 881 1510 912 Graecos
1533 879 1664 913 Persae

244 927 479 962 nihilominus
505 925 690 969 infestant.
738 923 906 956 Manueli
937 921 1210 956 condicionibus
1233 925 1335 967 pacis
1359 924 1459 958 haud
1479 925 1665 971 satisfaci-

245 976 322 1008 enti
343 973 510 1005 sultanus
524 971 652 1004 bellum
666 969 776 1015 insert
802 969 862 1013 (6).
911 969 1064 1002 Illanuel
1075 981 1140 1014 per
1152 969 1290 1012 legatos
1313 970 1452 1003 sultani
1473 971 1667 1004 exercitum

245 1017 383 1067 praeda
406 1025 570 1051 onustum
596 1015 714 1049 caedit
740 1023 772 1048 et
807 1014 855 1048 acl
880 1015 1158 1047 internecionem
1179 1014 1271 1048 delet
1296 1015 1356 1059 (7).
1405 1017 1490 1049 Alia
1513 1017 1668 1049 Manae-

247 1067 293 1098 lis
335 1063 512 1108 expeditio
538 1064 578 1095 in
601 1063 729 1095 Persas
756 1072 833 1094 cum
867 1060 1010 1106 infilici
1042 1069 1181 1094 eventu.
1231 1061 1341 1095 Turci
1366 1061 1622 1107 Claudiopolim
1644 1072 1668 1095 a

249 1110 417 1145 Manuele
470 1116 640 1142 retectam
659 1108 805 1151 frustra
826 1113 1034 1151 oppugnant
1059 1106 1122 1150 (8).

343 1156 403 1188 Lm
471 1155 514 1186 ΙΙ.
562 1154 745 1188 Manuelis
774 1154 815 1185 in
840 1151 1062 1186 Fridericum
1089 1152 1276 1186 Caesarem
1301 1159 1334 1185 et
1349 1151 1577 1186 Occidentale
1605 1153 1670 1187 im-

250 1202 388 1249 perium
413 1199 560 1234 dolosae
578 1208 684 1233 artes.
732 1200 902 1232 Anconae
927 1197 1064 1231 obsidio
1089 1207 1122 1231 et
1142 1200 1386 1244 propugnatio
1412 1199 1473 1243 (1).
1521 1200 1670 1233 Nicetae

252 1249 295 1282 de
323 1247 506 1281 Manuelis
534 1245 690 1279 consilio
714 1242 898 1278 iudicium.
946 1245 1130 1277 Manuelis
1156 1245 1367 1290 rapacitas,
1390 1245 1618 1290 profusiones
1636 1253 1671 1279 et

253 1293 460 1328 inconsulta
497 1292 537 1324 in
564 1293 707 1336 ignotos
733 1290 980 1324 benevolentia
994 1303 1008 1332 ,-
1047 1289 1141 1323 unde
1163 1291 1318 1325 maxima
1345 1291 1401 1323 rei
1423 1291 1591 1335 publicae
1613 1291 1670 1325 la-

256 1341 314 1372 !,es
338 1338 404 1383 (2).
452 1337 632 1381 Aedificia
655 1345 689 1370 et
710 1337 815 1370 luxus
833 1335 1016 1371 Manuelis
1027 1361 1041 1376 ,
1071 1337 1264 1369 austeritas
1296 1336 1378 1372 item
1402 1336 1444 1368 in
1466 1335 1672 1376 monachos,

256 1396 344 1430 quos
363 1382 412 1416 ad
433 1382 643 1428 rigidiorem
669 1383 829 1415 instituti
841 1383 899 1415 sui
922 1381 1175 1427 professionem
1199 1390 1348 1415 revocat
1372 1383 1433 1424 (3).
1480 1383 1674 1427 Negligen-

257 1435 312 1464 tia
351 1428 505 1463 eiusdem
528 1430 629 1463 circa
667 1427 899 1474 disciplinam
921 1428 1099 1466 militum,
1134 1439 1222 1474 quos
1246 1427 1360 1461 nimia
1385 1428 1534 1462 licentia
1558 1426 1678 1462 reddis

259 1475 468 1510 deterrimos
491 1475 555 1518 (4).
602 1475 696 1508 Aula
720 1482 755 1507 et
777 1474 909 1508 militia
931 1474 1150 1519 perturbatis
1176 1475 1332 1507 animum
1349 1475 1486 1507 curiose
1504 1473 1554 1507 ad
1577 1473 1677 1508 theo-

262 1522 396 1566 logiam
422 1532 468 1566 ap
495 1521 606 1560 licat,
640 1519 683 1553 de
713 1521 920 1565 praecipuis
957 1518 1147 1552 doctrinae
1174 1519 1404 1552 Christianae
1430 1520 1602 1554 articulis
1625 1528 1678 1553 te-

262 1567 416 1609 merarie
473 1566 624 1612 eflniens
648 1565 710 1611 (5).
768 1566 914 1599 Insanit
943 1564 1070 1602 deinde
1109 1567 1209 1598 circa
1247 1565 1481 1599 ,Machametis
1513 1565 1680 1611 blasphe-

263 1615 381 1652 mias,
421 1624 514 1659 quas
544 1611 660 1646 doctis
693 1620 727 1644 et
756 1612 828 1656 piis
850 1611 944 1644 viris
981 1612 1220 1655 nequicquam
1260 1611 1538 1644 reclamantibus
1563 1611 1680 1644 edicto

265 1658 457 1704 confirmat
481 1657 541 1702 (6).
587 1657 640 1690 De
664 1658 846 1690 Manuelis
872 1657 1022 1690 interitu
1047 1657 1277 1702 praesagium
1302 1657 1495 1690 observatu
1523 1655 1679 1701 dignum.

266 1706 305 1737 in
329 1704 527 1737 monastico
552 1703 699 1741 habitu,
725 1702 770 1736 ab
798 1703 992 1746 astrologis
1017 1701 1265 1743 dementatus,
1301 1703 1463 1737 moritur.
1486 1714 1682 1743 successor,

267 1750 410 1796 imperii
432 1757 589 1794 tempus,
607 1756 639 1782 et
663 1749 847 1794 sepultura
873 1746 1026 1782 eiusdem
1052 1748 1113 1793 (7).

375 1869 459 1911 DE
494 1869 747 1909 ALEXIO
794 1869 1101 1910 COMNENO
1149 1869 1485 1909 MANUELIS
1525 1869 1574 1908 F.

364 1976 520 2011 Puerilis
544 1984 644 2010 aetas
667 1977 788 2011 Alexii
803 2003 813 2015 ,
851 1977 1037 2010 Manuelis
1066 1976 1144 2022 filii
1166 1985 1200 2009 et
1225 1977 1461 2016 successoris,
1485 1976 1687 2010 aulicorum

274 2025 354 2058 i'em
389 2022 597 2067 improbitas
641 2023 826 2064 imperium
861 2024 1077 2055 Graecorum
1111 2021 1305 2068 pessundat
1340 2023 1402 2068 (1).
1459 2021 1689 2056 Andronicus

277 2071 498 2107 Comnenus,
531 2070 751 2113 sequentium
791 2068 1060 2112 tragoediarum
1089 2079 1175 2113 pars
1198 2069 1375 2108 maxima,
1414 2080 1490 2101 cum
1517 2069 1689 2102 Manuale

277 2114 532 2148 reconciliatus
557 2115 733 2147 Oenaeum
758 2114 968 2158 ablegatur,
993 2115 1090 2147 utin
1113 2115 1186 2146 otio
1209 2123 1289 2159 post
1311 2114 1534 2160 longinquos
1547 2125 1690 2149 errore-5

277 2173 312 2193 se
340 2167 520 2193 recrearet
542 2159 607 2203 (2).
665 2161 708 2193 In
733 2159 928 2193 solitudine
963 2172 1029 2192 sua
1054 2159 1283 2192 Andronicus
1321 2161 1464 2205 imperii
1487 2159 1690 2205 occupandi

278 2205 377 2240 cudit
404 2206 558 2238 consilia
577 2205 639 2249 (3).
686 2207 811 2238 Maria
846 2206 1077 2245 Caesarissa,
1106 2206 1226 2238 Alexii
1245 2206 1351 2250 pueri
1373 2208 1604 2251 imperatoris
1627 2218 1692 2239 so·-

278 2264 361 2291 ror,
390 2252 510 2284 Alexii
538 2251 796 2296 protosebasti,
820 2253 886 2297 qui
912 2252 951 2284 in
984 2252 1071 2284 aula
1099 2263 1216 2284 rerum
1242 2251 1470 2297 potiebatur,
1493 2254 1691 2295 potentiam

279 2308 384 2341 aegre
398 2298 526 2343 serens
551 2297 836 2330 coniurationem
863 2298 931 2329 init
958 2296 1018 2339 (4).
1069 2297 1228 2330 Consilio
1255 2309 1319 2329 suo
1340 2298 1522 2339 frustrata
1545 2297 1692 2331 seditio·

277 2355 356 2377 nem
381 2344 556 2382 concitat,
580 2344 775 2385 Byzantini
788 2344 913 2388 populi
923 2343 1062 2387 favore
1087 2341 1214 2376 adiuta
1240 2344 1302 2384 (5).
1349 2342 1545 2376 Seditionis
1571 2355 1593 2376 a
1609 2345 1692 2377 Ma-

280 2390 338 2423 ria
363 2390 565 2422 concitatae
590 2388 978 2433 effecta.protosebasti
1005 2397 1163 2421 conatus.
1181 2400 1302 2433 pugna
1323 2397 1470 2422 cruenta
1498 2387 1560 2432 (6).
1606 2390 1691 2423 Ma-

280 2437 359 2469 riae
393 2436 545 2468 maritus
578 2446 661 2467 suos
694 2434 744 2467 ad
763 2447 918 2479 pugnam
948 2433 1226 2468 instaurandam
1256 2433 1449 2473 hortatur,
1474 2443 1507 2468 et
1530 2433 1694 2479 impetum

270 2481 371 2526 facit
399 2481 439 2512 in
474 2480 715 2525 protosebasti
750 2481 889 2514 milites.
917 2480 1150 2524 patriarchae
1174 2479 1356 2513 Theodori
1381 2481 1598 2514 auctoritate
1619 2492 1695 2523 pax

282 2527 487 2559 restituitur
511 2526 572 2569 (7).
629 2527 869 2570 Ignominiosi
892 2526 998 2558 huius
1029 2526 1113 2559 belli
1136 2525 1336 2559 detestatio.
1359 2525 1575 2570 patriarcha
1600 2525 1695 2559 dolis

279 2572 518 2617 protosebasti
541 2573 621 2604 loco
644 2580 822 2612 movetur,
848 2580 880 2605 et
895 2572 1006 2616 paulo
1031 2580 1110 2616 post
1127 2572 1331 2604 restituitur
1355 2571 1416 2614 (8).
1467 2571 1696 2605 Andronicus

284 2626 404 2662 aperte
428 2617 614 2663 imperium
640 2617 795 2663 affectat.
821 2617 1085 2663 protosebastus
1109 2617 1348 2662 imperatricis
1360 2617 1501 2662 favore
1528 2617 1695 2656 innixus,

283 2675 373 2707 quos
388 2671 422 2696 et
434 2664 562 2710 quibus
575 2671 689 2708 potest
703 2663 813 2697 modis
826 2665 895 2697 sibi
906 2664 1079 2696 conciliat
1094 2671 1126 2696 ct
1139 2662 1346 2696 Andronico
1360 2662 1476 2696 reddit
1487 2661 1699 2697 adversari—

282 2720 332 2743 os.
357 2708 586 2745 Andronicus
605 2718 719 2743 autem
741 2711 881 2746 viribus
899 2709 998 2744 haud
1020 2707 1212 2745 destitutus
1242 2710 1281 2746 in
1299 2709 1464 2744 instituto
1487 2709 1605 2754 pergit
1630 2708 1695 2754 (9).
