1878 3230
305 188 375 228 m:
415 185 611 228 Auzxm
655 183 850 228 isAAcu
893 183 1090 225 ANGEm
1130 184 1412 226 FR.L113.11.
1492 164 1604 221 653

171 287 288 340 μάλα
316 302 360 327 τε
389 284 484 333 τοὺς
514 283 660 338 λόγους
688 282 976 338 α’ποτορνεύειν
1004 282 1126 332 εἰδώς
1146 285 1219 325 καί
1243 282 1521 338 ἀπομηκύνειν
1547 283 1608 331 εἰς

173 350 394 407 περιόδους
427 351 678 405 ῥητορικῶς·
733 348 755 390 ὃ
783 347 1004 403 Εἰρηνικὸς
1034 343 1086 402 ἦν
1115 343 1237 397 οὗτος
1267 348 1506 403 Θεόδωρος,
1535 348 1610 388 καὶ

171 423 374 471 παρεῖχεν
412 413 566 457 ἑαυτὸν
591 421 677 463 τοῖς
712 415 816 455 πᾶσι
852 413 1121 468 κατάλληλον.
1178 414 1445 464 συνέζευκται
1476 413 1525 454 δέ
1542 428 1608 461 τις

171 483 313 539 ἐκείνῳ
343 480 415 523 καί
456 482 538 521 τῶν
574 477 708 521 πόνων
736 477 1072 531 συνελαμβάνετο
1101 480 1431 534 φιλοχρηματῶν
1456 477 1608 526 ἱκανῶς

131 547 243 589 5καί
270 546 375 601 βηχί
410 551 583 598 συνεχεῖ
613 543 802 597 κάτοχος.
869 542 1104 598 α’μφότεροι
1148 540 1224 585 οὖν
1263 549 1357 592 ταῖς
1383 546 1610 593 πολιτικαῖς

169 613 426 654 ἐπεστάτουν
458 607 648 663 πράξεσι.
717 607 824 662 πλην
858 605 904 649 τὸ
951 609 1029 648 τοῦ
1067 611 1420 660 Μεσοποταμίτου
1457 609 1609 660 πτῶμα

167 678 375 732 μηδαμῶς
416 678 460 718 ἐν
501 676 650 728 γέλωτι
676 671 860 726 ἔχοντες,
900 670 1007 714 ἄλλα
1037 671 1108 714 διιὲ
1138 671 1295 721 παντὸς
1326 673 1610 728 προορώμενοι

169 744 241 784 καί
264 741 308 784 τὸ
338 741 412 783 τοῦ
439 739 615 794 κράτους
645 734 816 779 εὔκολον
838 737 1103 794 ὑφορώμενοι
1130 739 1206 779 ου’κ
1232 732 1373 793 ὅρθιοι
1391 740 1465 780 καί
1490 738 1607 780 οἷκλι-

167 813 273 860 νεῖς,
306 805 363 855 ὥς
400 805 439 846 οἱ
475 803 727 859 ἄκράδαντοι
763 805 845 845 τῶν
876 803 1080 855 ἱπποτῶν,
1118 802 1223 845 κατά
1250 818 1296 845 τε
1339 805 1511 858 πρανῶν
1535 804 1608 846 καί
1619 810 1652 843 P.
1677 810 1748 855 319

109 887 156 914 ιο
169 871 328 927 ὀρθίων
355 872 577 927 ἐφέροντο,
608 867 716 910 cinci
765 867 812 909 τὸ
844 869 1100 910 δυναστεῦον
1120 868 1445 921 ὗποποιούμενοι
1471 870 1608 924 α’νεῖρ-

166 937 240 992 γόν
270 952 315 979 τε
339 937 413 978 καί
438 934 707 988 ἄνεσείραζον
736 933 809 975 ἀεὶ
830 931 908 988 τὴν
944 931 1096 987 ἰσχύν,
1126 936 1199 976 καί
1223 933 1355 977 πολλὰ
1385 935 1468 976 ταῖν
1496 934 1609 976 δεόν-

167 1017 250 1044 των
278 1002 535 1056 παρέτρεχον
559 997 637 1055 τήν
669 997 880 1052 ἀπόβασιν
909 998 1228 1052 ειῖλαβούμενοι.

277 1068 318 1109 5.
369 1066 436 1107 Ἐν
463 1065 628 1113 τούτοις
653 1065 731 1116 μὲν
760 1058 835 1106 οὖν
855 1062 928 1104 καί
952 1061 1160 1113 τοιούτοις
1189 1063 1494 1120 παραπλησίοις
1524 1067 1609 1107 ἔνι-

168 1129 290 1180 αυτὸς
317 1128 470 1182 ἐξίκετο
499 1129 638 1184 τρίτος
664 1124 837 1183 ἄρχοντι
859 1128 1077 1181 Ῥωμαίων
1102 1125 1274 1186 Ἀλεξίιρ
1303 1130 1361 1186 τῷ
1386 1132 1606 1186 Κομνηνῷ,

108 1195 219 1240 ιότά
256 1199 295 1238 δ’
339 1196 490 1251 ἐφεξῆς
521 1189 645 1236 οὐδὲν
687 1190 1012 1236 ἀντιστατοῦντα
1039 1198 1125 1243 τοῖς
1154 1196 1373 1249 προτέροις
1394 1211 1404 1221 ·
1463 1196 1610 1236 δίαιτα

166 1261 247 1317 γὰρ
279 1255 330 1316 ἦν
356 1260 383 1316 ἧ
411 1257 515 1314 αὖτῆ
563 1257 636 1300 καί
661 1257 786 1300 πάλιν
813 1260 887 1300 καί
910 1259 1002 1311 βίος
1032 1256 1222 1314 χαλαρός
1249 1261 1324 1300 καί
1350 1260 1610 1314 ἔξημβλυμέ-

165 1342 235 1369 νον
258 1324 458 1382 φρόνημα
485 1320 563 1366 ἆεί.
618 1320 714 1365 τότε
742 1324 789 1365 δὲ
805 1324 878 1365 καί
892 1323 938 1365 αἱ
963 1324 1173 1378 εἰρηνικαὶ
1196 1325 1379 1366 σπονδαὶ
1405 1325 1607 1380 παρωρά-

165 1388 305 1446 θησάν
332 1406 377 1433 τε
407 1388 480 1432 καί
503 1391 790 1444 συνεχέθησαν
834 1385 886 1437 ἃς
914 1383 1001 1442 εἶχε
1027 1386 1228 1441 βασιλεῦς
1257 1389 1473 1438 ἐκτελέσας
1500 1390 1606 1442 μετὰ

168 1456 345 1512 Πέρσου
382 1457 460 1497 τοῦ
503 1456 712 1503 διέποντος
750 1453 797 1495 τὸ
827 1453 1000 1496 Ἰκόνιον.
1057 1453 1082 1495 ὅ
1107 1456 1186 1506 μὲν
1217 1452 1299 1508 γάρ
1331 1454 1607 1510 Καϊχοσρόης

104 1537 156 1563 20
171 1523 315 1578 (τοῦτο
358 1520 438 1576 γάρ
459 1514 510 1576 ἦν
552 1516 682 1574 ὄνομα
716 1521 778 1576 τῷ
801 1518 1024 1577 βαρβάρῳ)
1068 1519 1144 1560 δύο
1162 1514 1353 1574 ’Ἄραβας
1380 1520 1535 1568 ἵππους
1560 1521 1647 1561 ἐκΒ

167 1588 243 1629 τοῦ
285 1585 466 1628 σουλτάν
504 1588 580 1640 τῆς
622 1587 711 1627 κατ’
750 1584 969 1638 Αἴγυπτον
1006 1584 1319 1638 Ἀλεξανδρείας
1355 1586 1412 1640 τῷ
1439 1587 1610 1637 βασιλεῖ

168 1654 464 1705 στελλομένους
501 1651 709 1707 α’φείλετο.
782 1651 920 1691 τοίνυν
964 1650 1038 1689 καί
1062 1649 1227 1705 θατέρῳ
1248 1647 1403 1691 τούτων
1428 1648 1472 1691 τὸ
1504 1650 1604 1702 γόνυ

259 1780 293 1813 6.
315 1773 414 1826 πλὴν
436 1776 492 1824 τὸ]
521 1776 621 1823 ὅμως
644 1774 685 1811 τὸ
711 1776 778 1812 τοῦ
799 1776 885 1823 μεσ.’
907 1777 1062 1821 γελοῖον
1087 1774 1223 1822 πτῶμα
1247 1776 1300 1814 εἰς
1326 1776 1420 1811 νοῦν
1442 1776 1602 1820 ἔχοντες,

263 1827 329 1858 καὶ
359 1827 421 1858 οἱα
443 1825 585 1862 ἐκεῖνος
618 1824 740 1858 ἔπαθε
762 1824 847 1856 καθ’
872 1822 1015 1868 ἡμέραν
1042 1821 1258 1865 βλέποντες,
1295 1823 1365 1855 οὐκ
1393 1822 1517 1866 ὀρθῶς
1541 1827 1606 1856 καὶ

262 1870 416 1908 δικαίως
444 1870 685 1916 ἐπορεύοντο,
709 1863 803 1903 α’λλᾶ
822 1864 910 1906 τοὺς
932 1868 1108 1908 ἐνδόξους
1129 1870 1192 1901 καὶ
1205 1869 1469 1914 περιβλέπτους
1484 1880 1605 1915 προσ-

261 1919 408 1963 έχοντες
442 1916 503 1950 αἐί
539 1926 630 1952 ποτε
667 1915 988 1962 ἐνεδυναμοῦντο,
1026 1915 1091 1948 καὶ
1125 1910 1243 1949 πολλὰ
1275 1914 1350 1950 τῶν
1379 1915 1605 1960 πρεπόντων

261 1965 493 2008 παρέτρεχον
517 1966 580 1996 καὶ
602 1963 855 2007 παρέβλεπον,
892 1955 932 1996 τό
968 1962 1105 2007 μέλλον
1127 1961 1356 2000 σκοποῦντες
1380 1965 1443 1996 καὶ
1470 1956 1540 2005 τήν
1562 1963 1604 1996 ἐκ

261 2009 397 2045 τούτου
422 2008 628 2053 κατάβασιν
652 2010 691 2044 Β.

170 2130 213 2152 ac
235 2119 356 2164 potius
381 2118 552 2162 eloquens
567 2142 576 2157 ‚
605 2117 818 2150 Theodorus
846 2116 1027 2155 Irenicus,
1052 2116 1116 2160 qui
1142 2126 1179 2148 se
1203 2127 1337 2148 comem
1375 2127 1455 2160 erga
1480 2127 1602 2150 omnes

170 2165 346 2211 praebuit.
369 2164 505 2208 collega
531 2164 564 2196 ei
590 2163 780 2196 adiunctus
818 2168 874 2195 est
907 2163 1019 2202 alius,
1044 2162 1089 2194 ab
1123 2163 1272 2195 avaritia
1300 2173 1373 2195 non
1399 2164 1539 2196 alienus
1565 2169 1603 2196 et

171 2217 344 2257 perpetua
358 2211 447 2244 tussi
461 2210 639 2243 laborans.
654 2211 716 2254 qui
737 2208 841 2242 ambo
857 2208 1013 2253 publicis
1027 2209 1237 2241 muneribus
1256 2210 1422 2253 occupati
1435 2209 1603 2254 Mesopo-

171 2259 337 2292 tamitani
362 2268 482 2290 casum
504 2267 577 2289 non
601 2255 825 2296 deridebant,
849 2255 912 2288 sed
924 2260 1098 2299 perpetuo
1113 2254 1159 2287 ob
1177 2256 1300 2288 oculos
1327 2254 1537 2298 habebant3
1566 2260 1605 2289 et

173 2304 398 2349 imperatoris
437 2303 648 2336 facilitatem
683 2307 904 2341 metuentes,
947 2312 1022 2334 non
1053 2301 1163 2334 ereeti
1202 2308 1240 2334 et
1262 2302 1401 2335 immoti
1430 2307 1471 2335 ut
1495 2302 1603 2346 periti

175 2351 313 2395 equites
333 2361 397 2395 per
421 2354 560 2382 montes
586 2354 623 2382 et
638 2349 750 2382 valles
775 2348 1001 2388 ferebantur,
1029 2347 1092 2380 sed
1112 2347 1212 2380 velut
1237 2348 1392 2381 fascibus
1417 2347 1604 2380 submissis

174 2398 422 2430 auctoritatem
447 2407 546 2428 suam
570 2395 724 2429 subinde
749 2394 1014 2439 astringebant,
1039 2399 1077 2427 et
1096 2394 1210 2427 multa
1233 2395 1433 2428 necessaria
1442 2400 1606 2439 praeter»

175 2442 278 2478 ibant
303 2443 512 2475 mutationis
539 2446 648 2474 metu.

268 2490 300 2522 5.
347 2489 411 2521 His
440 2494 477 2521 et
500 2487 705 2520 huiusmodi
731 2486 838 2519 rebus
863 2486 1009 2519 Alexius
1025 2486 1227 2519 comnenus
1255 2487 1452 2520 triennium
1474 2487 1511 2518 in
1537 2486 1606 2518 im·

176 2534 276 2578 perio
305 2535 432 2578 exegit.
456 2535 595 2579 reliqua
620 2534 665 2567 ab
692 2533 816 2566 eadem
842 2533 980 2565 ratione
1006 2533 1100 2565 nihil
1125 2539 1357 2566 recesserunt.
1382 2531 1604 2565 consuetudo

177 2580 307 2612 mansit
331 2580 471 2621 eadem,
494 2581 567 2614 vita
590 2581 709 2614 mollis
735 2585 773 2613 et
803 2585 979 2624 perpetuo
1003 2590 1122 2612 socors
1147 2580 1342 2623 ingenium.
1366 2584 1452 2612 tunc
1476 2576 1604 2609 foedus

175 2627 361 2659 Iconiense
380 2626 551 2659 violatum
577 2631 641 2661 est.
665 2638 746 2660 nam
769 2625 1022 2665 Caichosroes,
1044 2626 1121 2658 eius
1163 2625 1262 2658 urbis
1287 2625 1478 2663 Sultanus,
1512 2623 1604 2654 duos

177 2683 289 2717 equos
326 2673 388 2717 qui
424 2673 630 2716 imperatori
667 2673 712 2705 ab
736 2671 977 2705 Alexandrino
1002 2672 1152 2705 Sultano
1180 2671 1418 2705 mittebantur
1450 2668 1603 2713 eripuit;

176 2729 329 2764 quorum
362 2718 508 2751 alterius
545 2729 635 2762 genu
675 2719 714 2752 in
750 2730 854 2752 cursu
877 2718 1022 2758 luxato,
1059 2728 1125 2763 per
1155 2717 1291 2762 legatos
1315 2717 1363 2750 ab
1387 2716 1605 2759 imperatore
