1838 3210
754 152 1066 194 PRAEFATlo.
1607 152 1636 206 7

210 251 372 307 σαφοῦς
398 251 470 293 καί
496 252 557 300 εἰς
599 250 794 302 ἐπίτομον
819 246 1222 306 ἑπιτροχασθὴσεται
1242 264 1253 276 ·
1311 244 1333 289 ὁ
1364 249 1409 291 δὲ
1434 247 1548 302 λόγος
1572 245 1644 290 εὖ·

209 317 431 370 γνωμονῶν
472 313 718 371 συγγνώμην
759 315 935 357 αἰτεῖται
962 316 1063 371 παρ’
1088 309 1148 364 οἷς
1176 316 1236 364 εἰς
1259 318 1407 369 χεῖρας
1434 318 1643 367 πεσεῖται,

210 380 334 437 εἰμὴ
374 383 627 438 φιλοτίμως,
670 381 724 422 δι’
770 378 800 422 ἃ
827 378 1017 436 εἴρηται,
1065 382 1138 422 καί
1161 380 1303 435 ἁβρῶς
1341 380 1686 433 ἐκπεπόνηται,])

210 446 306 489 ἐπεὶ
329 448 404 488 καί
440 442 575 495 ἄλλως
611 448 689 488 νῦν
713 442 889 501 πρώτως
920 445 1037 499 ἡμεῖς
1063 446 1136 499 τῆς
1163 445 1403 495 ὑποθέσεως
1432 445 1645 498 ἐπιβαίνο-

173 519 290 565 5μεν
314 513 461 567 τῆσδε,
492 507 560 555 οἷά
587 527 683 553 τινα
711 510 871 565 ἐρήμην
899 511 975 551 καί
998 510 1152 565 ἀστιβῆ
1186 511 1339 553 διιέναι
1365 511 1645 565 ἐγχειροῦντες

209 574 307 620 ὁδόν
323 610 336 631 ,
363 574 390 619 ὃ
415 579 488 619 καί
510 574 710 631 δύσεργόν
740 578 830 617 ἐστι
857 577 931 617 καί
953 578 1090 632 πολλῷ
1115 575 1410 630 ὑπερκεᾲιενον
1432 577 1509 617 τοῦ
1535 573 1647 628 ἴχνε-

209 660 277 686 σιν
308 640 462 698 ἑτέρων
490 643 818 697 προωδευκότων
853 642 1133 697 ἐφομαρτεῖν,
1163 638 1190 696 ἢ
1218 644 1318 695 γοῦν
1346 641 1404 690 ὥς
1433 639 1503 682 διὰ
1532 639 1647 690 λείας

208 707 282 751 καὶ
303 710 520 764 βασιλικῆς
546 709 734 761 βαδίζειν
766 706 870 748 ὁδοῦ
885 738 898 759 ,
937 709 1043 760 λέγω
1072 705 1123 762 δὴ
1151 707 1224 761 τῆς
1255 703 1406 760 ἑτέρων
1433 705 1644 761 ἱστορίας,

207 769 456 829 εὗῧυπόρως
472 789 518 815 τε
536 775 609 815 καί
630 774 836 821 ἀπλανῶς.
868 769 980 827 ἀρχὴ
1002 773 1049 814 δέ
1077 788 1151 825 μοι
1169 773 1246 814 τοῦ
1267 773 1398 826 λέγειν
1427 769 1507 813 ὅσα
1535 771 1643 825 μετὰ

151 859 196 885 ιο
209 839 256 883 τὸ
282 843 414 896 πέρας
440 837 574 888 effatis-
598 841 672 894 τῆς
697 841 806 894 ζωῆς
834 837 921 891 ἅμα
945 838 1017 880 κατ’
1043 841 1115 892 τῆς
1145 838 1280 892 ἀρχῆς
1311 837 1386 879 τοῦ
1413 839 1458 878 ἐκ
1477 840 1645 891 Κομνη-

206 907 290 948 νῶν
314 902 513 959 ἄρξαντος
536 906 711 960 πρώτως
737 906 920 954 Ἀλεξίου
947 904 1227 957 συμβέβηκεν,
1259 903 1352 944 ἐπεὶ
1373 904 1446 944 καί
1461 903 1506 950 ἐς
1530 903 1647 943 τόνδε

206 971 280 1014 τόν
322 967 480 1013 ἄνακτα
517 968 563 1012 τὸ
610 972 744 1024 λέγειν
769 969 1101 1023 συνεπεράναντο
1130 967 1278 1010 ὁπόσοι
1304 969 1389 1009 τῶν
1419 965 1499 1022 πρὸ
1530 964 1646 1020 ἡμῶν

206 1038 258 1094 τῇ
282 1037 508 1093 συγγραφῇ
541 1036 759 1090 προδήλως
805 1037 1010 1088 ἐπέβαλον
1022 1066 1039 1085 ,
1081 1036 1135 1076 ἵν’
1173 1030 1256 1076 εἶεν
1293 1032 1347 1075 τά
1374 1031 1646 1088 ῥηθησόμενα

207 1104 306 1157 παρ’
338 1100 458 1157 ἡμῶν
494 1102 664 1157 συναφῆ
705 1118 793 1152 πως
830 1107 914 1150 τοῖς
952 1100 1023 1142 ὑπ’
1065 1101 1230 1142 ἐκείνων
1269 1102 1480 1153 λεχθεῖσι,
1524 1098 1597 1139 καί
1623 1097 1647 1138 ὅ

150 1170 196 1209 15
209 1167 329 1222 λόγος
361 1165 473 1209 οὕτω
514 1164 835 1219 διαπλεκόμενος
876 1166 1028 1221 τρόπον
1055 1163 1149 1208 τινὰ
1180 1163 1290 1222 ὁλκῷ
1317 1162 1518 1215 εἰκάζοιτο
1547 1163 1646 1219 ῥεύ-

206 1249 340 1286 ματος
362 1235 408 1275 ὲκ
426 1234 529 1286 μιᾶς
555 1234 687 1288 πηγῆς
712 1230 918 1275 ἐκδιδόντι
937 1263 950 1284 ,
979 1227 1009 1286 ἢ
1029 1233 1129 1285 γοῦν
1155 1229 1203 1272 τὰ
1233 1232 1316 1273 τῶν
1342 1230 1495 1284 κρίκων
1522 1230 1646 1284 άλλη-

207 1301 392 1341 λένδετον
428 1299 692 1354 ὑποκρίνοιτο
712 1330 725 1353 ,
754 1301 808 1356 τῇ
832 1300 915 1341 ταῖν
956 1296 1027 1339 ἀεὶ
1051 1297 1268 1351 προσεχῶν
1296 1293 1454 1352 ἔφάψει
1481 1292 1648 1348 προϊόν-

206 1381 289 1407 των
316 1368 359 1415 ἑς
391 1360 574 1419 ἄπειρον.
632 1365 677 1407 ἐν
705 1363 1013 1420 κεφαλαιώδεσι
1054 1365 1093 1404 δ’
1120 1363 1336 1415 ἑπιτομαῖς
1362 1359 1415 1403 τὰ
1443 1359 1545 1402 κατὰ
1574 1360 1648 1402 τόν

207 1427 503 1486 αὐτοκράτορα
524 1430 719 1485 Ἰωάννην
738 1428 784 1472 τὸ
811 1427 990 1484 ἱστορεῖν
1008 1428 1269 1484 διηγήσεται,
1297 1426 1341 1476 ὃς
1358 1427 1527 1484 Ἀλεξίῳ
1555 1425 1648 1468 διά-

144 1510 195 1536 2o
208 1497 330 1550 δοχος
354 1499 567 1552 γεγένηται
595 1497 667 1551 τῆς
696 1496 857 1550 ἀρχῆς,
886 1490 975 1537 οὔδ’
1000 1495 1262 1550 ἑμβραδυνεῖ
1281 1498 1373 1542 ταῖς
1401 1494 1490 1534 κατ’
1517 1490 1648 1534 αὐτόν

203 1560 479 1618 ἀφηγήσεσιν,
508 1559 648 1614 ὥσπερ
683 1563 728 1604 ἑν
757 1565 840 1610 τοῖς
863 1561 1013 1617 ἐφεξῆς
1041 1557 1265 1613 ἐργάσεται
1297 1557 1446 1612 λόγοις,
1475 1553 1545 1600 οἷα
1574 1557 1647 1598 καί
1657 1566 1731 1611 Ρ.4

205 1628 327 1683 ἡμῶν
356 1627 416 1683 μὴ
445 1628 495 1670 τὰ
520 1634 604 1676 τοῖς
634 1627 871 1683 ὀφθαλμοῖς
897 1627 970 1668 ἐπὶ
988 1627 1092 1683 τῷδε
1120 1626 1434 1679 παρειλημμένα
1463 1638 1645 1678 συγγρα-

207 1695 421 1751 φομένων,
463 1689 687 1735 κάντεῦθεν
724 1694 823 1746 μηδ’
860 1689 1076 1746 ἀποτάδην
1117 1688 1297 1744 ἑχόντων
1325 1691 1457 1730 ταῦτα
1496 1686 1645 1739 διεξιέ-

205 1775 291 1808 ναι,
322 1760 411 1801 ἀλλ’
450 1755 554 1814 ἅπερ
598 1758 658 1806 εἰς
684 1756 812 1812 ἀκοήν
843 1757 966 1798 αἰτίου
995 1757 1229 1811 εἰλήφαμεν
1255 1755 1302 1796 ἐκ
1328 1755 1412 1795 τῶν
1440 1752 1532 1795 ὅσοι
1560 1755 1645 1795 τῶν

142 1823 194 1864 25
206 1827 302 1866 καθ’
339 1825 447 1879 ἡμᾶς
482 1822 554 1865 τὸν
595 1827 771 1877 βασιλέα
800 1823 968 1864 τουτονὶ
993 1818 1221 1863 ἐθεάσαντο
1248 1821 1320 1862 καί
1347 1817 1646 1872 συνωμάρτουν

203 1889 343 1948 ἐκείνῳ
371 1888 476 1945 πρὸς
494 1891 707 1936 ἐναντίους
732 1889 945 1941 χωροῦντι
975 1889 1049 1928 καί
1074 1885 1149 1935 τὰς
1175 1883 1319 1940 μάχας
1347 1884 1644 1928 συνετολύπευ-

206 1971 263 2005 ον.
318 1952 487 2008 ἄμεινον
518 1957 557 1995 δ’
586 1955 779 1996 ἐντεῦθεν
807 1949 1033 2006 ἄρξασθαι.

299 2046 332 2080 3.
357 2043 517 2090 ἀκριβῶς
540 2043 620 2077 PW.
714 2043 771 2076 23.
795 2041 976 2083 ἐπιτιίδην
1000 2042 1085 2076 AW.

208 2123 390 2169 cupimus,
418 2123 448 2156 si
471 2123 510 2155 in
531 2132 639 2167 opere
664 2126 788 2154 nostro
818 2125 964 2154 ornatus
1013 2120 1296 2161 desiderabitur,
1327 2119 1539 2164 praesertim
1564 2129 1647 2151 cum

207 2175 454 2215 argumentum
478 2169 548 2202 hoc
568 2180 664 2201 nuuc
689 2169 842 2212 primum
866 2180 885 2200 a
909 2167 1014 2200 nobis
1041 2172 1223 2200 tractetur.
1250 2166 1349 2212 quod
1365 2165 1515 2210 perinde
1535 2170 1589 2198 est
1604 2177 1645 2198 ac

206 2219 237 2250 si
261 2218 355 2250 viam
379 2216 558 2249 desertam
580 2226 621 2247 ac
643 2215 791 2247 minime
808 2214 931 2247 tritam
956 2213 1241 2258 ingrederen111r3
1270 2219 1307 2246 et
1331 2213 1436 2257 longe
1464 2211 1648 2244 difficilius

206 2275 315 2309 quam
350 2263 504 2296 aliorum
541 2262 691 2305 vestigia
728 2261 897 2306 persequi
933 2263 981 2293 et'
1003 2261 1061 2293 via
1095 2262 1191 2305 regia
1215 2259 1393 2292 incedere.
1432 2258 1646 2302 auspicabor

207 2316 330 2343 autem
355 2309 400 2342 ab
424 2310 469 2342 iis
495 2308 599 2341 rebus
627 2318 719 2353 quae
746 2313 829 2352 post
850 2307 968 2340 Alexii
995 2308 1101 2351 primi
1126 2319 1169 2340 ex
1193 2307 1389 2340 Comnenia
1412 2305 1549 2338 familia
1577 2305 1645 2336 im-

205 2357 382 2402 peratoris
408 2355 548 2388 obitum
577 2354 806 2394 acciderunt,
838 2354 932 2386 ultra
971 2364 1065 2398 quae
1092 2354 1285 2398 superioris
1313 2352 1441 2386 aetatis
1483 2351 1646 2383 historici

205 2414 280 2435 non
302 2408 387 2435 sunt
409 2401 608 2447 progressi,
638 2407 679 2434 ut
702 2411 744 2433 ea
772 2411 864 2444 quae
887 2411 907 2432 a
930 2399 1035 2433 nobis
1060 2400 1243 2440 dicentur,
1268 2411 1348 2432 cum
1371 2399 1515 2431 iilorum
1538 2397 1647 2429 dictis

206 2449 423 2482 cohaereant
446 2449 559 2482 instar
582 2448 693 2480 fontis
716 2447 823 2479 unius
847 2447 885 2478 in
906 2446 1027 2490 plures
1054 2447 1195 2479 canales
1221 2446 1405 2479 distributi
1431 2450 1494 2476 aut
1519 2443 1646 2475 anulo-

208 2507 286 2528 rum
313 2496 420 2540 longa
443 2496 535 2528 serie
562 2495 657 2527 inter
679 2504 756 2526 sese
784 2492 1063 2526 cohaerentium.
1087 2505 1127 2526 ac
1151 2492 1322 2526 Iohannis
1340 2491 1565 2536 imperatoris
1592 2490 1646 2522 vi-

205 2546 306 2582 tam,
341 2543 404 2587 qui
440 2541 610 2574 successit
648 2540 793 2579 Alexio,
833 2539 990 2572 breviter
1018 2540 1319 2583 perstringemus3
1367 2548 1487 2581 neque
1523 2546 1645 2568 earum

208 2599 325 2620 rerum
348 2587 677 2622 commemorationi
702 2586 839 2619 diutius
875 2586 1145 2618 immorabimur
1170 2598 1258 2631 quas
1285 2586 1354 2629 ipsi
1377 2595 1450 2617 non
1474 2581 1645 2620 vidimus,

208 2633 272 2666 sed
295 2634 340 2668 ab
369 2635 414 2667 iis
449 2635 649 2679 accepimus
675 2634 738 2678 qui
762 2643 842 2665 eum
879 2631 1050 2665 viderunt
1076 2638 1114 2666 et
1136 2633 1173 2665 in
1197 2632 1447 2676 expeditiones
1485 2627 1646 2660 comitati

208 2684 303 2712 snut.
333 2681 372 2714 in
399 2681 526 2714 ceteris
554 2685 674 2713 autem
715 2678 860 2711 uberius
890 2677 1124 2715 tractabimus
1154 2678 1289 2714 omnia,
1311 2677 1374 2712 sed
1407 2677 1478 2710 iam
1502 2673 1548 2707 ad
1571 2684 1646 2708 rem

210 2726 324 2772 ipsam
349 2726 571 2770 accedamus,
594 2726 679 2761 hinc
703 2732 844 2772 sumpto
874 2723 1034 2759 exordio.
