1878 3230
309 166 419 240 756
740 181 967 224 mem-An
1005 182 1312 223 cuomA'rAE

303 286 514 339 νηφαλίων
544 298 585 324 τε
604 284 674 324 καί
705 283 883 336 ἀρίστων
911 285 961 339 τῇ
990 282 1090 324 κατὰ
1119 281 1296 334 πόλεμον
1321 280 1524 336 δεξιότητι
1549 282 1590 337 (ὅ
1611 279 1720 324 Δού-

304 364 378 396 κας
405 343 516 388 οὗτοι
547 347 616 388 καί
642 345 663 387 ὅ
694 347 933 401 Λὰσκαρις,
960 348 1118 402 οἷμφοῖν
1147 349 1184 387 δ’
1212 347 1236 401 ἢ
1265 347 1406 400 κλῆσις
1435 343 1648 398 ὁμώνυμος
1666 349 1722 401 τῷ

303 414 472 469 ἆρχηγῷ
502 414 572 466 τῆς
614 416 785 460 πίστεως
826 414 1015 467 βασιλεῖ)
1058 412 1114 461 ὦς
1151 411 1248 465 περὶ
1286 409 1379 465 νηὸς
1426 411 1722 464 χειμαζομένης

304 480 575 532 διαφέρονται
599 480 671 531 τῆς
699 478 843 531 ἀρχῆς,
875 476 1004 530 τύχης
1021 477 1240 531 βράβευμα
1257 475 1329 516 καί
1347 476 1482 530 φορᾶς
1505 475 1721 526 ἀλογίστου

303 544 514 594 πέττευμα
542 541 587 583 τὸ
613 545 804 596 μέγιστον
830 542 937 595 ὁμοῦ
965 542 1035 583 καί
1067 543 1316 596 περίπυστον
1351 542 1496 594 χρῆμα
1534 537 1610 594 τὴν
1643 540 1758 580 τῶνό

298 609 514 657 Ῥωμαίων
549 610 767 661 βασιλείαν
802 605 976 663 δρῶντες
1019 605 1295 660 προκείμενον.
1353 603 1608 659 εἱστήκεισαν
1653 598 1726 644 οὖν

305 671 557 727 ἀμφήριστοι
577 671 646 713 τόν
673 675 802 726 μέγαν
830 670 1026 720 εἰσιόντες
1053 667 1181 721 νεών,
1223 668 1508 722 ἁμιλλώμενοί
1529 684 1571 710 τε
1599 668 1727 721 ἀλλή-

304 741 390 786 λοις
417 738 487 777 καί
510 739 870 791 παραβαλλόμενοι
889 768 900 788 ,
936 738 1007 778 καί
1027 737 1158 790 μηδὲν
1178 738 1300 776 πλέον
1327 730 1353 789 ἢ
1381 735 1550 776 ἔλαττον
1566 732 1727 787 ἔχοντες

304 801 408 842 α’λλὰ
437 805 508 855 τῆς
536 801 627 856 ἴσης
657 801 783 856 ῥοπῆς
820 801 1080 852 ἀξιούμενοι,
1122 797 1188 840 ὅτι
1225 801 1322 854 μηδ’
1351 795 1399 853 ἦν
1439 798 1462 839 ὅ
1496 791 1726 852 ἐλέγχωνῆ

303 866 375 907 καί
401 868 620 921 ἐπικρίνων
647 863 857 920 ἑκάτερον.
914 867 962 906 ἐκ
990 865 1036 905 δὲ
1063 861 1217 919 κλήρου
1247 862 1290 905 τὸ
1324 870 1520 918 πρωτεῖον
1549 860 1789 918 εἰληφώςισ

303 931 324 973 ὃ
363 929 584 985 Λάσκαρις
615 929 666 971 τοὶ
705 931 781 983 μὲν
823 931 896 983 τῆς
930 929 1146 982 βασιλείας
1190 924 1238 968 οὗ
1282 930 1470 983 προσίετο
1509 927 1726 981 σῦμβολα,

266 993 503 1046 Οσυνεξιιόν
532 996 578 1036 δὲ
605 996 665 1051 τῷ
693 993 932 1050 πατριάρχῃ
963 991 1064 1035 κατὰ
1097 991 1141 1033 τὸ
1159 992 1317 1035 ,Μίλιον
1337 994 1412 1034 οὐκ
1441 992 1548 1034 οἷνιέι
1574 1008 1728 1046 παραι-

303 1065 385 1104 νῶν
414 1068 498 1110 τοῖς
534 1062 728 1102 συνιοῦσι
765 1059 838 1101 καί
871 1060 984 1115 σφᾶς
1021 1057 1307 1099 ὖποθωπεύων
1344 1059 1403 1107 εἰς
1441 1057 1728 1113 ἅντιμάχησιν.

296 1125 410 1170 ,α’λλά
439 1129 510 1168 καί
535 1124 633 1174 τοὺς
659 1128 843 1173 σείοντας
869 1126 912 1174 ἐξ
946 1120 1071 1176 ὤμων
1098 1120 1151 1164 τὰ
1187 1120 1335 1178 ἆρεῖκιὶ
1375 1122 1544 1177 σιδήρια
1580 1124 1623 1171 ἐς
1657 1119 1728 1164 τὸν

302 1194 567 1246 προκείμενον
598 1190 740 1244 α’γῶνα
767 1193 938 1242 πέμπων
967 1187 1185 1241 ἐπώτρυνε,
1212 1186 1270 1242 μή
1296 1190 1449 1242 χρῆναι
1476 1188 1606 1242 λέγων
1626 1184 1726 1229 Ῥω-
1743 1186 1790 1228 15

301 1259 439 1310 μαίων
466 1255 634 1297 ἔλαττον
656 1258 835 1304 ἐκείνους
864 1253 910 1295 τὸ
948 1254 1188 1295 διολωλέναι
1220 1254 1419 1304 δεδιέναι,
1460 1253 1500 1293 εἰ
1525 1251 1626 1307 πρὸς
1660 1253 1726 1306 γέ-

302 1337 371 1370 νος
414 1321 553 1374 ἕτερον
594 1320 646 1362 τὰ
685 1321 909 1371 ζΡωμαίων
969 1314 1433 1372 ἆνακυμβαλισθήσεται
1483 1318 1728 1372 πράγματα·

304 1387 404 1428 οὐδὲ
443 1384 520 1440 γὰρ
562 1381 947 1440 μισθοφορήσουσιν
992 1385 1119 1424 εἰσέτι
1165 1383 1326 1437 ἆδρῶς,
1372 1382 1470 1423 ου’δὲ
1514 1382 1616 1436 γέρα
1653 1397 1727 1422 πε-

305 1451 494 1506 ριώνυμα
549 1453 623 1505 τῆς-
679 1449 884 1502 βασιλέων
937 1450 1124 1504 φυλακῆς
1175 1445 1460 1501 ἀπολήψονται
1479 1479 1491 1499 ,
1547 1448 1635 1488 ἀλλ’
1681 1448 1727 1489 ἐν

305 1515 402 1573 αἴσῃ
448 1514 595 1569 Καρὸς
632 1512 884 1564 τετάξονται.
938 1516 1011 1555 καί
1047 1510 1068 1553 ὅ
1113 1515 1190 1565 μὲν
1219 1511 1323 1566 πρὸς
1353 1510 1511 1561 τούτοις
1553 1508 1617 1566 ἦν·
1671 1511 1789 1560 ὥςτο

306 1583 344 1622 δ’
373 1577 467 1622 οὔτε
495 1582 569 1621 τοῦ
596 1578 674 1620 λεώ
705 1594 765 1626 τις
792 1579 872 1619 ταῖν
890 1580 1040 1633 φωνῶν
1065 1579 1359 1632 ἐπεστρέφετο,
1387 1580 1459 1618 καί
1485 1573 1585 1619 αὐτὸ
1617 1578 1662 1618 δὲ
1677 1574 1724 1618 τὸ
1847 1571 1851 1573 ’

307 1642 587 1700 πελεκυφόρον
619 1643 689 1685 ἐπὶ
714 1646 855 1698 μισθῷ
881 1642 954 1697 τήν
983 1644 1184 1697 σύναρσιν
1208 1642 1493 1696 ἐπηγγέλλετο,
1526 1643 1727 1695 ἐμπορίας

305 1709 452 1764 καιρὸν
481 1708 674 1757 ὑπούλως
701 1711 774 1750 καί
798 1709 1023 1758 ἑπικλόπως
1063 1705 1138 1763 τήν
1175 1703 1310 1762 οἷκμὴν
1336 1708 1411 1749 τοῦ
1437 1705 1626 1749 κινδύνου
1665 1721 1726 1748 τι-

396 1814 428 1836 2.
453 1801 614 1850 ἀμφοῖν]
645 1803 706 1835 καὶ
735 1800 947 1848 ἀμφότεροι
974 1800 1160 1847 θεόδωροι
1187 1801 1414 1847 καλούμενοι
1439 1802 1472 1834 B.
1607 1812 1658 1835 ιο.
1681 1801 1724 1833 ἐκ

396 1849 449 1897 δὲ]
475 1851 616 1893 κλῆρον
643 1846 710 1882 οὖν
734 1848 924 1892 βάλλοντες
947 1849 984 1880 Β.
1099 1850 1147 1891 14.
1174 1846 1283 1895 ἀλλὰ]
1309 1850 1370 1881 καὶ
1395 1843 1482 1885 τοὺς
1514 1847 1726 1891 βαράγγους

396 1896 437 1930 δὲ
456 1898 520 1928 καὶ
545 1893 610 1933 τὰς
634 1892 857 1941 παραμονάς
877 1895 930 1932 εἰς
948 1892 1014 1929 τὸν
1032 1897 1283 1940 προκείμενον
1303 1894 1471 1939 διήγειρε
1497 1893 1664 1939 πόλεμον
1687 1893 1725 1925 Β.

308 1975 384 2008 dies
409 1974 488 2006 XVI
514 1974 730 2018 imperasset.
762 1978 844 2017 post
875 1974 950 2006 eius
979 1973 1171 2006 discessum
1205 1972 1275 2019 (luo
1301 1973 1445 2005 iuvenes
1473 1971 1726 2004 modestissimi

309 2026 346 2054 et
369 2020 654 2061 bellicosissimi,
690 2020 806 2052 Ducas
831 2024 868 2052 et
889 2020 1066 2061 Lascaris‚
1098 2025 1250 2063 uterque
1281 2019 1513 2059 Theodorus,
1541 2017 1585 2050 <le
1613 2018 1726 2061 impe-

307 2067 362 2099 rio
386 2072 554 2111 tanquam
580 2066 624 2099 de
649 2077 737 2099 nave
761 2066 1030 2109 tempestatibus
1060 2066 1285 2098 conflictantes
1322 2070 1476 2104 certant,
1511 2075 1588 2096 cum
1614 2064 1726 2095 maxi-

307 2124 400 2145 mam
425 2118 460 2144 et
485 2113 697 2146 celebratam
725 2112 823 2144 illam
851 2123 923 2144 rem
947 2114 1139 2145 Romanum
1163 2112 1348 2156 imperium
1376 2112 1542 2144 fortunae
1566 2109 1724 2142 ludibrio
1872 2102 1878 2142 l

309 2164 347 2190 et
370 2159 497 2190 incerti
522 2170 622 2191 casus
645 2158 840 2190 temeritati
865 2159 1084 2202 propositum
1104 2157 1275 2191 viderent.
1300 2158 1490 2190 maximum
1512 2156 1620 2199 igitur
1633 2160 1725 2187 tem-
1868 2146 1878 2163 ³

307 2205 406 2249 plum
432 2205 579 2246 ingressi
606 2205 700 2237 inter
725 2215 801 2236 sese
827 2204 1102 2244 contendebant,
1127 2215 1194 2237 nec
1221 2209 1294 2236 erat
1316 2204 1378 2247 qui
1401 2205 1440 2236 in
1463 2202 1724 2246 comparatione

308 2250 415 2283 alteri
437 2250 758 2294 praeponderaret,
783 2250 954 2283 ambobus
985 2251 1084 2284 velut
1113 2251 1150 2283 in
1175 2250 1389 2294 aequilibrio
1419 2248 1631 2281 constitutis.
1661 2258 1725 2280 ne·
1866 2272 1870 2288 ,

308 2307 379 2342 que
410 2296 503 2327 enim
530 2302 604 2329 erat
629 2297 691 2340 qui
717 2307 899 2328 censuram
927 2302 990 2329 aut
1013 2296 1184 2329 iudicium
1211 2296 1352 2328 faceret.
1378 2295 1532 2327 Lascaris
1558 2299 1676 2326 tamen
1703 2304 1724 2326 a
1864 2314 1869 2341 ἑ

308 2343 401 2375 clero
426 2342 622 2385 praelatus,
645 2342 843 2385 insignibus
866 2342 1004 2386 imperii
1030 2342 1240 2386 repudiatis,
1264 2353 1342 2373 cum
1368 2339 1567 2385 patriarcha
1593 2339 1630 2372 in
1653 2339 1725 2372 Mi·
1861 2366 1870 2395 ὲ

306 2389 396 2421 lium
422 2398 578 2431 egressus
602 2387 837 2420 confluentem
863 2389 1034 2432 populum
1066 2387 1282 2420 blandiendo
1317 2393 1353 2420 et
1384 2386 1538 2430 rogando
1565 2385 1611 2418 ad
1635 2386 1724 2421 resi·
1861 2400 1866 2406 ·»

307 2433 472 2467 stendum
497 2434 673 2466 cohortari
697 2444 768 2465 non
793 2433 1010 2473 desistebat,
1045 2440 1080 2466 et
1104 2434 1275 2466 satellites
1307 2433 1353 2465 ad
1385 2444 1537 2478 pugnam
1565 2431 1723 2464 eoncita-

307 2480 380 2513 bat.
412 2490 530 2525 neque
554 2480 646 2512 enim
682 2480 828 2512 exitium
855 2480 968 2512 minus
998 2480 1047 2512 eis
1081 2479 1278 2512 timendum
1303 2489 1379 2511 esse
1404 2490 1508 2524 quam
1536 2478 1722 2518 Romanis,

307 2528 338 2560 si
365 2527 552 2571 imperium
577 2525 622 2558 ad
645 2525 751 2558 aliam
775 2526 956 2558 nationem
974 2525 1239 2567 devolveretur;
1262 2535 1380 2570 neque
1405 2525 1520 2569 ampla
1543 2523 1723 2568 stipendia

306 2583 425 2616 neque
449 2572 668 2617 imperatoris
694 2572 849 2616 stipandi
878 2571 1047 2604 honorem
1076 2577 1298 2612 retenturos,
1332 2572 1395 2604 sed
1426 2570 1722 2604 mercenariorum

305 2619 460 2651 militum
483 2619 561 2652 loco
591 2618 738 2651 futuros.
777 2617 906 2662 quibus
942 2617 1059 2650 verbis
1100 2629 1179 2650 eum
1212 2629 1279 2650 nec
1316 2628 1335 2650 e
1367 2617 1501 2662 populo
1534 2617 1722 2661 quisquam

306 2671 530 2705 moveretur,
556 2675 622 2698 nec
645 2664 860 2709 bipenniferi
883 2663 954 2696 nisi
981 2663 1159 2708 stipendio
1186 2665 1356 2708 promisso
1373 2662 1543 2696 auxilium
1570 2662 1721 2707 promit·

307 2715 443 2752 terent,
469 2722 594 2756 urgens
621 2709 712 2744 illud
733 2710 930 2756 periculum
958 2709 1085 2743 callide
1114 2710 1366 2750 nundinaturi,
1400 2709 1509 2743 etiam
1536 2706 1721 2753 cataphra-
