1878 3230
684 199 820 238 unns
859 195 1047 239 CAPTA.
1127 241 1131 244 ,
1234 200 1236 202 ’
1454 175 1568 248 809

145 299 329 352 δέχεται·
386 292 438 351 ἢν
464 296 545 350 γὰρ
576 294 622 337 τό
655 298 737 338 τῶν
762 295 958 339 Λατίνων
998 297 1208 351 ἀγέρωχον
1237 291 1433 350 φρόνημα
1459 292 1569 348 ὕφο-

145 363 331 415 ρώμενος
363 361 436 405 καὶ
465 360 538 415 τήν
568 362 726 408 τούτων
750 359 902 415 λόγχην
921 361 977 411 οὖς
1006 364 1200 415 φλογίνην
1229 359 1444 415 ῥομφαίαν
1465 355 1571 399 ὕπο-

144 425 422 480 βλεπόμενος,
454 426 546 468 ἐπεὶ
572 427 643 467 καί
669 425 766 480 περὶ
805 428 950 481 φιλίας
985 427 1149 474 στείλας
1176 426 1368 479 πρέσβεις
1403 423 1482 478 οὐχ
1514 421 1572 473 ὥς

145 491 344 544 βασιλεύς
372 491 510 548 φίλοις
550 491 642 531 ἄλλ’
683 489 741 539 ὥς
781 490 987 544 ὑπηρέτης
1030 488 1247 538 δεσπόταις
1279 490 1574 542 προσδιαλέγε-

110 559 250 598 5σθαι
278 559 425 612 σφίσιν
450 557 494 597 ἐν
521 562 607 604 τοῖς
633 554 735 609 πρὸς
774 555 926 603 αὐτούς
961 554 1202 596 ἑπετᾰττετο
1242 555 1506 608 γράμμασιν,
1544 549 1706 608 {iv-3²4

145 620 228 676 μὴν
256 622 564 674 ἅπεκδέχεσθαι
590 622 702 676 σφᾶς
728 622 818 661 κατ’
846 622 980 660 αὐτοῦ
998 619 1048 661 τά
1079 617 1187 661 ὅπλα
1211 619 1487 672 βαστάζοντας
1502 619 1577 660 καί

144 686 359 740 κείροντας
392 688 485 727 κατ’
511 687 730 727 εὐπέτειαν
756 683 833 739 τήν
865 687 1068 738 Mvm'av,
1105 683 1155 739 ἣν
1182 684 1239 739 μή
1269 687 1362 726 δέον
1388 686 1574 739 καρποῦ-

145 767 214 793 ται
237 757 323 800 τοῐς
350 751 508 805 κυρίοις
529 750 750 802 Ῥωμαίοις
781 748 1042 803 ἐπαναστάς,
1069 752 1252 792 κάκεῖνον
1283 751 1341 798 εἷς
1371 748 1444 804 τήν
1470 763 1573 803 προ-

145 818 268 870 τέραν
293 816 424 870 τύχην
451 815 774 863 ἐπαναλύοντας.
828 817 1022 871 ὁιαφίησι
1064 817 1200 857 τοίνυν
1234 816 1277 864 ἐς
1313 813 1389 862 τὰς
1426 815 1574 869 πατρί..

87 897 135 923 ιο
148 883 224 930 δας
267 882 480 924 ἐπανιέναι
521 879 616 929 τούς
656 879 863 935 ἐπήλυδας
890 882 1005 938 αύτῷ
1030 880 1264 933 Ῥωμαίους
1303 879 1325 922 ὅ
1354 876 1572 934 Ἰωάννης,

146 948 220 988 καί
242 947 344 1001 δρᾶν
372 944 396 987 ὃ
426 946 623 988 δύνανται
662 945 790 988 κακὸν
828 945 928 994 τούς
959 949 1170 994 Λατίνους
1206 946 1294 998 μετ’
1330 940 1702 1000 εὖμεθόδωνΡ.395

146 1014 229 1054 ταῖν
257 1010 554 1067 ἐγχειρήσεων,
584 1014 662 1060 ἕως
688 1010 737 1053 ui
771 1015 862 1053 κατ’
885 1010 1038 1060 αὖτοὺς
1067 1010 1138 1058 ἐπὶ
1156 1009 1202 1053 τό
1231 1016 1411 1067 κρεῖττον
1426 1012 1576 1059 ἐκεῖνος

147 1077 348 1118 dui-90:10.
403 1073 652 1131 ἑπανηκότες
691 1072 767 1117 οὖν
795 1077 839 1124 ἐς
867 1076 919 1117 τὰ
951 1078 1137 1132 σφέτερα
1174 1073 1250 1124 τας
1287 1077 1370 1117 τῶν
1403 1077 1577 1131 Θρᾳκῶν

147 1143 219 1182 καί
245 1141 507 1183 Μακεδόνων
532 1138 674 1189 πόλεις
706 1142 976 1196 διαφιστῶσι,
1005 1142 1314 1195 συναιρομένων
1344 1142 1466 1195 σφίσι
1494 1142 1578 1182 τῶν

89 1209 136 1250 15
150 1206 340 1260 Βλάχων.
397 1211 581 1248 πλεῖστοι
606 1207 709 1259 γοῦν
731 1207 928 1247 ἐντεῦθεν
944 1206 1028 1246 τῶν
1048 1204 1124 1253 τοῖς
1143 1204 1279 1253 πόλεις
1308 1206 1579 1257 διανειμαμέ-

147 1287 229 1313 νων
254 1273 451 1313 Λατίνων
478 1272 522 1320 ἐς
550 1269 653 1312 αὐτὸ
676 1272 922 1326 ζημιοῦνται
953 1268 1000 1311 τὸ
1033 1271 1134 1325 ζῆν,
1168 1269 1206 1312 οἱ
1238 1271 1284 1311 δὲ
1312 1271 1499 1325 φυγάδες
1535 1271 1579 1318 ἐς

146 1334 379 1387 Βυζάντιον
409 1334 695 1391 ἐπανήκουσιν.
753 1334 859 1376 α’λλά
896 1334 969 1376 καί
1007 1335 1044 1377 οἱ
1081 1338 1124 1378 ἐν
1154 1337 1444 1392 Διδυμοτοίχῳ
1485 1336 1579 1376 δια-

148 1402 429 1455 χειρίζονται,
461 1403 534 1442 καί
563 1399 602 1442 οἱ
640 1402 684 1442 ἐν
704 1399 938 1455 Ὀρεστιάδι
976 1400 1229 1453 μετανάσται
1266 1402 1455 1454 γίνονται.
1509 1398 1582 1440 καὶ

146 1469 264 1508 toz-‘co
289 1465 334 1509 τὸ
364 1465 482 1520 ἔργον
508 1468 730 1520 ἐλευθεροῖ
749 1468 826 1518 μὲν
853 1464 930 1520 τὴν
967 1467 1023 1507 ἕω
1051 1469 1249 1508 Λατίνων
1283 1464 1398 1520 παρὰ
1440 1467 1578 1506 πᾶσαν

84 1551 136 1578 20
151 1531 332 1586 δόκησιν,
359 1530 640 1587 ἐπανηκόντων
667 1533 728 1580 εἰς
752 1529 823 1572 τὸν
849 1533 949 1574 καθ’
965 1527 1144 1586 ἑσπέραν
1170 1529 1363 1584 πόλεμον,
1393 1527 1576 1584 ἐκκρούει

245 1669 272 1690 1.
300 1653 344 1697 ἦν
367 1656 458 1704 γάρ]
487 1656 694 1697 ἔννοιιίζετο
729 1653 803 1703 γὰρ
838 1657 1001 1691 πάντοτε
1036 1650 1098 1690 διὰ
1135 1651 1224 1692 τούς
1259 1655 1474 1702 φράγγους,
1511 1656 1577 1689 καὶ

241 1704 412 1748 ἐφοβεῖτο
438 1701 481 1736 τα
508 1703 629 1737 αὐτῶν
652 1705 835 1748 κοντάρια
864 1705 912 1741 ὥς
940 1701 1130 1748 φλογερὸν
1155 1703 1244 1747 πῦρ.
1278 1701 1370 1736 ὅθεν
1393 1704 1455 1735 καὶ
1478 1697 1579 1746 πρὸς,

240 1744 377 1787 αὐτοιῖς
402 1747 718 1795 α’ποκρισιαρίους
744 1750 888 1795 ἔπεμψε
909 1751 996 1794 περὶ
1021 1748 1166 1794 εἰρήνης
1197 1750 1260 1782 καὶ
1285 1749 1423 1793 φιλίας.
1472 1749 1508 1783 οἱ
1533 1747 1575 1782 δὲ

241 1796 481 1841 ἀντέγραψαν
511 1795 608 1829 αὕτῶ
645 1796 716 1839 οὔχ
749 1795 873 1839 ὥσπερ
906 1797 1057 1840 βασιλέα
1087 1797 1201 1840 φίλον
1237 1795 1355 1828 αὐτοῦ
1388 1793 1573 1840 γράφων,

241 1842 317 1875 ἀλλ’
346 1843 395 1879 ὥς
420 1841 599 1883 αὐθέντης
625 1841 761 1876 δοῦλον
787 1843 924 1882 αὕτοῦ,
963 1845 1026 1874 καὶ
1062 1841 1194 1885 ὥριζεν
1229 1839 1346 1875 αὐτὸν
1375 1840 1487 1884 ῥῖψαι
1526 1836 1570 1873 πὶ

242 1888 392 1934 ἅρματα
417 1891 479 1921 καὶ
506 1891 549 1930 τῆ
575 1890 746 1933 βασιλεία
775 1889 992 1927 ὑποπεσεῖν,
1019 1890 1053 1920 εἰ
1081 1889 1118 1921 δὲ
1142 1888 1214 1933 μή,
1242 1888 1319 1920 κατ’
1345 1887 1462 1920 αὐτοῦ
1484 1887 1574 1933 μέλ-

242 1937 359 1968 λωσιν
385 1936 653 1977 ἐκστραιεοσαι
679 1937 743 1968 καὶ
767 1935 1074 1975 ἀποκαταστῆσαι
1102 1929 1219 1968 αὐτὸν
1245 1933 1381 1968 δοῦλον
1415 1935 1478 1975 τῆς
1508 1936 1574 1977 βα-

244 1982 408 2022 σιλείας,
433 1975 558 2018 καθὼς
585 1979 629 2023 ἦν
653 1983 714 2014 καὶ
738 1981 934 2028 πρότερον.
960 1981 997 2014 Β.

151 2094 357 2126 Latinorum
381 2093 550 2126 ferociam
583 2099 779 2138 suspectam
809 2093 967 2126 habebat
1003 2103 1195 2136 eorumque
1227 2092 1366 2124 hastam
1398 2096 1439 2124 ut
1474 2091 1574 2124 flam-

150 2151 263 2173 meam
290 2139 511 2184 romphaeam
536 2140 809 2180 reformidabat,
835 2139 991 2172 libenter
1016 2150 1074 2171 eos
1099 2139 1264 2182 suscepit.
1294 2149 1363 2182 qua
1394 2137 1439 2170 de
1470 2149 1574 2170 causa

151 2198 229 2218 cum
267 2185 402 2230 legatos
440 2186 485 2218 (le
523 2186 680 2219 amicitia
716 2185 873 2218 ineunda
909 2185 954 2218 ad
987 2186 1131 2218 Latinos
1167 2185 1344 2224 misisset,
1377 2195 1442 2228 per
1475 2184 1574 2217 litte-

151 2244 206 2265 ras
232 2243 310 2264 cum
335 2233 386 2264 eis
411 2243 483 2265 non
511 2238 551 2265 ut
579 2244 639 2264 rex
666 2244 743 2265 cum
768 2233 887 2265 amicis
913 2231 976 2265 sed
1000 2237 1041 2264 ut
1065 2243 1182 2264 servus
1207 2242 1286 2263 cum
1314 2229 1467 2262 dominis
1499 2230 1575 2262 col-

150 2279 253 2322 loqui
277 2278 485 2311 iubebatur:
524 2279 660 2323 alioqui
685 2289 722 2310 se
749 2289 844 2311 arma
868 2279 922 2311 illi
946 2279 1108 2311 illaturos
1136 2283 1171 2310 et
1193 2274 1342 2320 Mysiam
1374 2276 1480 2308 facile
1513 2287 1575 2308 va-

152 2330 322 2365 staturos,
359 2336 465 2369 quam
490 2330 613 2358 contra
649 2324 799 2357 officium
840 2330 878 2358 et
908 2336 973 2369 per
1008 2324 1219 2357 seditionem
1253 2323 1379 2367 spretis
1411 2322 1575 2354 Romanis

153 2375 384 2414 occupasset,
411 2381 564 2415 eumque
592 2370 637 2403 ad
667 2371 851 2415 pristinam
875 2370 1052 2404 fortunam
1085 2370 1299 2402 redacturos.
1325 2368 1476 2413 proinde
1507 2370 1576 2400 Ro-

152 2426 274 2448 manos
293 2416 339 2448 ad
364 2427 399 2449 se
423 2418 590 2461 profugos
604 2416 781 2450 Iohannes
799 2418 837 2450 in
854 2418 1005 2462 patriam
1030 2427 1206 2461 quemque
1225 2427 1321 2448 suam
1339 2415 1438 2447 abire
1461 2413 1574 2452 iubet,

156 2467 194 2494 et
217 2462 356 2494 callidis
383 2464 663 2506 aggressionibus
691 2464 824 2496 Latinis
849 2474 978 2496 nocere
1000 2468 1172 2508 quantum
1195 2462 1343 2506 possint,
1365 2460 1478 2493 donec
1496 2460 1574 2502 ipse

155 2508 308 2540 fortunis
336 2507 478 2541 illorum
503 2510 675 2542 consula't.
702 2510 810 2553 igitur
835 2509 881 2542 ad
903 2521 966 2542 sua
987 2509 1118 2542 reversi
1142 2507 1377 2541 Macedonum
1402 2512 1438 2538 et
1459 2504 1574 2536 Thra-

156 2565 235 2586 cum
259 2553 387 2593 urbes,
421 2555 561 2588 Blachis
592 2556 860 2596 adiutantibus,
893 2556 938 2588 ad
974 2555 1211 2588 defectionem
1246 2553 1443 2596 impellunt.
1477 2551 1573 2582 unde

154 2599 299 2644 plurimi
328 2599 554 2642 Latinorum,
587 2602 717 2646 quibus
750 2613 811 2635 eae
842 2602 947 2635 urbes
982 2603 1219 2638 obvenerant,
1254 2598 1474 2641 iugulantur,
1511 2596 1572 2628 alii

155 2646 361 2689 Byzantium
386 2650 540 2679 extorres
565 2648 725 2681 redeunt.
751 2647 961 2681 occiduntur
985 2654 1021 2681 et
1045 2649 1070 2680 ii
1095 2647 1158 2691 qui
1186 2642 1424 2687 Didymotichi
1449 2647 1573 2684 eraut3

158 2697 195 2724 et
222 2692 283 2736 qui
308 2690 528 2724 orestiadem
561 2694 755 2734 tenebant,
786 2695 986 2727 eiiciantur.
1030 2693 1067 2726 id
1102 2693 1238 2724 facinus
1268 2690 1450 2722 Orientem
1475 2689 1572 2720 Lati-

157 2748 283 2774 norum
303 2737 402 2775 bello
434 2743 576 2783 praeter
599 2740 878 2785 expectationem
906 2740 1052 2780 liberat,
1081 2738 1126 2772 ad
1154 2736 1384 2772 Occidentem
1418 2734 1571 2770 redeunv
