1878 3230
276 194 383 265 730
693 207 925 249 memma
971 209 1281 251 cnomATAE

232 307 503 363 (ζὲχεμυθίας
531 308 678 359 ἕνεκεν,
710 305 784 349 εἴτ’
809 302 884 349 οὖν
911 307 1163 363 ἀναλγησίας
1184 311 1313 351 εἰπεῖν
1338 308 1606 365 οἰκειότερον,
1635 309 1708 351 οὔ·

272 376 341 416 δὲν
372 375 455 415 τῶν
496 369 757 428 παραφόρων
804 371 1103 429 διενηνόχαμεν
1137 370 1336 427 ἅπαντες,
1365 371 1460 416 ὅθεν
1493 375 1554 423 ὥςΔ
1577 374 1707 417 ὑπεύ-

270 444 393 481 θυνοι
435 436 705 492 πεπόνθαμέν
737 453 782 480 τε
820 441 892 481 καὶ
930 437 1094 493 εἴδομεν
1128 437 1262 482 ὁπόσα
1289 441 1705 496 βαρυσυμφορώτερα

269 505 353 546 τῶν
384 505 530 546 κακῶν.

344 569 506 612 Ὅποῖον
525 568 604 626 γάρ
626 569 672 612 τὸ
703 571 906 624 χυδαΐζον
934 575 1081 625 στῖφος
1108 572 1181 626 τῆς
1208 569 1375 623 πόλεως,
1405 568 1499 624 μήτ’
1527 566 1744 612 αὕτόθεν5

268 641 353 686 τοῖς
372 637 600 685 ἐπαινετοῖς
620 638 895 692 προσχωροῧν
911 636 1011 690 μήθ’
1027 633 1154 694 ἑτέρῳ
1170 634 1418 690 πειθόμενον
1435 637 1710 692 εἰσηγουμένῳ

135 710 254 756 V.293
269 700 320 744 τοὶ
363 699 525 759 λιῖἱονα,
565 697 646 756 ἤδη
675 707 766 751 ταῖς
798 701 1052 755 Ῥωμαϊκαῖς
1092 703 1256 757 χώραις
1297 703 1599 756 εἰσκεχυμένων
1627 702 1712 743 τῶν

271 766 482 818 πολεμίων
525 768 586 817 εἷς
623 766 781 823 ἔδαφος
815 771 1019 823 καθαιρεῖ
1056 767 1130 810 καί
1165 769 1326 810 διαλύει
1366 765 1613 824 παραλόγως
1651 768 1711 817 εἰς

270 835 378 888 χοῦν
404 831 478 883 τὰς
505 831 609 888 πρὸς
646 832 869 876 θάλασσαν
919 835 1051 883 οἰκίας
1082 836 1164 876 τῶν
1192 835 1235 884 ἐξ
1262 831 1438 888 ἑσπέρας
1465 834 1623 886 ἐθνῶν,
1651 830 1708 887 μὴ

272 902 517 942 διαστεῖλαν
544 900 622 940 τοῦ
646 901 848 952 πολεμίου
889 898 934 942 τὸ
964 900 1119 955 φίλιον.
1179 900 1477 953 ἐδυσχέραινον
1506 892 1579 939 οὖν
1606 896 1710 953 πρὸς
1728 911 1773 939 ιο

272 964 346 1020 τὴν
389 963 590 1018 ἀβουλίαν
636 963 791 1020 ταύτην
835 963 910 1007 καὶ
955 964 1134 1007 ἀτοπίαν
1177 965 1228 1006 οιῗ
1263 961 1390 1018 μόνον
1429 961 1518 1006 ὅσοι
1556 964 1601 1004 ἐκ
1637 963 1711 1016 τῆς

267 1028 487 1085 Ἀμόλφης
516 1024 665 1085 ἤθεσιν
693 1032 1020 1087 ἑντεθραμμένοι
1042 1032 1300 1085 Ῥωμαϊκοῖς,
1331 1028 1436 1072 ἄλλα
1467 1027 1537 1071 καὶ
1564 1029 1608 1071 οἳ
1630 1029 1710 1071 τῶν

227 1097 316 1141 Βέκ
344 1098 418 1150 τῆς
450 1098 617 1150 Πι’σσης
645 1095 720 1151 την
756 1098 1075 1140 Κωνσταντίνου
1113 1097 1367 1146 α’νθείλοντο.
1417 1095 1545 1151 μήπω
1572 1096 1712 1136 τοίνυν

272 1160 410 1217 φυγὰς
439 1162 590 1218 ὀφθείς
633 1159 653 1202 ὅ
682 1162 884 1216 βασιλεῦς
917 1163 1101 1214 Ἀλὲξιος
1144 1168 1348 1218 χρησταῖς
1375 1162 1510 1203 ἐλπίσι
1537 1158 1636 1209 τούς
1663 1161 1710 1202 ἐκ

269 1228 397 1269 τῶνδε
437 1229 517 1269 τῶν
561 1229 689 1282 γενῶν
716 1227 930 1280 ἑβουκόλει
970 1230 1043 1270 καί
1069 1226 1115 1271 τὸ
1142 1231 1214 1283 τῆς
1242 1228 1374 1283 λύπης
1402 1225 1560 1283 ἀφῄρει
1585 1224 1706 1273 πολύ.
1724 1226 1771 1267 15

270 1292 326 1341 ὥς
352 1295 391 1334 δ’
420 1292 444 1333 ὅ
468 1295 546 1346 μὲν
574 1294 750 1350 δρασμῷ
777 1291 1007 1350 ἐχρήσατο,
1047 1292 1301 1348 βασιλεύσας
1331 1296 1370 1336 δ’
1396 1289 1447 1349 ἦν
1473 1291 1705 1345 Ἰσαὰκιος,

268 1356 550 1401 καταλλάσσει
578 1357 674 1408 τοὺς
705 1359 750 1400 ἐκ
775 1360 845 1414 τῆς
873 1361 1042 1414 Πίσσης
1076 1365 1162 1410 τοῖς
1187 1361 1441 1412 Βενετίκοις,
1472 1359 1567 1400 καθ’
1589 1354 1706 1412 ἡμῶν

269 1422 343 1464 καί
369 1425 492 1465 τοῦτο
519 1424 811 1480 α’συντηρήτως
838 1423 1183 1479 ἐπιτεχνώμενος·
1240 1424 1279 1467 οἱ
1308 1426 1354 1467 δὲ
1381 1422 1486 1480 πρὸς
1509 1423 1585 1478 την
1613 1426 1706 1464 Πε-

269 1491 396 1543 ραιάν
422 1489 656 1544 α’πάραντες
672 1522 684 1542 ,
736 1492 780 1532 ἐν
807 1484 834 1546 ᾗ
863 1492 1059 1533 κατέλυον
1096 1490 1144 1533 οἱ
1163 1491 1389 1547 διάφοροι,
1413 1490 1595 1544 γίνονται
1620 1491 1707 1536 τοῖς

267 1552 411 1609 πρώην
436 1553 656 1610 οἷντίφροσι
684 1553 878 1612 σύσκηνοι
893 1559 966 1599 καί
992 1554 1233 1609 ὄμόδειπνοι
1256 1557 1329 1599 καί
1352 1554 1405 1599 τοὶ
1434 1553 1570 1598 πάντα
1597 1570 1703 1607 συμ-
1717 1571 1768 1598 20

268 1626 390 1675 φυεῖς
416 1619 489 1662 καί
515 1618 760 1677 ὁμόφρονες.
827 1621 1170 1678 ε’ννακαιδεκάτην
1199 1625 1408 1678 διάγοντος
1434 1623 1510 1664 τοῦ
1536 1617 1705 1674 Αὕγού-
1759 1622 1763 1624 ’

267 1700 370 1727 στου
397 1684 535 1741 μηνός,
559 1689 631 1741 τῆς
659 1689 774 1743 ἕκτης
805 1688 1073 1743 ι’νδικτιαῖνος,
1101 1691 1177 1731 τοῦ
1202 1685 1555 1742 ἑξακισχιλιοστοῦ
1579 1684 1706 1728 ἑπτα-

266 1753 485 1794 κοσιοστοῦ
527 1750 600 1794 καὶ
626 1753 846 1796 ἑνδεκάτου
882 1751 1022 1808 ἔτους,
1069 1755 1135 1810 (2)
1177 1756 1286 1804 τινὲς
1321 1755 1402 1796 τῶν
1431 1753 1704 1809 Φραγγίσκων

363 1880 397 1902 2.
423 1868 498 1903 τιιῖν
521 1867 777 1919 παραφόρων]
808 1872 882 1906 τῶν
907 1871 1232 1917 δαιμονιζομένων
1256 1871 1292 1903 Β.
1434 1882 1484 1906 ιι.
1513 1869 1561 1905 ου’
1581 1868 1704 1915 μόνον

360 1914 462 1963 ὅσοι]
495 1918 583 1960 ου’χὶ
609 1916 733 1963 μόνον
760 1917 799 1952 οἱ
821 1919 1006 1962 βενέτικοι
1030 1919 1166 1962 ἐχθροὶ
1189 1916 1422 1963 ᾳαινόμενοί
1444 1927 1483 1951 τε
1506 1918 1570 1951 καὶ
1593 1928 1702 1963 νομι-

358 1960 577 2055 {25:322}
593 2010 618 2042 B
670 1967 726 2001 23.
751 1964 850 2003 τινὲς
876 1964 950 2001 τῶν
975 1966 1238 2011 φραντζίσκων
1257 1964 1373 1999 οἱκαὶ
1396 1965 1595 2010 φλαβίονες
1616 1963 1704 2002 ὀνο-

270 2122 459 2166 quisquam
498 2122 568 2156 fuit
599 2123 663 2167 qui
699 2123 846 2168 pietatis
873 2134 1012 2157 causam
1048 2123 1163 2157 libere
1194 2135 1297 2169 agere
1321 2123 1487 2158 auderet:
1514 2124 1579 2157 sed
1603 2126 1703 2170 quod

270 2168 417 2212 quidem
442 2168 488 2200 ad
506 2169 703 2210 silentium,
727 2181 773 2203 ne
792 2175 975 2215 stuporem
991 2171 1130 2212 dicam,
1155 2172 1306 2212 attinet,
1329 2171 1436 2215 plane
1461 2171 1607 2205 attoniti
1631 2172 1703 2205 fui-

268 2225 346 2249 mus
373 2225 507 2249 omnes.
521 2215 618 2248 unde
644 2217 800 2249 violatae
819 2218 1005 2261 religionis
1033 2218 1085 2251 rei
1109 2229 1151 2251 ea
1173 2218 1267 2251 mala
1295 2217 1522 2251 toleravimus
1548 2223 1585 2252 et
1608 2218 1704 2253 vidi-

252 2272 364 2302 σωκ,
391 2261 522 2305 quibus
539 2263 699 2305 graviora
721 2263 782 2296 vix
806 2263 1049 2297 inveniuntur.

358 2307 448 2340 Nam
473 2309 600 2352 populi
633 2307 762 2350 turba,
797 2315 837 2343 ut
869 2311 982 2351 solet,
1007 2322 1074 2344 nec
1099 2321 1163 2344 sua
1187 2315 1315 2354 sponte
1339 2320 1425 2343 sana
1449 2311 1599 2344 consilia
1628 2323 1705 2345 am-

223 2357 226 2359 '
266 2354 429 2399 plectens
465 2365 533 2387 nec
569 2355 720 2388 meliora
747 2356 982 2390 suadentibus
1020 2357 1292 2402 obtemperans,
1321 2367 1400 2389 cum
1423 2356 1494 2388 iam
1518 2358 1639 2392 hostes
1663 2360 1704 2393 in

268 2402 442 2434 Romanas
472 2401 672 2446 provincias
705 2403 938 2447 irrupissent,
976 2409 1120 2448 praeter
1151 2414 1290 2437 omnem
1317 2404 1600 2446 expectationem
1625 2406 1704 2439 solo

267 2453 401 2492 aequat
426 2452 463 2479 et
487 2448 525 2480 in
553 2448 736 2492 pulverem
770 2449 901 2494 redigit
928 2451 1123 2483 maritimas
1147 2449 1433 2483 Occidentalium
1458 2452 1616 2494 gentium
1642 2463 1704 2485 ae-

269 2493 344 2535 des,
369 2494 491 2527 amicis
516 2493 561 2539 ab
579 2494 743 2528 hostibus
763 2506 837 2528 non
859 2496 1047 2530 distinctis.
1072 2508 1149 2530 eam
1172 2496 1412 2530 temeritatem
1437 2502 1474 2529 et
1496 2497 1704 2532 absurdita-

266 2545 341 2573 tem
364 2552 438 2574 non
461 2545 600 2574 tantum
622 2541 715 2575 cives
729 2542 877 2575 Romani
904 2542 967 2575 sed
994 2548 1031 2576 et
1051 2544 1168 2577 Pisani
1191 2543 1363 2587 inquilini
1386 2545 1579 2587 aegerrime
1606 2545 1703 2579 tule-

268 2592 363 2620 runt.
410 2587 557 2621 Alexius
582 2593 702 2621 autem
726 2594 918 2633 antequam
942 2589 1104 2633 fugeret,
1129 2601 1250 2623 earum
1268 2590 1425 2634 gentium
1449 2589 1611 2626 homines
1634 2591 1703 2624 bo·-

266 2644 314 2666 na
338 2644 401 2679 spe
424 2634 584 2668 lactabat
608 2634 842 2680 doloremque
867 2636 1065 2679 mitigabat.
1090 2642 1131 2670 ut
1155 2647 1238 2669 vero
1265 2636 1295 2668 is
1320 2637 1358 2669 in
1381 2636 1492 2681 pedes
1517 2648 1554 2671 se
1578 2639 1702 2671 conie-

268 2680 339 2721 cit,
379 2681 535 2714 Isaacius
569 2682 719 2726 imperio
756 2688 965 2727 recuperato
1004 2684 1149 2716 Pisanos
1187 2695 1266 2716 cum
1290 2683 1439 2716 Venetis
1470 2684 1508 2717 in
1541 2690 1700 2720 nostram

267 2725 430 2759 fraudem
453 2739 578 2771 magna
602 2739 682 2761 cum
705 2728 910 2762 temeritate
940 2730 1159 2763 reconciliat.
1186 2730 1212 2763 ii
1238 2741 1319 2763 vero
1344 2731 1509 2763 Peraeam
1535 2732 1700 2775 profecti,

268 2772 333 2807 ubi
356 2773 548 2809 adversarii
576 2774 869 2818 diversabantur,
891 2781 1050 2811 veterum
1076 2777 1302 2812 inimicorum
1327 2776 1494 2823 hospitiis
1519 2782 1556 2811 et
1579 2778 1701 2814 convi-
