1878 3230
397 196 469 238 DE
506 194 680 235 smms
720 191 912 234 CONST.
957 189 1398 233 ΥΤιΝονοιιΤΜκἹε.
1477 168 1595 242 859

168 293 240 336 καί
266 293 443 336 ἀλλοίων
475 294 735 346 θαυμαστῶν
757 290 889 346 ἔργων
911 290 987 345 τήν
1019 289 1312 346 καταστροφήν
1339 291 1530 344 παρῆκαν
1557 287 1597 330 οἶ

166 361 246 401 τοῦ
270 360 402 400 καλοῦ
428 359 650 412 α’νέραστοι
680 351 795 398 οὗτοι
831 356 1061 412 βάρβαροι,
1090 353 1197 398 ἄλλα
1226 356 1298 398 καὶ
1323 356 1456 397 ταῦτα
1482 351 1599 395 κεκό-

168 439 301 478 φασιν
326 424 386 471 εἰς
413 420 623 475 νόμισμα,
654 421 1030 474 ἀπαλλασσόμενοι
1057 423 1217 475 μικρῶν
1245 421 1295 463 τιὶ
1326 417 1487 474 μεγάλα
1526 418 1599 460 καί

168 486 222 529 τοὶ
244 487 448 536 δαπάναις
466 488 698 541 πονηθέντα
713 484 926 540 μεγίσταις
953 487 1184 528 ου’τιδανῶν
1201 483 1476 532 ἀντιδιδόντες
1506 499 1601 538 κερ-

133 552 324 606 5μάτων.
380 552 630 607 κατήρειπτο
657 555 794 594 τοίνυν
814 551 1026 606 (Ηρακλῆς
1056 551 1078 593 ὅ
1108 554 1349 607 τριέσπερος
1373 552 1502 604 μέγας
1526 564 1603 602 με·-

171 617 357 671 γαλωστὶ
379 618 535 674 κοφίνῳ
564 618 841 671 ἑνιδρυμένος,
869 619 944 670 τῆς
962 618 1127 672 λεοντῆς
1153 614 1470 669 ὑπεστρωμένης
1495 609 1603 655 ἅνω-

169 685 268 735 θεν,
300 681 437 725 δεινόν
469 679 630 737 δρώσης
657 681 735 722 κοῖν
774 683 830 738 ,τῷ
867 683 1010 739 χαλκῷ
1046 681 1119 723 καί
1155 683 1310 735 μικροῦ
1350 677 1604 736 βρυχηθμὸν

169 744 366 804 ἐφιείσης
395 750 467 789 καί
493 745 776 803 διαθροοτῖσης
811 745 859 788 τό
899 746 1193 803 ἐφιστάμενον
1216 747 1348 788 ἐκεῖσε
1385 748 1460 787 τοῦ
1500 741 1607 798 πλή-

169 816 274 862 θους
301 811 555 866 α’πάλαμνον.
590 810 771 867 ἐκάθητο
799 813 845 855 δὲ
870 811 929 868 μή
957 810 1143 868 γωρυτὸν
1177 813 1422 866 ἐξημμένος,
1449 807 1508 864 μὴ
1540 806 1606 851 τό·

114 881 240 929 ιοξον
267 884 360 920 ταῖν
383 884 529 932 χεροῖν
559 880 724 934 φέρων,
753 875 813 933 μή
843 879 891 919 τὸ
921 876 1104 933 ῥόπαλον
1122 876 1470 932 προβαλλόμενος,
1499 871 1605 916 ἄλλα

171 943 247 998 τήν
276 943 353 996 μὲν
384 943 524 994 δεξιὰν
551 942 678 996 βάσιν
705 944 898 986 ἐκτείνων
937 941 1078 998 ὥσπερ
1107 945 1179 984 καί
1210 941 1284 997 τήν
1321 940 1453 996 αὐτὴν
1483 947 1608 995 χεῖρα

173 1010 234 1059 εἷς
262 1006 360 1052 ὅσον
388 1010 508 1062 ἐξῆν,
535 1008 610 1050 τόν
638 1010 686 1050 δὲ
716 1008 932 1060 εὕώνυμον
963 1009 1074 1050 πόδα
1105 1007 1302 1060 κάμπτων
1327 1008 1385 1056 εἰς
1425 1006 1472 1049 τό
1511 1005 1608 1060 γόνυ

173 1076 248 1116 καί
270 1073 339 1128 τὴν
366 1071 490 1116 λαιόν
516 1079 642 1128 χεῖρα
682 1075 746 1115 ἐπ’
784 1075 967 1128 α’γκῶνος
1005 1075 1200 1128 ἐρείδων,
1241 1069 1332 1115 εἶτα
1375 1071 1422 1114 τό
1463 1070 1610 1115 λοιπόν

173 1140 250 1194 τῆς
276 1136 420 1193 χειρός
449 1139 698 1191 α’νατείνων,
729 1138 802 1180 καί
827 1141 888 1196 τῷ
911 1143 1062 1182 πλατεῖ
1088 1137 1242 1192 ταύτης
1278 1137 1466 1190 α’θυμίας
1506 1138 1611 1191 πλή-

113 1208 252 1259 ιόρης
275 1203 592 1246 καθυποκλίνων
619 1203 758 1258 ἤρε’μα
783 1202 857 1259 τήν
885 1201 1095 1259 κεφαλήν,
1130 1202 1203 1244 καὶ
1238 1201 1314 1251 τὰς
1351 1204 1461 1252 ἰδίας
1497 1199 1608 1243 οὕτω

173 1270 309 1321 τύχας
350 1268 676 1321 α’ποκλαιόμενος
715 1271 788 1311 καί
827 1270 1115 1323 δυσχεραίνων
1150 1274 1236 1316 τοῖς
1277 1264 1448 1320 ἄθλοις,
1485 1265 1611 1316 ὅσους

174 1335 287 1390 αὐτῷ
314 1332 562 1389 Εὐρυσθεύς
579 1330 630 1374 οὔ
646 1332 754 1375 κατὰ
774 1336 922 1389 χρείαν
950 1332 1055 1375 κατὰ
1083 1335 1130 1375 δὲ
1149 1332 1310 1389 φθόνον
1324 1336 1482 1386 μᾶλλον
1498 1335 1609 1389 ἠγω-

172 1401 354 1452 νοθέτει,
382 1400 441 1457 τῷ
468 1401 541 1455 τῆς
571 1399 704 1455 τύχης
730 1397 916 1455 περιόντι
945 1397 1205 1456 φυσώμενος.
1263 1395 1315 1454 ἦν
1344 1401 1390 1441 δὲ
1418 1398 1461 1440 td
1492 1399 1609 1453 στέρ·

263 1523 293 1558 5.
313 1521 546 1568 τριέσπερος]
564 1521 673 1554 huius
692 1521 847 1566 epitheti
864 1522 961 1566 origo
980 1521 1024 1554 ad
1040 1521 1309 1566 Lycophronem
1323 1521 1398 1567 (33)
1412 1521 1609 1564 explicatur

267 1579 287 1600 a
299 1568 441 1600 Tzetze.
457 1569 574 1601 VVizx.
638 1571 670 1603 6.
692 1568 774 1600 vide
790 1580 882 1612 quae
897 1568 942 1600 de
960 1568 1028 1600 hoc
1045 1571 1191 1613 κοφίνῳ
1207 1567 1411 1600 doctissime
1426 1567 1609 1611 disputata

263 1620 347 1648 sunt
365 1626 384 1647 a
403 1614 439 1646 C.
455 1614 497 1647 G.
514 1615 717 1658 Boettigero
733 1615 770 1646 in
783 1615 961 1647 Historiae
988 1614 1166 1646 bellorum
1191 1614 1427 1646 cruciatorum
1445 1623 1608 1645 sermone

244 1661 380 1706 *patrio
410 1672 431 1693 a
453 1671 509 1693 me
537 1661 655 1693 edita·
683 1667 779 1693 tomo
803 1661 835 1694 V
853 1661 1035 1705 (Beilagen
1058 1672 1091 1704 p.
1113 1661 1170 1695 32.
1197 1661 1267 1706 33).
1294 1659 1527 1704 peritissimus
1552 1670 1608 1692 re-

265 1718 343 1740 rum
373 1707 601 1752 antiquarum
625 1707 776 1748 arbiter,
804 1706 967 1747 iudicat,
996 1707 1128 1747 corbe,
1165 1707 1223 1738 cui
1259 1707 1465 1750 impositum
1498 1706 1608 1738 suisse

265 1753 455 1785 Herculem
482 1759 564 1798 post
588 1753 730 1786 labores
754 1759 916 1798 peractos
942 1754 1228 1798 requiescentem
1253 1752 1343 1785 dicit
1363 1752 1528 1792 Nicetas,
1555 1763 1610 1784 re-

265 1800 489 1844 praesentari
517 1799 619 1834 illum
645 1800 812 1840 corbem,
839 1811 910 1844 quo
936 1799 1080 1833 heroem
1106 1799 1151 1831 ad
1175 1798 1358 1843 purganda
1382 1799 1515 1842 Augiae
1537 1803 1610 1831 sta-

267 1845 356 1879 bula
382 1857 485 1879 usum
510 1857 586 1878 esse
606 1847 774 1879 nonnulli
795 1851 935 1879 veteres
953 1852 1081 1890 poetae
1099 1845 1315 1878 fabulantur.
1341 1851 1496 1879 ceterum
1511 1844 1609 1877 haud

267 1893 341 1924 scio
369 1903 414 1924 an
442 1891 606 1932 Nicetas,
632 1893 694 1937 qui
722 1893 868 1924 insolita
895 1892 1002 1925 verba
1036 1892 1164 1925 sectari
1201 1892 1313 1932 solet,
1362 1903 1426 1924 suo
1461 1893 1608 1935 κοφίνῳ

270 1937 364 1972 nihil
392 1938 492 1971 aliud
520 1939 717 1982 significare
739 1939 894 1972 voluerit
926 1950 1031 1983 quam
1057 1938 1157 1983 quod
1180 1938 1374 1982 simplicius
1401 1937 1519 1970 dicere
1543 1948 1611 1981 po-

269 1985 399 2017 tuisset
420 1985 543 2023 βιίσιν.
567 1985 716 2018 fortasse
754 1985 815 2017 illa
839 1984 932 2019 basis
958 1985 1111 2018 rotunda
1137 1989 1174 2017 et
1208 1984 1322 2018 corbis
1358 1985 1493 2018 formae
1518 1994 1610 2030 quo-

272 2029 462 2064 dammodo
488 2031 615 2065 similis
643 2037 729 2066 erat.
755 2032 872 2065 wax.

183 2142 364 2176 mirabilia
392 2154 502 2189 opera
527 2149 686 2178 evertere
707 2145 944 2189 neglexerunt
964 2142 1109 2177 barbari
1141 2144 1213 2185 ini,
1243 2155 1360 2178 rerum
1397 2143 1609 2188 optimarum

179 2189 321 2231 hostes,
349 2190 413 2223 sed
439 2190 503 2223 illa
526 2201 670 2236 quoque
697 2192 837 2224 concisa
861 2191 900 2223 in
922 2192 1137 2224 numismata
1156 2196 1357 2231 verterunt,
1381 2201 1507 2233 magna
1528 2201 1610 2234 par·

179 2236 233 2269 vis
258 2241 524 2277 commutantes,
549 2248 590 2270 ac
613 2237 867 2282 quaeingenti
888 2242 1030 2281 sumptu
1053 2237 1214 2270 confecta
1241 2237 1394 2277 fuerant,
1416 2236 1610 2272 vilissimae

181 2288 349 2316 monetae
363 2289 630 2327 postponentes.
649 2282 806 2316 deiectus
829 2283 951 2328 itaque
973 2283 1205 2317 estllercules
1215 2283 1450 2327 Trihesperus
1460 2293 1608 2326 magnus

183 2328 247 2361 ille
273 2329 458 2373 magnifice
470 2329 750 2370 fabrefactus,.in
767 2329 874 2362 corbe
900 2334 1048 2370 erectus,
1073 2330 1132 2362 cui
1159 2341 1312 2374 superne
1331 2329 1476 2362 leonina
1502 2328 1608 2373 pellis

182 2374 332 2408 instrata
355 2381 430 2409 erat
451 2386 532 2408 cum
556 2376 672 2420 capite
694 2375 753 2409 vel
780 2376 819 2409 in
842 2376 919 2420 ipso
947 2386 1028 2408 aere
1051 2381 1190 2409 torvum
1219 2376 1411 2420 aspiciente
1432 2386 1472 2407 ac
1497 2384 1608 2418 prope

185 2421 339 2464 rugitum
365 2423 551 2456 emittente
577 2422 932 2467 multitudinemque,
958 2433 1051 2466 quae
1079 2422 1172 2455 sorte
1196 2422 1271 2454 illic
1294 2427 1425 2461 staret,
1457 2421 1608 2452 otiosam

186 2465 412 2510 dispellente.
435 2468 586 2503 sedebat
607 2474 727 2502 autem
754 2479 828 2502 non
850 2468 1053 2513 pharetram
1078 2474 1234 2512 gestans,
1262 2479 1336 2501 non
1361 2478 1478 2499 arcum
1494 2465 1609 2498 mani-

188 2511 257 2544 bus
285 2518 432 2554 tenens,
457 2525 531 2547 non
555 2515 652 2548 clava
677 2515 856 2556 munitus3
879 2514 943 2548 sed
973 2513 1134 2548 doxtrum
1150 2514 1279 2559 pedem
1303 2520 1340 2546 et
1358 2513 1516 2545 dextram
1533 2522 1608 2543 ma-

186 2569 293 2599 num,
315 2565 485 2603 quantum
515 2566 674 2604 poterat,
699 2561 917 2602 extendens,
941 2561 1042 2594 laevo
1064 2560 1158 2605 pede
1181 2560 1228 2594 ad
1247 2570 1350 2604 rgenu
1383 2568 1497 2601 usque
1524 2568 1609 2589 cur-

186 2609 270 2638 vato
296 2609 332 2637 et
356 2604 498 2638 sinistra
523 2617 628 2643 manu
650 2607 772 2641 cubito
798 2607 953 2647 suffulta,
980 2618 1084 2651 quam
1108 2607 1269 2650 superius
1296 2603 1489 2638 extendens
1511 2613 1608 2636 mae-

188 2661 268 2682 rore
292 2649 419 2694 plenus
444 2657 550 2695 caput
570 2653 608 2686 in
634 2654 743 2697 ipsius
769 2654 886 2686 volam
912 2654 1044 2686 leniter
1077 2652 1295 2690 reclinabat,
1324 2650 1398 2682 fata
1430 2649 1609 2682 fortunas-

189 2707 261 2740 que
287 2708 366 2729 suas
401 2696 611 2741 deplorans,
648 2710 824 2743 aegreque
854 2700 970 2732 ferens
1008 2698 1147 2731 labores
1181 2697 1314 2742 quibus
1352 2696 1455 2728 illum
1495 2695 1608 2738 Eury-

190 2741 323 2783 stheus,
345 2754 418 2780 uon
446 2753 490 2778 ex
512 2745 720 2781 necessitate
749 2745 815 2780 sed
837 2756 880 2780 ex
903 2744 1039 2780 invidia
1059 2744 1188 2788 magis,
1215 2743 1359 2778 fortuna
1377 2753 1441 2778 sua
1463 2740 1606 2777 inflatus
