1878 3230
693 161 831 202 umss
872 159 1063 203 CAPTA.
1482 160 1588 226 797

155 260 250 310 mig,
311 263 459 313 πεῖραν
498 260 545 301 δὲ
583 257 657 300 καί
679 259 759 302 τῶν
785 261 830 302 ἐν
858 263 909 317 τῇ
941 260 1059 302 πόλει
1099 261 1152 317 τῇ
1180 258 1358 318 Προύσῃ
1384 262 1528 313 λαβεῖν
1554 258 1597 302 οῖ

157 330 339 370 Λατῖνοι
365 327 560 374 θέλοντες
577 327 651 366 καί
675 326 829 378 γνῶναι
847 326 953 380 πρὸς
981 323 1043 375 οἷς
1066 324 1188 380 εἰσίν,
1213 324 1307 368 ἐπεὶ
1329 327 1437 380 μηδὲ
1463 341 1594 381 προσ·
1606 335 1720 381 P.389

156 390 269 445 εἶχόν
293 407 416 447 σφισι
442 393 695 443 Προυσαῖοι,
716 389 822 431 α’λλὰ
840 395 936 432 σῖτα
953 390 1304 445 παρεσκευακότες
1324 393 1476 446 διαρκῆ
1493 390 1596 447 πρὸς

154 458 397 512 πολιορκίαν
421 453 598 509 χρονίαν
625 456 698 496 καί
723 457 775 511 τῇ
801 456 918 497 θέσει
955 457 1033 497 τοῦ
1069 455 1198 498 τόπου
1237 453 1497 505 πιστεύοντες
1535 456 1595 512 μῆ

120 517 210 565 5c'c‘v
226 537 324 563 ποτε
342 519 414 577 βάὲι
440 517 612 573 ἁλῶναι,
631 517 697 561 ὅτι
724 519 797 561 καί
821 519 893 562 ε’πί
915 521 1099 576 γηλόφου
1129 515 1299 577 ᾤκισται
1313 524 1498 576 Προῦσα
1525 524 1600 564 καὶ

154 581 292 642 τεῖχος
318 583 470 640 ὀχυρὸν
497 587 815 640 περιβέβληται,
846 580 1025 640 ἄραντες
1052 588 1098 628 ἐκ
1113 588 1338 628 Λοπαδίου
1370 588 1420 644 τῇ
1447 586 1598 643 Πρού-

157 668 210 709 σῃ
244 653 465 705 προσιάσι,
510 652 584 692 καί
623 649 670 692 τό
702 649 989 705 μεσημβρινὸν
1016 657 1152 705 τεῖχος
1178 652 1462 708 διειληφότες,
1488 651 1595 695 καθὸ

154 717 201 759 τὸ
230 719 309 770 μὲν
335 711 434 771 ὅρος
459 714 482 756 ὅ
500 711 712 768 Ὄλυμπος
731 717 952 771 α’ναχωρεῖ
972 732 1012 757 τι
1029 715 1170 771 βραχύ
1202 718 1273 772 τῆς
1296 716 1468 771 πόλεως,
1495 716 1517 759 o‘
1549 720 1599 760 δὲ

155 780 370 837 πετρώδης
403 780 532 836 λόφος
568 779 592 821 ό
629 780 706 836 την
740 779 862 823 πόλιν
906 781 1204 835 διαλαμβάνων
1239 782 1438 838 μεθίησιν
1467 786 1600 826 ἐκεῖσε

98 863 144 890 ιο
157 848 232 903 τὴν
257 845 368 903 ιὅλην
403 848 478 889 τοῦ
519 845 663 902 χώρου
694 846 917 899 διάζωσιν,
957 848 1160 889 ἐνέκειντο
1188 847 1290 898 τούς
1311 846 1431 890 ἔνδον
1462 846 1602 891 αἰτού-

154 928 275 967 μενοι
302 914 356 970 τῇ
382 912 501 955 πόλει
530 913 643 968 σφᾶς
670 913 957 966 εἰσδέξασθαι,
987 913 1044 961 ὥς
1068 910 1177 954 οὕτω
1205 916 1287 955 τῶν
1313 913 1417 969 πρὸς
1446 917 1602 968 βουλῆς

155 977 487 1032 ἐπιτευξόμενοι,
530 975 633 1033 ὅπερ
671 978 830 1033 α’νάγκη
868 977 926 1033 μὴ
963 977 1103 1032 εὑρεῖν
1141 976 1336 1034 ὕστερον,
1376 979 1496 1034 ἡνίκα
1523 980 1602 1034 τὴν

156 1046 235 1097 μὲν
262 1043 385 1086 πόλιν
425 1043 483 1092 ὥς
521 1046 581 1092 εἰς
609 1045 808 1099 χείρωσιν
843 1042 971 1085 αιῖτοί
1005 1045 1292 1099 περιέλθοιεν,
1322 1044 1374 1087 τὰ
1403 1046 1452 1086 δὲ
1483 1047 1638 1100 τείχηΒ

156 1117 252 1160 ταῖς
277 1107 494 1152 ἓλεπόλεσι
521 1111 752 1155 τύπτοιντο.
815 1110 948 1164 μηδὲν
975 1111 1022 1151 δὲ
1050 1110 1321 1165 φρονούντων
1345 1112 1448 1165 πρὸς
1471 1113 1602 1153 ταῦτα

97 1179 145 1223 ι5
158 1175 378 1229 ἐνδόσιμον
402 1177 484 1219 τῶν
513 1173 649 1228 ἐντός,
668 1196 674 1204 v*
695 1178 815 1217 ε’νίων
848 1177 896 1217 δὲ
922 1173 997 1216 καὶ
1025 1173 1329 1230 θαρρησάντων
1356 1175 1431 1231 τήν
1460 1175 1602 1228 ἔξοδον

157 1244 234 1285 καί
256 1239 436 1291 πολλοὺς
462 1243 547 1283 τῶν
590 1240 804 1296 ἐπισήμων
841 1240 1052 1292 βαλόντων
1075 1241 1216 1294 βέλεσι
1246 1239 1322 1282 καί
1345 1241 1600 1295 καταβαλόν-

155 1324 260 1360 των,
291 1306 469 1360 αὕτίκα,
513 1304 570 1356 ὦς
610 1307 663 1347 οὔ
663 1323 694 1360 χ
720 1304 910 1360 αἱρετέον
946 1303 1084 1348 ἐδόκει
1122 1305 1168 1348 τὸ
1194 1312 1354 1360 τεῖχος,
1382 1309 1455 1349 καί
1475 1306 1602 1360 μα’λι-

156 1389 236 1415 στα
261 1377 347 1422 τοῖς
374 1374 419 1424 ἐξ
449 1371 606 1428 ἐφόδου
635 1369 996 1425 προσβάλλουσιν,
1026 1373 1187 1414 ἐκεῖθεν
1212 1374 1506 1426 μεθίστανται.
1563 1373 1604 1415 οἱ

156 1439 204 1480 δὲ
234 1441 475 1492 Προυσαῖοι
505 1436 612 1490 πρὸς
653 1435 730 1491 την
767 1439 850 1478 τῶν
885 1439 1086 1479 Λατίνων
1129 1432 1312 1492 ἄπαρσιν
1353 1435 1417 1479 ἔτι
1443 1439 1602 1491 μᾶλλον

92 1523 146 1549 20
158 1506 411 1559 πλησθέντες
439 1504 704 1558 φρονήματος
729 1501 833 1544 κατὰ
861 1505 1030 1551 πλείους
1066 1503 1288 1545 ἐπέκειντο.
1342 1501 1396 1545 τὰ
1422 1504 1461 1544 δ’
1488 1503 1597 1545 αὐτὰ

155 1567 290 1625 ἔδρων
325 1570 399 1611 καί
424 1569 469 1610 οἳ
489 1568 573 1610 τῶν
593 1565 848 1623 ὕπερδεξίων
885 1567 1104 1622 ἐλάβοντο,
1143 1569 1201 1610 δι’
1238 1562 1299 1610 ὧν
1326 1567 1370 1610 τὸ
1405 1570 1601 1622 πολέμιον

253 1730 283 1752 1.
306 1718 456 1765 πεῖραν]
481 1719 653 1758 θέλοντες
676 1719 716 1753 δὲ
743 1720 809 1753 καὶ
834 1717 924 1756 τοὺς
948 1722 1156 1763 προυσαεῖς
1182 1717 1393 1764 δοκιμάσαι
1421 1718 1459 1751 οἱ
1481 1720 1599 1754 ,Λατῖ-

250 1775 315 1800 νοι
343 1767 409 1798 καὶ
434 1768 622 1811 γνωρίσαι
647 1764 743 1809 πρός
777 1768 882 1802 τίνας
907 1765 1137 1809 κρατοῦνται
1153 1791 1163 1806 ,
1186 1766 1268 1798 ἐπεὶ
1296 1765 1385 1799 οὐδὲ
1414 1765 1600 1810 ὑποταγῆ-

250 1822 316 1845 ναι
339 1810 481 1853 ἤθελον
503 1818 582 1850 τοῖς
607 1811 817 1858 φράγγοις,
843 1807 936 1845 ἀλλὰ
964 1806 1005 1845 τό
1031 1811 1157 1845 αὐτῶν
1183 1812 1349 1854 κάστρον
1375 1815 1601 1858 γεμίσαντες

246 1857 288 1891 ἔκ
315 1867 355 1891 τε
387 1861 560 1903 σιταρίου
600 1862 665 1892 καὶ
690 1859 814 1893 ἄλλων
839 1861 914 1892 τῶν
952 1854 1051 1900 πρός
1083 1860 1218 1902 χρείαν
1243 1857 1374 1897 αὔτοῒς
1397 1862 1601 1905 βρωσίμων

247 1900 346 1947 πρός
368 1903 539 1951 πόλεμον
563 1904 832 1952 ἡτοιμάζοντο,
857 1906 920 1938 καὶ
948 1903 1060 1938 οὐδὲν
1084 1905 1214 1942 αὐτοῖς
1234 1904 1438 1948 τῗποκῦψαι
1460 1905 1600 1950 ἔλεγον,

249 1950 324 1984 κᾶν
359 1952 398 1984 εἴ
416 1963 454 1984 τι
490 1953 554 1984 καὶ
578 1953 751 1997 γένηται,
789 1949 848 1985 ὅτι
875 1952 941 1985 καὶ
967 1946 1007 1984 τό
1036 1950 1202 1996 κάστρον
1226 1952 1353 1986 αὐτῶν
1376 1953 1431 1990 εἰς
1455 1947 1601 1996 ὑψηλόν

249 1997 371 2031 τόπον
397 2002 519 2030 κεῖται
543 2000 608 2031 καὶ
630 2001 733 2043 τείχη
759 1993 890 2043 στερεὰ
920 1998 1015 2041 ἔχει,
1041 1996 1255 2042 ἀπάραντες
1278 1999 1375 2044 γοῦν
1402 1995 1476 2033 α’πό
1497 2019 1539 2024 --
1562 1999 1597 2031 Β.

249 2045 282 2078 3.
306 2048 368 2076 aut
391 2043 551 2077 abundat
577 2040 673 2079 α’λλᾶ
702 2050 765 2078 aut
788 2055 831 2077 ex
854 2045 879 2076 B
907 2043 1157 2088 supplendum.
1338 2047 1372 2080 6.
1396 2039 1537 2092 ἐχυρόν
1560 2047 1598 2079 Α.

254 2099 304 2122 12.
326 2090 650 2138 ἐπιτευξομένωνὲ
747 2102 800 2137 ¹7·
828 2088 1010 2136 αἱρετὸν.ο

158 2219 195 2252 lo
223 2218 391 2263 imposita
429 2223 486 2254 est
509 2223 548 2254 et
571 2219 681 2254 firmis
710 2220 926 2254 circumdata
958 2219 1188 2266 moenibus),
1212 2223 1251 2254 et
1270 2230 1309 2253 se
1337 2219 1598 2265 inexpugnabi-

158 2265 212 2298 les
237 2276 315 2298 esse
340 2265 429 2307 rati,
453 2277 528 2300 non
552 2266 743 2301 cedebant.
766 2267 928 2312 Lopadio
962 2267 1089 2300 relicto
1115 2277 1194 2299 eam
1219 2266 1345 2300 urbem
1371 2267 1472 2300 iuxta
1498 2278 1598 2299 moe-

159 2312 220 2344 nia
236 2337 246 2351 ‚
272 2323 343 2356 qua
383 2324 485 2346 mons
509 2313 681 2359 Olympus
721 2314 908 2359 paululum
932 2313 977 2346 ab
1016 2325 1056 2346 ea
1083 2312 1279 2346 reflectitur
1306 2318 1343 2347 et
1367 2325 1511 2346 saxosus
1539 2319 1597 2346 tu-

160 2357 278 2391 mulus
302 2359 365 2403 qui
403 2370 481 2392 eam
502 2360 615 2394 ambit
653 2361 948 2406 interrumpitur,
974 2359 1167 2400 obsident,
1199 2360 1426 2404 postulantes
1463 2365 1504 2393 ut
1537 2371 1598 2391 ur-

160 2404 209 2437 be
249 2405 480 2450 recipiantur.
513 2407 566 2440 ita
606 2407 704 2440 enim
736 2418 828 2452 quae
859 2407 973 2441 velint
997 2407 1266 2451 impetraturos:
1301 2406 1356 2439 sin
1383 2405 1506 2438 urbem
1531 2416 1598 2449 op·-

161 2460 319 2494 pugnare
353 2457 391 2484 et
407 2452 536 2487 arietes
566 2464 706 2486 murum
730 2459 916 2498 percutere
941 2453 1147 2498 coeperint,
1172 2452 1280 2485 aliam
1305 2452 1480 2485 rationem
1507 2451 1596 2483 fore.

161 2495 227 2529 sed
251 2507 330 2529 cum
355 2498 446 2532 cives
468 2511 542 2532 uon
569 2500 676 2532 modo
701 2511 723 2532 a
747 2500 935 2533 deditione
963 2499 1207 2540 abhorrerent,
1231 2498 1295 2532 sed
1320 2498 1464 2543 quidam
1489 2497 1597 2529 etiam

164 2542 203 2575 in
228 2542 340 2575 aciem
358 2545 478 2588 egredi
501 2546 580 2580 ausi
605 2547 738 2580 multos
763 2546 904 2580 nobiles
929 2546 1066 2591 sagittis
1090 2551 1131 2579 ut
1154 2545 1450 2590 prostravissent,
1475 2543 1598 2576 statim

164 2594 205 2621 ut
220 2599 293 2621 non
317 2593 509 2634 expugnari
532 2603 637 2637 posse
665 2593 831 2634 munitio,
854 2593 969 2638 primo
991 2592 1206 2637 ⁴praesertim
1232 2592 1369 2635 impetu
1394 2589 1596 2630 videbatur,

164 2634 251 2667 inde
276 2635 457 2670 recedunt.
515 2638 662 2672 Prusaei
700 2651 783 2674 vero
822 2639 867 2672 ad
907 2639 1061 2672 hostium
1088 2638 1282 2671 discessum
1307 2636 1419 2669 auctis
1445 2635 1596 2676 animis,

163 2681 361 2715 maioribus
394 2683 506 2727 copiis
545 2685 690 2718 Latinos
722 2697 742 2718 a
772 2692 871 2729 tergo
897 2685 1082 2729 urgebant.
1110 2684 1205 2717 idem
1230 2688 1267 2716 et
1302 2682 1364 2714 alii
1392 2682 1595 2722 faciebant,

164 2729 343 2763 montanis
367 2730 560 2776 occupatis,
583 2741 649 2777 per
672 2742 766 2778 quae
787 2731 950 2766 hostibus
974 2730 1230 2764 transeundum
1255 2733 1341 2762 erat.
1365 2739 1484 2774 neque
1506 2739 1595 2774 pau-
