1878 3230
319 155 430 210 320
760 165 985 207 NICETAE
1024 162 1332 205 CHONlATAE

322 271 397 326 τὴν
426 272 462 311 δ’
489 264 732 318 ὁμόλεκτρον
759 265 832 303 τοῦ
863 260 996 313 δόμου
1025 261 1273 314 ἀπαγαγών,
1303 259 1399 314 νηὸς
1426 261 1574 314 ἐπιβὰς
1603 263 1676 316 τῆς
1703 264 1745 311 ἐς

319 332 579 388 Ἀνδρόνικον
606 325 793 372 ἅπτεται.
851 324 872 367 ὃ
899 327 944 366 δὲ
983 324 1084 367 ἰδών
1114 325 1343 380 προσιόντα
1372 321 1652 379 τὸν”Λγγελον
1672 329 1746 370 λέ-

319 414 433 453 γεται
461 396 588 436 εἰπεῖν
617 389 763 444 ,,ἰὸού,
812 390 1025 433 ἀποστελῶ
1062 387 1131 432 τὸν
1174 384 1341 444 ἄγγελόν
1367 405 1450 443 μου
1481 390 1560 446 πρὸ
1587 390 1747 448 προσιό-

188 471 400 506 v.1317zov
446 468 543 516 0502),
590 455 637 505 ὃς
675 455 974 499 κατασκευάσει
1015 455 1088 509 τὴν
1115 454 1214 496 ὁδόν
1250 471 1324 497 σου
1367 453 1602 510 ἔμπροσθέν
1637 460 1746 500 σου.”

318 518 478 591 θάρσορ
506 519 580 565 οὖν
608 521 678 563 ἐπὶ
702 523 753 577 τῇ
778 523 854 563 τοῦ
881 522 1112 576 ἐξαδέλφου
1140 519 1346 577 παρουσίᾳ
1371 520 1512 574 λαβιόν
1537 521 1784 577 Ἀνδρόνι-5

318 607 386 640 κος
415 583 488 631 καί
513 587 563 631 τὰ
606 589 694 628 κατ’
734 585 878 642 ἔφεσιν
905 585 1016 639 δρῶν
1055 588 1350 639 προβαίνοντα,
1380 587 1461 628 ταῖν
1488 587 1658 629 ἐνοδίων
1682 589 1751 629 ἐκ·

319 657 484 712 τροπῶν
522 654 727 709 ἀφέμενος
765 651 838 693 καί
879 654 1044 706 χαίρειν
1073 649 1201 701 ἐάσας
1235 651 1311 701 τας
1338 650 1477 700 πόλεις
1499 652 1678 695 Νίκαιάν
1705 668 1752 695 τε

289 728 295 734 “
319 724 392 764 καί
416 720 699 774 Νικομήδειαν
732 716 804 758 καί
827 715 872 759 τό
902 718 1001 774 τῇδε
1030 713 1059 771 ἢ
1086 717 1216 758 ἐκεῖσε
1243 719 1621 773 μεταστρέφεσθαι,
1647 715 1752 772 πρός

319 786 395 841 τήν
427 785 751 839 Κωνσταντίνου
779 782 851 824 τὸν
881 779 1037 837 δρόμον
1065 783 1226 824 ἀκλινεῑ
1247 784 1449 824 συνέτεινε
1475 784 1668 835 νεύματι,
1696 781 1753 832 ὥς

322 850 425 893 ὁδοῦ
461 850 698 901 Φιλιστιείμ
736 848 809 903 τῆς
844 849 887 896 ἐς
926 846 1058 902 αὐτὴν
1097 844 1306 903 φερούσης
1341 847 1546 900 ἐχόμενος.
1604 847 1676 889 καί
1699 845 1814 901 δῆιο

323 916 427 960 κατὰ
456 915 506 959 τὰ
525 913 692 957 Πευκία
717 911 1042 966 ἐναυλισάμενος,
1069 910 1214 968 (τόπος
1245 913 1292 954 δέ
1318 914 1407 954 ε’στι
1435 914 1570 955 ταῦτα
1597 915 1641 955 ἐν
1670 918 1755 962 τοῖς

322 979 411 1026 ἅνω
441 979 708 1034 Χαλκηδόνος
736 980 993 1030 διακείμενος
1020 978 1168 1031 μέρεσι
1186 973 1407 1032 καίοῧτως
1434 975 1752 1033 ὀνομαζόμενος)

196 1059 225 1091 P.
250 1059 310 1092 160
323 1050 395 1090 καί
421 1044 533 1100 πυρα
573 1043 703 1087 πολλοὶ
743 1044 901 1092 καύσας
943 1041 1020 1097 τήν
1047 1041 1175 1084 νύκτα
1214 1039 1313 1096 ὅλην
1355 1044 1534 1097 ἐκείνην,
1561 1041 1619 1097 μὴ
1647 1041 1751 1084 κατὰ

323 1114 441 1168 λόγον
464 1114 539 1166 τῆς
567 1107 771 1164 συνούσης
805 1110 918 1165 αὐτῷ
944 1109 1138 1162 στρατιᾶς
1175 1107 1262 1149 ἀλλ’
1291 1109 1333 1156 ἐς
1359 1107 1528 1163 δόκησιν
1553 1099 1755 1163 στρατεύ·

321 1192 455 1231 ματος
481 1177 687 1227 πλείονος,
719 1175 930 1228 ἐκκρεμεῖς
957 1169 1112 1214 ἑαυτοῦ
1139 1171 1239 1221 τούς
1265 1173 1524 1223 Βυζαντίους
1552 1171 1669 1216 ἔθετο
1698 1173 1754 1223 ὥς
1769 1174 1818 1217 15

324 1241 375 1286 w*
427 1241 507 1283 ἀνα
548 1245 696 1294 χεῖρας
729 1241 983 1293 προεμένους
1011 1237 1111 1291 ἔργα
1137 1239 1195 1286 εἷς
1231 1236 1305 1292 τὴν
1330 1239 1508 1293 περαίαν
1535 1241 1682 1282 τείνειν
1707 1239 1754 1282 τό

321 1303 459 1361 ὄμμα,
497 1306 640 1354 ἀκταῖς
677 1319 722 1345 τε
750 1302 822 1345 καί
857 1301 1054 1358 γηλόφοις
1097 1301 1346 1357 προσιόντας
1371 1306 1442 1358 τῆς
1469 1302 1652 1358 πόλεως,
1684 1304 1759 1346 καί

322 1373 544 1427 πόρρωθεν
585 1365 682 1412 ὄντα
714 1366 976 1424 Ἀνδρόνικον
1013 1369 1272 1410 ἐπισπᾶσθαι
1306 1364 1391 1411 οἷον
1422 1375 1507 1418 τοῖς
1540 1367 1756 1422 νεύμασιν.

323 1432 406 1479 ὦδε
429 1438 506 1490 μὲν
548 1431 621 1477 οὖν
659 1433 810 1487 ἐχώρει
846 1432 898 1474 τοὶ
930 1431 1035 1475 κατὰ
1062 1432 1135 1475 τὸν
1172 1432 1485 1489 ἀναφαλαντίαν
1515 1434 1588 1476 καί
1615 1439 1756 1476 πολιο-

322 1503 476 1559 κόρσην
506 1500 777 1555 Ἀνδρόνικον.
862 1516 865 1519 ⁴
1424 1518 1428 1524 ·
1769 1519 1820 1548 20

439 1584 502 1609 io.
575 1566 750 1616 Ἀλέξιος
775 1565 832 1616 jd&
862 1561 895 1619 ,ὅ
928 1561 1273 1618 πρωτοσεβαστὸς
1315 1561 1372 1617 μὴ
1397 1562 1505 1617 ἔχων
1532 1564 1600 1606 διὰ
1629 1567 1756 1620 πεζῆς

323 1632 536 1690 φάλαγγος
559 1627 836 1684 ’ἀποσοβῆσαι
867 1629 937 1671 τόν
976 1627 1143 1670 ἐπιόντα
1173 1627 1211 1670 οἱ
1240 1632 1436 1681 πολέμιον
1474 1625 1573 1685 (ἤδη
1610 1630 1688 1686 γὰρ
1719 1630 1757 1673 οἱ

322 1700 400 1751 μὲν
426 1699 667 1750 μετέβαινον
709 1699 801 1742 ταῖς
828 1693 1010 1747 γνώμαις
1049 1694 1300 1747 κρυφιωδιός
1331 1692 1435 1749 πρὸς
1468 1695 1754 1750 Ἀνδρόνικον,

325 1763 493 1811 ὁπόσοις
511 1762 586 1802 ου”κ
605 1755 656 1814 ἦν
678 1755 783 1806 ὅλως
802 1759 1018 1807 ἀκίνδυνος
1038 1757 1064 1812 ἦ
1092 1756 1196 1812 πρὸς
1223 1758 1376 1800 ἐκεῖνον
1403 1752 1548 1813 τοπικὴ
1573 1758 1756 1814 μετάβα-

423 1897 475 1920 ιο.
500 1880 545 1926 d'q'
570 1886 648 1920 τοῖς
678 1882 852 1918 πευκίοις
878 1882 916 1913 Α.
1040 1890 1089 1912 ¹2.
1119 1878 1194 1915 ἄνω
1220 1881 1282 1922 τῆς
1307 1893 1341 1926 χ.
1367 1881 1408 1914 Α.

325 1987 543 2031 pugnaretur
574 1986 610 2014 et
642 1979 852 2013 adversariis
877 1980 1041 2012 resistere
1078 1991 1150 2012 non
1174 1985 1326 2024 possets
1342 1986 1478 2014 mutato
1501 1984 1650 2016 consilio
1665 2010 1674 2026 ‚
1695 1997 1756 2020 sex

326 2033 412 2065 filiis
436 2035 471 2063 et
494 2039 604 2061 uxore
643 2028 681 2059 in
705 2027 823 2059 navim
840 2026 1026 2069 ‘impositis
1041 2051 1050 2065 ‚
1079 2026 1125 2058 ad
1148 2026 1390 2059 Andronicum
1413 2027 1501 2061 abit.
1527 2030 1590 2074 qui
1616 2042 1658 2064 eo
1679 2034 1756 2066 viso

326 2078 459 2110 dixisse
484 2075 596 2108 fertur
636 2084 742 2114 „ecce
782 2073 921 2104 mittam
944 2072 1117 2116 Angelum
1154 2083 1272 2104 meum
1296 2078 1378 2106 ante
1402 2074 1528 2108 faciem
1552 2082 1665 2119 tuam,
1694 2080 1758 2124 qui

325 2125 418 2157 viam
439 2121 509 2155 tibi
536 2119 778 2172 praeparet.”k
796 2123 976 2162 resumpta
999 2119 1108 2162 igitur
1138 2129 1183 2151 ex
1207 2121 1411 2163 praesentia
1436 2123 1640 2156 consobrini
1665 2125 1759 2158 fidu-

326 2171 400 2210 cia,
427 2174 462 2201 et
488 2177 651 2200 successu
681 2164 824 2198 consilii
851 2164 906 2196 sui
930 2164 1157 2198 confirmatus
1173 2190 1182 2204 ‚
1217 2165 1357 2198 itineris
1383 2167 1590 2210 ambagibus
1616 2172 1757 2204 omissis

327 2221 365 2248 et
388 2214 538 2247 urbibus
559 2212 691 2245 Nicaea
717 2216 753 2243 et
777 2210 988 2243 Nicomedia
1021 2211 1257 2255 contemptis,
1283 2217 1379 2244 recta
1403 2213 1542 2257 Cpolim
1566 2217 1692 2260 pergit.
1721 2223 1759 2251 et

327 2261 465 2296 Peuciis
492 2259 688 2292 diversatus
724 2257 838 2302 (locus
876 2257 905 2288 is
934 2262 988 2290 est
1020 2267 1126 2301 supra
1151 2256 1428 2304 chalcedonem)
1454 2265 1490 2292 et
1515 2261 1638 2294 multis
1661 2263 1758 2308 pyris

329 2307 505 2346 incensis,
531 2315 604 2337 non
627 2314 691 2348 pro
717 2302 964 2346 magnitudine
990 2303 1185 2343 exei'citus,
1212 2303 1276 2335 sed
1302 2309 1342 2336 ut
1367 2305 1518 2338 maiores
1545 2309 1666 2352 copias
1693 2310 1758 2343 ha-

329 2354 415 2386 bere
439 2351 622 2386 videretur
637 2374 646 2389 ,
671 2359 792 2381 onmes
817 2349 1027 2391 Byzantinos
1053 2358 1242 2392 suspensos
1267 2349 1448 2391 reddidit,
1477 2358 1518 2384 ut
1540 2354 1612 2387 suis
1638 2356 1758 2400 operi-

330 2401 397 2433 bus
420 2397 558 2431 omissis
582 2397 685 2428 littus
711 2395 914 2439 oppositum
937 2395 1176 2434 intuerentur,
1206 2399 1242 2427 et
1267 2395 1419 2428 collibus
1445 2408 1484 2429 ac
1502 2400 1647 2435 tumulis
1672 2413 1758 2436 con-

332 2446 463 2479 scensis
494 2442 736 2476 Andronicum
769 2440 886 2473 adhuc
916 2440 1042 2484 procul
1079 2440 1123 2472 ab
1148 2439 1236 2472 urbe
1273 2447 1446 2474 remotum
1471 2445 1619 2479 nutibus
1646 2449 1758 2483 veluti

333 2491 564 2526 attraherent.
592 2488 643 2520 ita
667 2498 722 2519 res
751 2486 950 2519 recalvastri
978 2491 1014 2518 et
1037 2486 1115 2518 cani
1139 2486 1332 2518 Andronici
1360 2489 1613 2531 procedebant.

431 2548 481 2570 ιο.
528 2534 673 2569 Alexius
710 2543 793 2565 vero
831 2532 1099 2576 protosebastus
1125 2542 1205 2564 cum
1228 2532 1452 2575 ingruentem
1480 2536 1618 2571 hostem
1646 2539 1758 2584 pede-

334 2583 466 2618 sti-ibus
502 2580 614 2626 copiis
637 2578 846 2624 propulsare
873 2588 946 2610 non
979 2583 1101 2621 posset
1123 2578 1208 2622 (iam
1235 2580 1330 2611 enim
1353 2580 1416 2612 alii
1442 2583 1570 2616 animis
1595 2585 1684 2618 clam
1711 2587 1757 2620 ad

333 2629 575 2666 Andronicum
613 2624 851 2664 inclinabant,
894 2623 1025 2668 quibus
1052 2623 1097 2655 ad
1120 2634 1199 2656 eum
1223 2626 1374 2658 transire
1403 2627 1556 2670 pedibus
1577 2636 1656 2664 tuto
1683 2643 1758 2666 non

334 2676 488 2717 licebat3
529 2673 593 2706 alii
631 2683 668 2706 se
692 2670 799 2704 fidem
833 2681 930 2703 suam
958 2670 1163 2713 imperatori
1198 2671 1282 2703 satis
1311 2672 1479 2716 probasse
1503 2676 1698 2719 putabant,
1725 2679 1754 2712 si

337 2723 434 2756 domi
458 2720 640 2760 sederent,
676 2718 794 2752 neutri
834 2717 928 2762 parti
966 2715 1120 2749 addicti:
1157 2717 1207 2750 sic
1242 2718 1337 2751 enim
1363 2720 1472 2754 animi
1495 2722 1695 2765 calliditas,
1718 2729 1755 2757 et
