1878 3230
248 158 356 230 718
660 171 891 214 N1CETAE
933 172 1246 214 cuomATAE

199 285 279 319 coc
308 273 417 316 κατὰ
447 274 528 314 τῶν
556 272 709 312 πλοίων
740 272 785 310 ἐκ
817 272 900 310 τῶν
916 271 1047 311 ἐκεῖσε
1078 270 1221 326 λόφων
1248 276 1575 329 προφαινόμενα
1605 284 1677 323 καὶ

235 345 327 388 ταῖς
353 339 499 385 α’κταῖς
526 333 825 392 ἐφιστάμενοι·
857 336 946 377 ἀλλ’
976 329 1028 389 ἦν
1056 335 1250 388 οὐδαμῶς
1276 336 1463 391 ἅνύσιμα
1493 341 1544 384 τά
1574 360 1676 398 πεμ-

233 405 421 457 πόμενα,
459 400 512 443 τὰ
551 403 599 442 δὲ
639 398 767 442 πλείω
809 401 908 455 μηδ’
942 398 1207 453 ἐξικνούμενα
1255 405 1333 443 τοῦ
1369 405 1527 460 μήκους
1570 409 1675 451 κατὰ

232 469 450 522 θαλάσσης
478 466 713 521 ἐβάλλοντο.
769 468 843 508 καί
871 464 1035 521 φάλαγξ
1061 464 1184 522 ἑτέρα
1199 483 1261 518 τις
1294 464 1455 512 ἄνωθεν
1481 475 1581 527 περί
1604 473 1678 516 τὸν

233 530 473 587 Δαματρύα
501 529 718 587 ἦγραύλει,
748 530 823 580 τὰς
850 533 933 573 τῶν
952 530 1110 573 ἱππέων
1139 532 1343 588 ἐκδρομὰς
1370 535 1714 592 ἑπισχήσουσα.5

231 598 337 652 πλην
376 598 447 640 καὶ
472 595 581 652 αὕτη
629 599 734 653 πρὸς
773 597 894 639 οὐδέν
922 613 964 638 τι
999 597 1208 653 χρήσιμος
1259 600 1460 655 ἐγεγόνει·
1517 604 1569 644 ου’
1594 602 1677 660 γὰρ

229 661 354 718 μόνον
382 669 464 713 τοῖς
492 666 702 717 πολεμίοις
730 659 825 705 οὔδ’
851 664 925 706 ἐπὶ
948 662 1088 718 βραχύ
1111 667 1432 720 προσεπέλασεν,
1465 667 1573 710 ἄλλα
1606 672 1681 711 καί

231 731 456 785 στρέψασα
500 728 553 772 τά
584 728 829 785 μετάφρενα
875 734 964 778 τοῖς
991 730 1228 772 ἐπιδιώκειν
1257 733 1502 787 ἐθέλουσιν,
1535 732 1572 776 οἱ
1599 737 1678 787 μὲν

226 795 418 850 ἔπιπτον,
459 794 498 838 οἱ
528 797 565 838 δ’
605 795 802 849 ἔμελλον,
846 793 884 836 οἱ
913 796 949 836 δ’
990 793 1069 837 α’νὰ
1098 796 1247 850 κράτος
1275 798 1578 853 ἑδραπέτευον,
1607 801 1680 841 καὶ

226 861 412 914 μάλιστα
440 860 479 904 οἱ
505 861 729 917 στρατηγοὶ
755 861 812 910 ὥς
844 861 1103 917 κραδέλαφοι
1129 864 1255 904 πλέον
1283 861 1533 920 δείλανδροι.
1590 866 1676 914 πῶς
1695 882 1739 907 ιο

227 930 267 968 δ’
296 925 351 970 ἂν
377 930 450 969 καί
487 931 719 982 συμβαλεῖν
755 926 958 982 α’νδράσιν
998 925 1256 981 ὖπήνεγκαν,
1285 926 1358 978 οὒς
1385 930 1675 985 ψυχάρπαγας

226 991 425 1049 ἀγγέλους
452 993 526 1037 καί
551 993 843 1048 χαλκηλάτους
869 989 1121 1048 ἀνδριάντας
1142 994 1216 1034 οὐκ
1248 991 1406 1037 ὤκνουν
1435 997 1672 1049 α’ποκαλεΐν,

225 1060 300 1102 καί
324 1059 429 1115 πρὸς
459 1058 534 1115 τήν
563 1060 701 1102 αὐτῶν
730 1061 834 1101 θέαν
860 1059 918 1117 τῷ
951 1060 1037 1101 δέει
1066 1060 1341 1114 ἐξέθνησκονς

183 1137 214 1169 D
343 1142 400 1167 10.
428 1121 542 1168 Ἀλλ’
574 1120 690 1166 οὔπω
717 1123 868 1178 συχνοὶ
896 1123 1172 1178 παρήλθοσαν
1198 1122 1326 1179 ἥλιοι,
1358 1125 1428 1167 καί
1450 1125 1614 1179 γνόντες
1633 1126 1672 1168 οἱ

227 1195 404 1234 Λατῖνοι
436 1191 494 1240 ὥς
522 1190 661 1240 οὐδείς
707 1189 729 1230 ὁ
759 1187 864 1232 κατὰ
889 1193 1041 1245 χέρσον
1069 1190 1216 1246 σφίσιν
1256 1192 1401 1240 αυ’τοῑ’ς
1429 1187 1669 1247 ἆντιστησό-
1689 1193 1736 1233 15

221 1273 362 1310 μενος,
392 1263 485 1305 ταῖς
518 1252 664 1305 οἷκταῖς
694 1256 1045 1311 προσπελάζουσι.
1110 1256 1336 1298 κάντεῦθεν
1363 1255 1390 1311 ἦ
1417 1258 1494 1310 μὲν
1522 1256 1667 1312 ἱππικὴ

221 1321 396 1378 στρατιὰ
439 1323 522 1364 ἵετο
560 1321 703 1376 βραχύ
725 1337 767 1363 τι
802 1323 875 1376 τῆς
903 1317 1117 1376 θαλάσσης
1156 1321 1395 1376 α’πέχουσα,
1424 1321 1469 1364 αἱ
1499 1324 1546 1365 δὲ
1574 1325 1669 1378 νῆές

220 1403 262 1430 τε
292 1390 365 1430 καί
396 1387 435 1430 οἱ
467 1385 678 1444 δρόμωνες
706 1385 779 1429 καί
826 1389 897 1429 ἐπὶ
922 1385 1085 1435 τούτοις
1114 1384 1165 1429 τὰ
1196 1391 1319 1429 πλοῖα
1351 1388 1455 1442 πρὸς
1480 1387 1551 1430 τὸν
1578 1390 1668 1431 ἐσέ-

218 1468 347 1507 χοντα
394 1452 545 1495 κόλπον
592 1455 851 1507 μετέβαινον.
920 1453 976 1502 ὥς
1010 1454 1048 1494 δ’
1075 1451 1114 1494 οἱ
1136 1454 1213 1506 μὲν
1243 1454 1413 1508 ἐπίγειοι
1443 1452 1481 1496 οἱ
1510 1456 1548 1496 δ’
1573 1451 1668 1497 ἐνά-

218 1525 300 1562 λιοι
327 1522 382 1576 τῷ
412 1519 600 1577 φρουρίῳ
630 1521 862 1573 ἐπέστησαν
890 1519 935 1560 έν
964 1513 997 1574 ᾧ
1027 1516 1209 1560 εἴθισται
1230 1519 1452 1572 Ῥωμαίοις
1489 1521 1666 1575 σιδηρᾶν
1679 1535 1733 1560 20

217 1584 530 1639 βαρυτάλαντον
574 1585 769 1644 οἷποδέειν
810 1580 979 1637 ἅλυσιν,
1020 1583 1139 1638 ἡνίκα
1183 1586 1340 1625 πλοίων
1366 1584 1573 1638 πολεμίων
1602 1587 1668 1628 ἐν·

223 1650 343 1705 σταίη
388 1667 449 1701 τις
489 1649 640 1706 ἔφοδος
661 1683 672 1702 ,
717 1648 848 1699 εὐθὺς
885 1651 1197 1704 προσβάλλουσι
1230 1651 1287 1708 τῷ
1325 1651 1529 1705 ἐρύματι·
1599 1651 1671 1693 καί

217 1713 268 1772 ἦν
297 1718 402 1759 ἰδεῖν
430 1714 505 1765 οὓς
546 1719 624 1769 μὲν
655 1718 737 1758 τῶν
781 1715 987 1771 φυλάκων
1024 1715 1244 1769 Ῥωμαίων
1270 1718 1363 1769 μετ’
1389 1712 1668 1772 άντιμάχησιν

219 1785 425 1839 βραχεῖαν
454 1780 649 1838 φυγάδας
679 1779 917 1836 ὁρωμένους
945 1783 1134 1835 ἐκεῖθεν,
1162 1779 1235 1831 οὓς
1262 1783 1309 1824 δὲ
1338 1782 1667 1838 ἀναιρουμένους

313 1897 345 1929 5.
369 1891 570 1954 δαέιιατρῦν
592 1895 629 1927 Β.
724 1906 773 1927 ιι.
803 1891 868 1932 οὓς
892 1894 1032 1928 ἐκεῖνοι
1057 1893 1256 1940 ω’νόμαζον
1276 1893 1465 1940 χάροντας
1489 1895 1554 1928 καὶ
1579 1894 1665 1936 στῆ·-

310 1943 373 1979 λας
401 1941 652 1987 ολοσιδὴρους
679 1944 742 1975 καὶ
769 1939 999 1985 ἀνδριάντας
1021 1941 1187 1986 χαλκοῦς
1214 1942 1252 1974 Β.
1324 1951 1379 1974 20.
1405 1945 1487 1987 post
1509 1941 1665 1983 ἐπέστη-

311 1997 385 2024 σαν
410 1989 457 2022 B:
481 1987 576 2033 ὅπερ
602 1988 722 2034 ἄρκλα
753 1987 981 2034 ω’νομάζετο.

219 2107 279 2129 ves
304 2107 378 2129 non
405 2095 621 2140 attingentia
650 2095 688 2128 in
713 2106 810 2127 mare
838 2094 1031 2129 iaciebant.
1058 2093 1262 2127 excubabat
1286 2097 1322 2127 et
1340 2093 1410 2126 alia
1435 2093 1591 2138 phalanx
1616 2093 1663 2126 ad

219 2145 438 2185 Damatryn‚
472 2153 566 2187 quae
597 2142 825 2175 excursiones
868 2142 1031 2186 equitum
1060 2140 1256 2174 cohiberet.
1287 2140 1350 2174 sed
1374 2151 1440 2173 nec
1463 2140 1561 2172 illius
1585 2140 1660 2173 una

220 2190 290 2222 fuit
313 2189 469 2222 utilitas:
495 2200 577 2221 nam
604 2188 695 2221 adeo
725 2188 772 2221 ad
802 2188 923 2221 hostes
948 2200 1020 2221 non
1048 2199 1160 2233 prope
1188 2192 1432 2227 accesserunt,
1469 2191 1508 2219 ut
1531 2186 1660 2219 obver-

219 2237 266 2269 sis
295 2236 403 2279 tergis
428 2235 491 2267 alii
517 2235 715 2268 ceciderint
739 2234 802 2267 alii
826 2241 975 2268 mortem
994 2235 1053 2268 vix
1079 2235 1276 2278 effugerint,
1303 2234 1412 2266 duces
1435 2233 1658 2277 praesertim,

219 2282 330 2316 cervis
366 2281 579 2315 timidiores.
604 2287 639 2315 et
665 2293 736 2326 quo
762 2287 866 2325 pacto
897 2292 976 2313 cum
1017 2281 1061 2314 iis
1085 2281 1171 2315 viris
1195 2281 1371 2324 congressi
1397 2285 1538 2319 essent,
1566 2290 1658 2324 quos

220 2329 366 2373 angelos
387 2333 545 2374 raptores
570 2329 771 2360 animorum
792 2334 828 2361 et
852 2339 973 2360 aereas
991 2332 1126 2361 statuas
1153 2326 1410 2373 appellabant?
1434 2325 1480 2358 ad
1505 2337 1658 2371 quorum

221 2379 451 2420 conspectum
477 2374 737 2419 propemodum
763 2374 1059 2407 emoriebantur?

319 2434 367 2456 ιο.
415 2421 539 2454 Paucis
566 2421 694 2453 diebus
718 2421 859 2466 elapsis,
885 2432 965 2453 cum
994 2421 1113 2453 Latini
1140 2420 1389 2464 cognovissent
1414 2419 1592 2452 neminem
1617 2419 1656 2453 in
1692 2421 1694 2423 ’

221 2473 315 2501 terra
343 2479 419 2501 esse
458 2468 521 2513 qui
546 2468 712 2501 resistere
752 2468 884 2507 vellet,
908 2468 1056 2512 propius
1094 2467 1139 2499 ad
1164 2467 1287 2500 littora
1314 2466 1499 2500 accedunt.
1524 2465 1654 2499 exinde

222 2516 403 2560 equitatus
429 2514 616 2559 paululum
653 2526 673 2546 a
713 2515 803 2546 mari
847 2515 1010 2553 recessit,
1046 2524 1153 2546 nives
1179 2514 1216 2546 in
1245 2513 1360 2546 sinum
1389 2524 1464 2546 sese
1490 2513 1654 2546 contule-

222 2567 316 2595 runt.
341 2565 380 2594 ut
405 2567 523 2594 autem
548 2561 611 2593 alii
636 2566 730 2593 terra
755 2561 818 2592 alii
843 2561 931 2592 mari
958 2559 1142 2592 castellum
1170 2560 1228 2599 id,
1260 2559 1305 2592 ad
1331 2559 1427 2604 quod
1453 2559 1567 2593 ferrea
1594 2571 1654 2592 ca·

221 2614 305 2641 tena
329 2608 474 2641 maximi
510 2607 681 2652 ponderis
709 2607 848 2650 alligari
874 2607 967 2640 solet
992 2618 1070 2639 cum
1095 2606 1237 2639 hostilis
1266 2607 1387 2639 classis
1417 2611 1650 2651 expectatur,

221 2656 339 2688 statim
376 2665 580 2700 oppugnare
616 2660 831 2700 coeperunt,
856 2653 995 2686 videres
1022 2653 1111 2685 alios
1149 2663 1191 2685 ex
1219 2654 1350 2687 nostris
1379 2659 1461 2698 post
1489 2653 1652 2697 exiguam

221 2701 465 2735 defensionem
490 2702 678 2746 aufugere,
706 2700 795 2733 alios
824 2699 939 2732 occidi
964 2705 1000 2732 et
1022 2700 1126 2744 capi,
1153 2700 1242 2733 alios
1265 2711 1329 2744 per
1357 2705 1517 2733 catenam
1546 2700 1651 2744 quasi

221 2748 341 2782 sunem
378 2749 415 2783 in
456 2749 618 2782 triremes
651 2753 791 2781 nostras
829 2746 1067 2788 descendere,
1104 2747 1235 2780 multos
1271 2753 1431 2780 catenam
1467 2757 1540 2780 non
1564 2746 1649 2779 ade—
