1838 3210
257 184 331 238 68
677 191 909 239 4ΝιοΕΤΑΕ
947 195 1258 238 cnoNJATAE

256 299 422 354 α’ποίρας
450 299 530 339 τῶν
560 298 743 338 Κιλίκων
773 291 842 335 δια
873 294 946 347 τῆς
982 289 1066 335 ἄνω
1095 296 1347 348 καλουμένης
1375 296 1561 350 Φρυγίας
1588 296 1682 337 ἐπε-

254 362 479 418 πορεύετο,
518 359 587 402 ὅτε
614 359 687 401 καί
721 358 802 400 ὑπὸ
833 362 1014 413 Περσῶν
1041 357 1230 402 ἑάλωσαν
1261 361 1332 401 καί
1358 358 1462 415 πρὸς
1488 359 1561 402 τὸν
1586 359 1681 402 Ἰκο-

255 430 344 470 νιόυ
376 429 604 482 κρατοῦντα
642 426 867 478 τηνικαῦτα
906 422 1089 466 Μασούτ
1136 427 1430 479 α’πηνέχθησαν
1457 422 1480 466 δ’
1503 440 1548 466 τε
1575 422 1682 479 πρὸς

254 492 408 546 πατρὸς
444 494 502 547 τῷ
528 488 736 542 Μανουὴλ
763 489 1028 545 ξὲξαδελφος,
1076 489 1097 531 ὅ
1125 489 1346 544 Κομνηνύς
1376 491 1561 544 δηλονότι
1590 489 1679 531 Ἀν-

252 557 439 611 δρόνικος
468 549 609 610 (οὗτος
639 557 685 596 δὲ
713 556 785 596 καί
818 552 991 608 ’ὕστερον
1025 552 1242 607 Ῥωμαίων
1283 553 1715 610 κατετυράννευσε),5

214 622 322 663 Βκαί
351 619 372 660 ὁ
406 617 622 674 Δασιώτης
657 619 896 674 Θεόδωρος,
926 614 957 677 ᾧ
989 620 1047 668 εἰς
1073 619 1257 674 γαμετὴν
1287 622 1442 674 Μαρία
1471 617 1674 674 ἥρμοστο,

249 684 302 740 ἢν
331 684 353 726 ὅ
388 689 464 726 τοῦ
490 683 702 740 Μανουὴλ
729 686 970 740 κασίγνητος
999 682 1020 725 ὃ
1051 683 1392 740 σεβαστοκροέτωρ
1422 683 1680 738 Ἀνδρόνικος

248 750 373 792 ἔτεκε.
441 748 547 791 κατὰ
588 749 668 804 γάρ
711 749 850 804 θήραν
891 746 1045 805 ἀγρίων
1073 752 1145 803 τῆς
1175 749 1278 791 ὁδοῦ
1305 748 1602 805 ἐκτραπόμενοι
1629 743 1679 803 ἧς

245 815 290 858 τὸ
322 813 560 870 στράτευμα
593 814 742 867 εἴχετο,
775 814 927 856 ἔλαθον
954 816 1259 870 συλληφθέντες
1287 817 1492 867 πολεμίων
1516 815 1677 870 χερσίν,

243 883 316 923 καί
341 882 479 935 θηρᾶν
507 879 799 933 ἐπιβαλόμενοι
826 879 1016 920 κνώδαλα
1053 882 1279 933 θηρευταῖς
1306 878 1539 934 ἀνθρώπων
1563 895 1678 934 περι·
1695 895 1742 922 10

243 946 492 988 πεπτώκασι.
571 944 661 986 τότε
703 946 780 996 μὲν
821 940 894 986 οὖν
923 941 943 985 ὅ
981 942 1178 996 βασιλεὺς
1207 943 1265 999 μὴ
1296 945 1492 999 πράξεσιν
1520 942 1680 999 ἑτέραις

243 1011 314 1053 τὸν
334 1014 431 1053 νοῦν
459 1010 636 1065 ἑφιστᾶν
669 1008 922 1062 δυνάμενος,
953 1009 1058 1051 α’λλὰ
1089 1012 1160 1064 τῆς
1186 1011 1453 1064 προκειμένης
1481 1005 1591 1058 ἅπας
1618 1027 1680 1063 γι-

241 1077 436 1129 νόμενος,
485 1077 556 1116 καί
590 1072 741 1129 ταύτης
782 1075 853 1115 καί
879 1074 1018 1128 βραχύ
1048 1091 1089 1116 τι
1114 1076 1214 1129 γοῦν
1241 1075 1501 1128 ἀποσχέσθαι
1529 1076 1680 1129 κρίνων

243 1143 518 1197 α’σύμφορον,
547 1137 645 1182 οὐδὲ
670 1143 751 1181 ταῖν
779 1139 881 1182 κατὰ
911 1140 1011 1190 τούς
1038 1136 1195 1194 ἄνδρας
1219 1138 1389 1189 τούτους
1410 1140 1465 1188 (ὃς
1493 1138 1578 1181 ἔδει
1609 1156 1679 1182 πε-

243 1207 456 1263 φρόντικεν
490 1203 518 1261 ἢ
557 1208 783 1258 βασιλικῶς
829 1207 970 1254 αὐτοῖς
999 1206 1192 1260 ξέπήμυνε
1211 1223 1221 1232 ·
1286 1207 1507 1258 μετέπειτα
1536 1207 1677 1259 μέντοι
1694 1201 1741 1247 15

245 1272 463 1326 ζωαγρίων
491 1267 590 1314 ἄνευ
622 1272 796 1314 ἐλύσατο
817 1304 828 1326 ‚
856 1275 928 1314 καί
958 1270 1004 1314 τὸ
1031 1273 1215 1324 πόλισμα
1245 1269 1316 1326 τήν
1344 1273 1541 1326 Πρακᾶν,
1574 1269 1599 1312 ὃ
1627 1270 1676 1327 δὴ

204 1340 313 1392 (Ξτῆς
331 1336 573 1385 Σελευκείας
601 1336 781 1390 ἐχόμενα
809 1339 985 1390 ἵδρυται,
997 1335 1222 1389 Ῥωμαίοις
1248 1336 1536 1378 ἐπανεσώσατο
1565 1337 1678 1392 παρὰ

241 1404 426 1458 Περσῶν
468 1404 694 1458 πορθηθέν.
765 1402 820 1452 ὥς
851 1405 897 1444 δὲ
928 1402 1002 1457 τήν
1026 1404 1223 1455 βασιλίδα
1251 1400 1370 1443 πόλιν
1396 1400 1626 1458 ἐπεφθάκει
1654 1402 1678 1443 ὅ

241 1468 464 1522 Μανουήλ,
489 1468 679 1521 ἀσμένως
706 1467 820 1523 παρὰ
848 1469 932 1509 τῶν
957 1465 1111 1522 ταύτης
1137 1466 1358 1522 οἰκητόρων
1384 1469 1676 1522 προσδέχεται,

241 1533 358 1574 τοῦτο
389 1537 466 1585 μὲν
493 1533 550 1581 (ὃς
576 1532 652 1587 τὴν
693 1532 893 1590 πατρῴαν
920 1536 1140 1586 βασιλείαν
1168 1530 1455 1588 παρειληφώς,
1487 1534 1612 1574 τοῦτο
1641 1533 1740 1574 ‹5’20

242 1595 302 1639 ὅτι
328 1600 399 1639 καί
429 1598 543 1654 παρὰ
574 1601 700 1640 πᾶσιν
737 1597 940 1647 α’σπάσιος
968 1594 1044 1651 ἧν,
1073 1597 1164 1639 ἐπεὶ
1190 1598 1266 1639 κᾶν
1295 1599 1353 1654 τῷ
1378 1598 1560 1652 ἀκριβῶς
1585 1599 1678 1650 μεί-

242 1679 339 1717 ρακι
379 1661 455 1717 τὴν
493 1664 658 1705 σύνεσιν
685 1662 813 1714 ἔσωζε
853 1665 934 1704 ταῖν
962 1661 1335 1717 καταγηρασάντων
1361 1664 1405 1704 ἐν
1442 1667 1527 1711 τοῖς
1569 1661 1676 1717 πρά-

240 1745 371 1781 γμασι
408 1730 575 1770 πλείονα
595 1761 606 1780 ,
640 1726 859 1781 πολεμικός
885 1743 929 1770 τε
955 1727 1027 1769 καί
1064 1729 1350 1783 φιλοκίνδυνος
1375 1727 1451 1769 κᾶν
1477 1733 1563 1777 τοῖς
1592 1729 1673 1769 δει-

129 1804 228 1839 V.28
242 1799 326 1843 νοῖς
361 1793 675 1850 ἀκατάπληκτος
716 1793 789 1835 καὶ
829 1792 1108 1848 μεγαλόφρων
1152 1791 1433 1846 δεικνύμενος,
1473 1794 1546 1836 καί
1575 1793 1676 1849 πρὸς

338 1920 365 1942 1.
392 1911 466 1944 τῶν
480 1909 539 1956 Κ.]
559 1910 748 1957 ἄρμενίων
767 1909 895 1954 χώρας
906 1911 944 1942 Β.
1037 1922 1070 1955 9.
1096 1909 1381 1956 συλληφθέντες]
1398 1908 1624 1955 ἐμπεσόντες
1633 1911 1672 1945 Α.

336 1958 389 1991 16.
417 1957 617 2003 πρακάναν
641 1957 689 1998 Α,
727 1959 873 2003 πέρκαν
892 1957 928 1988 Β.
1025 1968 1079 1990 21.
1104 1955 1167 2003 τῷ]
1194 1957 1244 2001 τῷ·
1280 1955 1385 1989 οὔπω
1407 1957 1447 1989 Α.

240 2060 396 2094 tiochiae
429 2060 535 2094 rebus
572 2072 636 2105 pro
661 2067 823 2106 tempore
848 2062 1003 2106 pacatis,
1024 2072 1042 2093 e
1072 2061 1199 2093 Cilicia
1223 2061 1399 2104 digressus
1423 2072 1489 2106 per
1512 2062 1674 2107 superio-

239 2119 312 2140 rem
349 2106 531 2151 Phrygiam
569 2108 816 2151 proficiscitur.
841 2114 917 2140 tum
941 2107 1164 2140 Andronicus
1191 2107 1413 2148 Conmenus,
1440 2108 1503 2152 qui
1530 2115 1612 2153 post
1634 2110 1673 2142 in

239 2155 415 2185 Romanos
452 2153 676 2196 tyrannidem
724 2155 906 2195 exercuit,
947 2154 1125 2186 Manuelis
1161 2154 1356 2197 patruelis,
1393 2160 1429 2187 et
1460 2154 1673 2189 Theodorus

238 2200 428 2238 Dasiotes,
450 2200 506 2231 cui
522 2200 634 2231 Maria
659 2206 771 2244 nupta
796 2206 882 2241 erat,
906 2199 1102 2233 Andronici
1127 2199 1431 2241 sebastocratoris,
1455 2201 1574 2235 fratris
1594 2202 1673 2235 Ma-

237 2246 375 2286 nuelis‚
403 2246 500 2286 filia,
527 2246 671 2279 aPersis
696 2247 791 2291 capti
818 2252 853 2279 et
877 2246 923 2278 ad
935 2247 1113 2279 Masutum
1125 2247 1238 2278 Iconii
1265 2247 1462 2291 principem
1487 2254 1571 2281 sunt
1590 2259 1674 2294 per—

239 2292 349 2325 ducti.
375 2303 456 2324 nam
494 2292 578 2324 dum
612 2293 704 2325 feras
743 2298 942 2333 venantur,
966 2304 986 2324 a
1009 2293 1158 2325 militari
1182 2293 1239 2324 via
1265 2292 1413 2336 digressi
1435 2301 1612 2328 venerunt
1634 2296 1673 2329 in

238 2338 395 2371 hostium
432 2349 555 2371 manus
582 2343 618 2371 et
652 2339 691 2371 iu
713 2345 900 2372 venatores
937 2337 1123 2371 hominum
1149 2339 1362 2372 inciderunt.
1391 2340 1586 2384 imperator
1609 2353 1674 2375 au·-

237 2391 311 2418 tem
329 2410 337 2425 ‚
364 2384 427 2428 qui
459 2396 538 2416 cum
566 2385 646 2417 aliis
677 2385 781 2417 rebus
805 2395 929 2417 vacare
966 2396 1039 2417 non
1065 2391 1206 2429 posset,
1235 2385 1299 2418 sed
1321 2387 1545 2430 propositum
1569 2399 1673 2432 urge-

239 2437 294 2464 ret
331 2441 544 2474 omnemque
574 2442 708 2463 moram
740 2431 809 2464 sibi
844 2431 1108 2463 incommodare
1134 2437 1296 2476 putaret,
1322 2444 1396 2465 non
1421 2443 1498 2465 eam
1525 2434 1672 2467 illorum

238 2478 414 2510 rationem
454 2477 583 2510 hahuit
615 2488 720 2521 quam
760 2478 971 2522 oportebat,
1010 2489 1076 2510 nec
1098 2483 1139 2510 ut
1164 2477 1335 2519 decebat,
1362 2489 1466 2523 opem
1494 2480 1544 2512 eis
1574 2481 1672 2514 tulit.

236 2529 320 2569 post
360 2529 480 2556 tamen
521 2534 581 2556 eos
607 2525 683 2556 sine
707 2525 859 2568 pecunia
885 2523 1072 2563 liberavit,
1099 2529 1134 2556 et
1157 2525 1322 2564 Pracam,
1348 2525 1520 2569 oppidum
1545 2526 1672 2560 Seleu—

237 2572 314 2603 ciae
338 2570 527 2602 finitimum
543 2595 551 2609 ,
588 2575 763 2603 vastatum
793 2582 812 2602 a
848 2571 960 2603 Persis
988 2571 1222 2614 recuperavit.
1247 2576 1287 2603 ut
1311 2575 1430 2603 autem
1455 2571 1578 2605 urbem
1603 2574 1671 2606 im-

236 2617 448 2661 peratricem
474 2616 610 2660 attigit,
635 2616 764 2660 cupide
790 2616 835 2648 ab
859 2617 986 2649 incolis
1015 2617 1230 2661 suscipitur,
1255 2622 1332 2649 tum
1356 2617 1454 2661 quod
1474 2629 1580 2663 regno
1605 2630 1670 2664 pa-

235 2668 339 2696 terno
364 2661 589 2702 succedebat,
615 2668 697 2695 tum.
716 2662 815 2707 quod
841 2662 938 2707 apud
962 2673 1082 2695 omnes
1107 2668 1183 2696 erat
1210 2664 1394 2706 gratiosus.
1420 2675 1502 2697 nam
1529 2666 1567 2698 in
1591 2666 1672 2710 ipsa

236 2708 480 2744 adolescentia
506 2719 608 2742 senes
633 2708 824 2754 prudentia
852 2708 1031 2749 anteibat,
1063 2708 1279 2748 bellicosus,
1305 2709 1443 2750 audax,
1469 2711 1506 2744 in
1527 2712 1669 2756 pericu-

236 2755 281 2790 lis
306 2755 567 2801 imperterritus
591 2760 628 2789 et
665 2755 909 2801 magnanimus
924 2781 933 2795 ‚
960 2755 1004 2789 ad
1030 2755 1283 2791 committenda
1307 2756 1443 2802 praelia
1470 2763 1664 2803 promptus.
