1878 3230
330 201 434 260 5822
623 223 627 226 ’
662 223 667 227 ’
745 204 970 271 NicETAE
1006 217 1311 262 cnoNlATAE

273 316 277 321 ⁶
324 319 535 371 ἑλκόμενον
558 315 744 370 Χριστὸν
775 317 830 365 ὥς
857 315 975 371 ἔργον
1004 318 1248 370 α’ξιάγαστον
1273 315 1345 360 καὶ
1373 316 1452 372 τῆν’
1481 320 1624 373 τέχνην
1662 319 1733 360 καί

323 385 395 438 τὴν
417 373 561 436 χάριν,
590 382 712 422 ου’ὃὲν
730 377 970 423 ἀπελείπετο
995 384 1073 423 τῶν
1093 383 1403 437 ἐκφανεστάτων
1429 384 1585 424 παθῶν·
1638 380 1731 431 ὅλος

321 447 397 502 γὰρ
430 446 626 502 ἀνήρτητο
652 450 740 493 ταῖς
768 449 954 499 ἐλπίσιν,
983 448 1059 495 ἕως
1092 448 1247 489 ἐκεῖθεν
1271 446 1350 490 στὶν
1377 445 1482 504 δόλῳ
1513 445 1732 502 ἀφῄρηκεν

321 514 371 554 οὗ
403 511 480 567 γὰρ
514 511 729 559 ἀκίνδυνος
756 507 808 565 ἦν
842 512 1104 554 παντάπασιν
1142 513 1167 566 ἦ
1206 511 1424 568 προφανής
1466 514 1731 570 ἐπιχείρησις.

320 577 425 619 ἀλλὰ
453 579 526 619 καί
548 576 622 625 τὰς
646 577 805 629 χαλκᾶς
829 575 963 625 πύλας
989 578 1117 618 ἐκεῖσε
1143 580 1391 632 μετέθηκεν,
1423 578 1473 619 αἳ
1489 574 1769 631 πρώην,«μὲν5

321 641 544 695 ἕπεζύγουν
567 644 643 683 τοῦ
670 642 852 695 μεγάλου
884 643 1089 683 παλατίου
1116 640 1189 697 τὴν
1218 640 1379 684 εἴσοδον
1412 643 1570 695 ετῗρεῖαι
1609 635 1736 682 οὖσαι

319 705 393 748 καί
418 703 616 758 ὕψισται,
645 707 688 755 ἐς
727 708 766 747 δ’
803 705 911 760 ἡμᾶς
940 704 1016 760 τὴν
1043 705 1204 761 εἱρκτήν
1234 712 1427 761 συνεῖχον
1454 704 1560 761 ἥπερ
1587 707 1631 757 ἐξ
1658 705 1735 747 αὔ-

318 773 399 813 τῶν
418 773 565 825 Χαλκῆ
584 770 912 824 κατωνόμασται.
952 773 1024 812 καὶ
1049 769 1116 813 τὸν
1143 771 1188 812 ἐν
1213 766 1453 827 ἀνακτόροις
1480 769 1738 850 περιεόνιυμον

277 845 308 877 Ι)
323 834 420 878 ναόν
442 833 488 884 ὃς
510 835 600 878 Νὲα
618 834 721 890 μονὴ
746 833 1017 890 κικλήσκεται,
1039 836 1158 876 θείου
1180 835 1330 884 παντὸς
1348 836 1518 877 ἐπίπλου
1535 852 1603 878 και
1621 835 1738 890 ἱεροῦ

320 901 494 948 σκεύους
511 902 704 952 ἐψίλωσε.
734 900 837 940 κάπι
860 914 1020 948 τουτοις
1049 891 1425 955 λάμπρυνόμενος’
1398 916 1449 955 ην
1465 917 1533 942 και
1552 899 1734 953 θρυπτό-
1751 911 1798 938 10

318 980 440 1018 μενος
459 981 515 1013 ως
534 980 646 1013 ουτις
667 959 790 1013 ἄλλος
813 964 875 1005 ἐπ’
893 961 1026 1018 ἔργοις
1046 967 1304 1017 θαυμαστοῖς
1321 962 1607 1019 ἅβρυνόμενος.
1636 979 1735 1021 ωετο

318 1028 397 1083 γὰρ
412 1031 645 1084 προσένεξιν
655 1027 729 1084 τήν
742 1024 967 1083 ἀφαίρεσιν
983 1030 1054 1071 καί
1069 1028 1296 1083 πρόσθεσιν
1312 1028 1387 1083 τὴν
1399 1028 1633 1092 μετάθεσιν
1660 1028 1737 1083 τὴν

316 1092 393 1149 γὰρ
415 1092 536 1136 σκιὰν
559 1093 778 1173 προόκρινε
799 1096 874 1148 τῆς
901 1093 1080 1146 εἰκόνος,
1113 1095 1166 1134 ου’
1198 1093 1279 1148 μὴν
1312 1094 1584 1148 ἀγαθοεργίας
1624 1109 1736 1136 σκιο-

316 1160 500 1213 γραφιάν
525 1175 594 1200 και
621 1157 774 1212 μικρὸν
801 1154 832 1213 ἢ
871 1155 993 1200 ουὸὲν
1031 1160 1247 1214 φιλοθεΐας
1288 1157 1468 1211 ἴνδαλμα
1507 1158 1735 1208 σώζουσαν.

317 1223 406 1264 ἀλλ’
435 1224 534 1264 ου’δὲ
560 1221 606 1264 τὸ
638 1226 754 1264 θεῖον
777 1224 930 1276 χολᾶν,
961 1226 1124 1277 χαίρειν
1157 1225 1203 1264 δὲ
1230 1224 1411 1274 μᾶλλον,
1441 1223 1481 1264 ει
1507 1217 1626 1271 ουτος
1660 1238 1736 1275 μεν
1752 1225 1798 1265 ι.)

181 1284 336 1328 v.2335
362 1286 464 1337 νεώς
491 1290 563 1341 τῆς
600 1286 741 1341 πρώην
777 1286 1021 1341 ἀχρειοῦται
1059 1287 1343 1341 λαμπρότητος
1382 1287 1440 1335 εἷς
1479 1287 1737 1329 ἑννόσσευσιν

315 1353 474 1404 πτηνῶν
501 1350 573 1391 καί
596 1353 831 1403 κατοίκησιν
858 1352 1010 1402 ἐχίνων
1040 1350 1218 1403 ἐώμενος
1233 1382 1245 1402 ,
1278 1351 1552 1404 ἐγκαινίζεται
1582 1352 1622 1391 δ”
1649 1353 1736 1394 ἓτε-

316 1430 387 1473 ρος
412 1415 593 1462 ὀθνείοις
619 1416 843 1472 κειμηλίοις
861 1412 934 1454 καί
957 1413 1124 1465 κόσμοις
1152 1415 1377 1469 ἀλλοτρίοις
1402 1417 1735 1468 καταγλαΐζεται.

188 1487 325 1531 Ραὸᾁ,
423 1496 464 1535 7.
506 1477 560 1521 ιὈ
586 1479 633 1520 δὲ
660 1475 813 1533 τόλμης
844 1481 1054 1530 μετεῖχεν,’
1091 1478 1157 1518 ἵνα
1194 1479 1372 1531 μετρίως
1409 1481 1508 1530 γοῦν
1553 1478 1734 1532 εἴποιμι,

316 1542 472 1588 ἔκοίνου
498 1542 549 1584 τοὶ
578 1541 668 1597 ἱεροὶ
698 1539 825 1595 σκεύη
845 1573 856 1592 ,
886 1537 964 1582 κάκ
993 1542 1073 1582 τῶν
1106 1544 1233 1582 θείων
1260 1541 1370 1582 αὐτοὶ
1398 1547 1508 1583 ναῶν
1539 1539 1736 1586 ἀποσπῶν
1747 1562 1801 1587 zo

317 1613 408 1659 ταῖς
427 1605 582 1650 ἑαυτοῦ
610 1607 831 1663 τραπέζαις
857 1608 1171 1661 παρεισέφερεν.
1229 1601 1330 1659 ὤχει
1361 1607 1407 1648 δὲ
1436 1609 1509 1649 καί
1539 1614 1625 1657 τοῖς
1662 1610 1734 1650 ὁά-

410 1729 442 1750 2.
507 1722 563 1749 ost
597 1716 732 1751 παθῶν
773 1726 851 1748 cum
876 1715 904 1748 A
933 1716 1035 1750 omisi
1063 1717 1127 1748 τοῦ
1155 1717 1288 1760 κυρίου
1326 1718 1388 1749 καὶ
1423 1718 1585 1762 σωτῆρος
1621 1717 1733 1762 ἤμων

412 1764 445 1798 3.
470 1762 640 1820 αφὴρητο
672 1763 712 1796 A.
829 1773 881 1806 ¹7-
906 1764 968 1795 καὶ
994 1763 1223 1808 κατοίκησιν]
1246 1763 1309 1795 καὶ
1341 1761 1499 1808 ἐχιδνῶν
1525 1766 1587 1798 καὶ
1611 1763 1736 1809 ὄφεων

412 1808 601 1855 υπάρχειν
626 1808 889 1854 κατοικητήρια
911 1807 949 1839 Β.

324 1932 496 1955 summum
523 1921 630 1952 etiam
654 1897 809 1952 studium
835 1918 1020 1959 adhibuit,
1051 1923 1091 1951 ut
1114 1919 1358 1952 Monembasia
1392 1919 1599 1953 transferret
1629 1920 1731 1953 Chri-

324 1962 437 2008 stum,
461 1967 524 2011 qui
549 1967 586 1998 in
610 1977 711 1998 cruce
737 1965 900 2005 trahitur,
924 1976 1012 2009 opus
1036 1964 1239 1997 admirabili
1268 1971 1341 1998 arte
1369 1971 1405 1998 et
1426 1965 1735 2011 elegantia,'quod

323 2014 497 2046 cruciatus
522 2012 656 2045 domiui
682 2017 718 2044 et
742 2011 928 2044 servatoris
956 2011 1068 2043 nostri
1094 2011 1358 2044 evidentissime
1385 2016 1645 2055 repraesentat;
1668 2022 1734 2045 nec

323 2059 530 2103 conquievit
552 2059 757 2102 priusquam
790 2069 866 2090 eam
894 2057 1082 2101 imaginem
1107 2056 1191 2090 dolo
1227 2057 1456 2090 abstulisset:
1495 2069 1576 2090 nam
1613 2064 1733 2102 aperte

281 2101 283 2105 ’
323 2107 410 2138 citra
432 2105 628 2149 periculum
651 2103 689 2136 id
713 2104 833 2136 conari
858 2103 953 2135 haud
975 2104 1160 2148 potuisset.
1184 2106 1315 2136 'aereas
1339 2109 1457 2148 portas
1483 2104 1575 2137 latas
1611 2109 1648 2137 et
1679 2105 1733 2137 al-

322 2152 496 2190 tissimus,
532 2161 624 2194 quae
663 2150 748 2182 olim
785 2161 949 2193 mmmum
984 2149 1156 2193 palatium
1191 2149 1425 2190 claudebant,
1465 2155 1584 2185 nostra
1614 2154 1734 2183 aetate

323 2208 522 2237 carcerem,
552 2196 614 2240 qui
642 2195 725 2228 inde
758 2195 886 2228 Chalce
927 2195 1078 2234 dicitur,
1111 2195 1342 2235 muniebant,
1378 2195 1502 2228 eodem
1540 2196 1732 2230 transtulit.

323 2242 500 2274 celebrem
525 2243 627 2274 aulae
653 2241 795 2281 aedem,
824 2240 921 2286 quod
945 2252 1073 2273 novum
1097 2243 1348 2274 monasterium
1374 2241 1526 2280 dicitur,
1556 2241 1652 2272 omni
1676 2252 1733 2274 sa-

322 2300 382 2320 cro
407 2292 557 2328 ornatu,
582 2289 674 2320 vasis
699 2267 863 2319 omnibus
887 2287 1063 2331 spoliavit.
1091 2292 1199 2331 atque
1224 2286 1280 2319 his
1306 2287 1410 2319 rebus
1443 2285 1662 2329 gloriabatur
1696 2293 1734 2321 ek

324 2333 537 2366 efferebatur
558 2334 666 2376 magis
693 2345 798 2377 quam
824 2333 1010 2377 quisquam
1048 2333 1138 2364 alius
1169 2332 1347 2365 mirabilia
1383 2343 1490 2375 opera
1528 2332 1625 2364 laudi
1662 2333 1733 2366 sibi

323 2379 478 2412 duceret.
511 2389 592 2411 nam
618 2391 695 2413 cum
731 2379 891 2411 umbram
918 2378 1063 2422 imagini
1100 2378 1317 2422 praeferret,
1357 2377 1632 2411 subtractionem
1667 2389 1732 2424 pro

323 2425 510 2463 additione
538 2430 574 2456 et
600 2425 911 2468 transpositionem
941 2435 1004 2468 pro
1042 2424 1264 2468 appositione
1287 2424 1466 2464 habebat,
1500 2425 1658 2467 quamvis
1690 2436 1733 2459 ea

323 2471 464 2504 nullum
490 2471 749 2503 beneficentiae
773 2471 1018 2509 simulacrum,
1043 2480 1181 2512 parvam
1205 2475 1266 2502 aut
1288 2470 1422 2503 nullam
1447 2470 1628 2513 religionis
1652 2482 1734 2515 spe·

324 2518 415 2551 ciem
441 2515 606 2548 haberet:
634 2527 751 2560 neque
774 2527 856 2549 vero
881 2515 986 2548 deum
1010 2515 1134 2554 irasci,
1158 2515 1220 2547 sed
1243 2516 1363 2559 potius
1387 2516 1561 2559 gaudere,
1577 2517 1607 2548 si
1631 2517 1733 2550 aliud

326 2562 497 2606 templum
522 2562 672 2606 pristino
697 2562 885 2605 splendore
914 2562 1088 2605 privatum
1115 2561 1317 2594 volucribus
1347 2561 1451 2595 nidos
1491 2567 1528 2594 et
1560 2562 1734 2596 erinaceis

323 2609 444 2642 foveas
466 2607 675 2653 praeberet,
700 2607 798 2639 aliud
821 2618 903 2639 vero
927 2608 1160 2640 instauratum
1185 2608 1379 2651 peregrinis
1404 2607 1560 2646 donariis
1585 2613 1621 2642 et
1644 2608 1733 2641 alie-

323 2654 380 2697 nis
405 2653 912 2697 ornamentisesplendesceret.

416 2713 445 2732 κ.
494 2699 542 2733 Ea
565 2710 708 2744 quoque
741 2698 810 2732 fuit
837 2698 983 2732 audacia
1020 2698 1080 2744 (ne
1113 2698 1200 2742 quid
1228 2698 1342 2730 (licam
1379 2700 1530 2744 gravius)
1565 2703 1605 2732 ut
1635 2710 1734 2739 sacra>

324 2728 635 2792 vasa⁴pr05auaret
658 2750 693 2780 et
716 2745 856 2800 templis
882 2745 1001 2782 av'ulsa
1024 2746 1153 2786 mensis
1179 2745 1251 2780 suis
1276 2744 1471 2787 adhiberet.
1496 2746 1534 2781 in
1559 2755 1731 2786 comessa·

1862 2910 1877 2942 ΛΝ
1859 2861 1871 2893 '‘³⁸

1855 2942 1875 3062 -aestaze
