1878 3230
724 183 863 222 Unns
903 181 1092 222 CAPTA.
1505 167 1614 242 787

189 278 463 329 ἔπιδείπνιον,
493 274 578 332 ἥτις
607 273 656 332 ἢν
684 280 802 320 wirot
830 282 978 332 βοείων
1004 281 1137 333 κρεῶν
1165 280 1473 335 διαχαλώμενοι
1501 287 1624 341 λέβη-

189 359 234 385 σι
261 344 336 384 καί
369 345 483 385 συῶν
521 341 685 398 τεμάχη
714 345 923 399 ταριχηρὰ
954 344 1126 396 κυάμοις
1153 345 1319 401 άλητοῖς
1345 348 1624 404 συνεψόμενα,

189 404 331 463 ὥσπερ
371 410 446 450 καί
488 406 535 450 τὸ
580 410 627 450 ἐκ
665 408 878 463 σκορόδων
915 405 1170 463 ἑπέμβαμμά
1197 427 1239 453 τε
1268 411 1340 454 καί
1365 413 1554 467 σύνθεμα
1582 418 1627 467 ἐξ

190 467 328 515 ἄλλων
352 474 504 527 χυμῶν
542 469 858 528 δριμυσσόντων
897 472 973 529 τὴν
1001 472 1210 529 αἴσθησιν.
1283 477 1376 519 ἐπεὶ
1403 480 1448 521 δὲ
1474 479 1545 522 καὶ
1575 479 1627 522 τὰ

155 540 324 582 5σκῦλα
362 538 650 590 διενείμαντο,
688 538 762 579 ουίι
799 534 852 594 ἦν
889 555 952 588 τις
978 543 1078 594 παρ’
1113 542 1284 590 ἐκείνοις
1312 543 1507 600 διαστολή
1536 544 1629 587 ἐπί-

190 607 304 645 πλων
333 605 406 645 καί
436 604 593 645 σκευῶν
617 605 806 658 βεβήλων
834 619 879 645 τε
906 603 978 646 καὶ
1001 605 1153 659 aynau.
1186 606 1274 647 ἀλλ’
1301 609 1363 649 ἐπ’
1392 607 1486 664 ἴσης
1513 606 1627 652 ἄπα-

190 685 259 710 σιν
287 670 346 717 εἰς
372 667 448 717 τάς
477 667 720 721 σωματικάς
744 669 893 725 χρείας
920 670 1139 725 ἐκέχρηντο
1154 704 1166 724 ,
1208 674 1315 713 θεοῦ
1343 676 1418 716 καί
1447 676 1630 729 Θέμιδος

192 733 295 776 κατὰ
324 735 456 788 μηδὲν
483 734 779 786 ἐμπαζόμενοι.
833 732 882 776 τά
912 736 959 777 δὲ
979 738 1053 777 τοῦ
1071 738 1269 791 Χριστοῦ
1297 742 1370 781 καί
1393 742 1475 781 ταῖν
1502 738 1756 794 &ymnum

190 802 288 840 θεῖα
318 800 550 852 εἰκάσματα
590 800 653 847 εἷς
678 800 808 854 ἕδρας
835 799 909 841 καί
935 802 1076 843 ποδαῖν
1101 803 1308 857 θρανίδας
1338 807 1532 860 παρῆγον.
1565 809 1629 863 (6)

130 861 249 914 ισιός
278 866 324 906 δὲ
365 866 439 906 καί
461 866 636 920 κλήρους
677 863 838 906 πόλεων
876 866 950 908 καὶ
973 867 1127 922 χωρῶν
1153 861 1329 922 ἤρξαντο
1356 871 1553 924 βάλλειν,
1583 867 1634 926 ἦν

191 932 361 973 ἰδέσθαι
400 930 472 972 καί
496 933 654 972 θέσθαι
693 926 756 972 ὅτι
786 929 857 972 διά
889 930 1086 973 πλείστου
1114 933 1188 974 τοῦ
1219 932 1439 987 θαύματος
1469 932 1635 989 άνδρῶν

189 998 444 1052 τυφομανῶν
477 995 536 1050 μή
579 994 822 1051 ξυμβλητην
860 995 1082 1050 α’πόνοιαν,
1113 996 1183 1039 εἴτ’
1213 993 1290 1039 οὖν
1317 1000 1551 1055 παράνοιαν
1575 1004 1634 1044 εἰ·

188 1067 282 1103 πεῖν
309 1060 566 1116 οἰκειότερον.
623 1059 681 1110 ὥς
701 1060 782 1116 γάρ
813 1063 1022 1115 βασιλέων
1050 1058 1131 1117 ἤδη
1156 1066 1343 1116 βασιλεῖς
1373 1069 1634 1117 καθεστῶτες

190 1126 263 1168 καί
286 1125 333 1168 τὸ
375 1128 583 1180 περίγειον
625 1122 738 1168 ἅπαν
778 1128 823 1168 ἐν
847 1129 994 1182 χερσίν
1022 1125 1216 1181 ἔχοντες,
1245 1134 1330 1178 τοῖς
1357 1131 1435 1181 μὲν
1450 1128 1634 1183 Ῥωμαϊ-

131 1197 277 1241 ι5κοΐς
313 1194 607 1245 σχοινίσμασιν
646 1191 904 1247 άπογραφεῖς
945 1191 1196 1247 ἐπέστησαν,
1233 1195 1389 1247 γνῶναι
1430 1195 1633 1251 πρότερον

188 1256 263 1307 τάς
305 1258 515 1306 ἐπετείους
547 1255 772 1313 ἀποφοράς
808 1259 1027 1309 θέλοντες,
1066 1255 1146 1300 εἷθ’
1189 1255 1298 1300 οὕτω
1339 1258 1442 1302 κατιὶ
1475 1260 1635 1311 πάλους

188 1320 302 1365 αὐτοὶ
348 1324 632 1377 μερίσασθαι,
662 1320 734 1371 τὰς
775 1324 820 1364 δὲ
846 1323 945 1378 παρ’
971 1319 1113 1372 ἄλλοις
1138 1322 1281 1366 ἔθνεσι
1309 1328 1381 1366 καί
1409 1329 1634 1378 βασιλεῦσι

188 1386 481 1443 κάρπουμένας
508 1385 646 1443 οἷρχοῖς
671 1386 744 1429 καί
769 1389 962 1439 ἐξουσίας
1000 1389 1045 1430 ἐκ
1074 1389 1151 1429 τοῦ
1183 1388 1331 1431 αὐτίκα
1363 1390 1577 1434 διείλοντο.
1604 1387 1632 1448 ἥ

188 1452 251 1496 τε
276 1449 352 1495 οὖν
389 1455 433 1495 ἐν
470 1450 640 1495 πόλεσιν
679 1452 893 1506 εὖδαᾲιων
928 1452 1002 1495 καί
1041 1453 1146 1509 πρὸς
1183 1456 1243 1511 τῷ
1285 1457 1424 1513 Νείλῳ
1464 1460 1667 1512 κειμένηΒ

126 1519 480 1572 αοἈλεξάνδρεια
509 1520 566 1576 τῷ
596 1533 640 1560 τε
668 1518 806 1576 κλήρῳ
837 1519 1028 1560 ὑπέκειτο
1063 1521 1135 1561 καί
1165 1522 1332 1574 Λιβύη,
1363 1521 1436 1562 καί
1460 1521 1631 1576 Λιβύης

189 1583 243 1627 τά
272 1585 315 1633 ἐς
348 1582 553 1637 Νομάδας
590 1585 664 1625 καί
687 1584 876 1638 Γάδειρα
917 1586 1240 1639 παρατείνοντα,
1281 1583 1461 1640 Πάρθοι
1488 1602 1531 1628 τε
1559 1587 1633 1629 καί

189 1649 386 1706 Πέρσαι,
423 1650 497 1691 ἐπί
521 1650 568 1691 δὲ
584 1643 746 1705 Ἴβηρες
772 1648 870 1706 ἑῷοι
905 1651 977 1691 καί
1003 1650 1205 1705 Ἀσσυρία
1239 1651 1291 1705 γῆ
1317 1652 1391 1692 καί
1411 1651 1627 1705 ςΥρκανοί,

287 1768 315 1790 1.
340 1753 420 1797 ἥτις
448 1752 493 1797 ἦν
524 1756 611 1800 κρέη
629 1755 774 1799 χοίρων
801 1755 865 1788 καὶ
887 1755 988 1798 βοῶν
1009 1755 1061 1791 εἰς
1085 1750 1130 1788 τὰ
1159 1754 1320 1798 κακάβια
1341 1753 1542 1798 βάλλοντες
1566 1758 1629 1790 καὶ

281 1802 581 1839 κατακόπτοντες
592 1802 823 1857 ιἐτοιρίχειζον
839 1826 848 1841 ,
883 1801 1100 1846 εἰσάγοντες
1124 1802 1187 1833 καὶ
1212 1798 1287 1834 α’πὸ
1314 1804 1388 1836 τῶν
1413 1801 1628 1855 ἄλεὶσμένων

281 1850 472 1895 ὀσπρίων,
499 1851 627 1886 καθως
648 1850 710 1882 καὶ
735 1860 805 1890 την
832 1847 992 1888 σάλτζαν
1015 1847 1138 1882 αὐτῶν
1159 1847 1367 1882 ἔποιοῦσαν
1390 1858 1484 1894 μετα
1514 1848 1628 1894 σκόρ-

282 1897 359 1930 δων
395 1897 458 1929 καὶ
493 1894 616 1930 ἄλλων
648 1894 762 1928 εἰδῶν
788 1894 863 1930 τῶν
890 1894 1119 1941 δριμυτέραν
1151 1893 1369 1929 ποιούντων
1397 1893 1466 1936 τὴν
1490 1896 1626 1938 αἴσθη-

282 1953 357 1977 σιν.
382 1943 419 1976 Β.
565 1954 599 1988 9.
627 1942 680 1978 εἰς
706 1940 831 1988 ἔδρας]
874 1942 927 1978 εἰς
953 1939 1195 1984 ποδαρούλια
1221 1942 1285 1974 καὶ
1310 1941 1495 1975 σουπέδια
1518 1951 1625 1975 κατε-

280 1988 464 2029 σκεύαζον
487 1989 526 2023 Β.
647 1989 698 2022 15.
722 1986 881 2035 γνῶναι]
913 1987 977 2022 ἵνα
1000 1986 1188 2032 πρότερον
1208 1989 1427 2032 γνωρίσωσι
1454 1981 1498 2020 τά
1524 1989 1625 2022 εἰσο-

277 2035 426 2082 δήμαῐα
440 2037 514 2070 τῶν
530 2034 677 2071 πόλεων
695 2036 761 2068 καὶ
783 2037 858 2069 τῶν
876 2036 1178 2069 κατεπανοικίων
1192 2033 1230 2069 Β.
1304 2044 1360 2066 22.
1389 2033 1569 2080 ῠρκάνιος
1584 2035 1624 2068 Α.

187 2139 360 2173 intinctus
397 2149 441 2170 ex
476 2137 571 2171 alliis
610 2141 647 2171 et
683 2137 805 2182 liquor
830 2147 874 2170 ex
908 2136 987 2170 aliis
1011 2134 1153 2169 acribus
1190 2134 1400 2168 humoribus
1426 2135 1624 2172 confectus.

186 2191 271 2231 post
293 2184 543 2218 manubiarum
580 2183 812 2229 partitionem
838 2194 936 2216 sacra
959 2182 1105 2216 minime
1129 2193 1148 2215 a
1174 2182 1326 2227 profano
1353 2181 1623 2226 distingueban—

187 2238 269 2273 tur,
294 2231 359 2265 sed
384 2243 428 2264 ex
453 2242 569 2276 aequo
595 2231 753 2276 corporis
781 2229 905 2274 usibus
930 2235 1082 2275 utraque
1108 2229 1394 2269 adhibebantur,
1430 2229 1508 2261 sine
1545 2229 1621 2261 ullo

186 2279 345 2311 numinis
374 2283 411 2311 et
439 2278 621 2322 religionis
651 2282 839 2322 respectu,
868 2276 959 2309 adeo
986 2282 1027 2310 ut
1039 2275 1169 2309 Christi
1196 2281 1232 2309 et
1249 2280 1451 2309 sanctorum
1490 2274 1622 2308 divinis

189 2324 402 2370 imaginibus
425 2335 489 2369 pro
516 2324 613 2358 sellis
637 2329 674 2357 et
696 2324 860 2357 scabellis
885 2329 1083 2358 uterentur.
1133 2323 1185 2368 (6)
1210 2323 1400 2367 Postquam
1419 2322 1619 2366 provincias

190 2376 228 2404 et
253 2371 359 2404 urbes
383 2371 501 2404 sortiri
528 2376 743 2416 coeperunt,
769 2369 993 2412 vecordiam,
1017 2381 1064 2403 ne
1087 2369 1263 2402 insaniam
1291 2369 1406 2402 dicam
1427 2393 1436 2408 ‚
1462 2368 1622 2399 virorum

190 2418 359 2462 superbia
394 2419 611 2451 tumentium
645 2416 964 2462 incomparabilem
1006 2427 1081 2450 non
1109 2417 1186 2449 sine
1217 2427 1352 2449 summa
1383 2414 1619 2447 admiratione

191 2474 364 2499 cerneres.
388 2463 491 2509 quasi
516 2465 611 2498 enim
633 2465 704 2497 iam
727 2475 826 2508 reges
849 2475 970 2508 regum
995 2463 1111 2496 effecti
1135 2467 1172 2495 et
1199 2463 1324 2495 orbem
1349 2467 1520 2494 terrarum
1546 2460 1619 2491 suis

190 2509 356 2542 manibus
382 2509 574 2555 complexi,
610 2512 648 2543 in
671 2513 842 2544 Romanas
873 2510 1072 2555 provincias
1100 2509 1335 2553 descriptores
1360 2508 1554 2544 miserunt,
1577 2510 1619 2538 nt

191 2557 319 2588 annuis
362 2556 535 2590 reditibus
570 2557 608 2591 in
632 2558 755 2603 primis
780 2557 930 2601 cognitis
954 2556 1085 2589 deinde
1118 2567 1176 2588 eas
1201 2556 1326 2588 sortito
1351 2552 1619 2585 distribuerent.

192 2603 343 2635 aliarum
372 2614 456 2635 vero
487 2606 673 2637 nationum
710 2605 931 2650 principatus
970 2609 1006 2636 et
1033 2614 1139 2647 regna
1173 2602 1293 2634 statim
1318 2600 1525 2632 diviserunt.
1551 2597 1617 2629 sub

193 2654 325 2682 sortem
348 2649 484 2682 cecidit
508 2650 613 2683 beata
631 2650 716 2683 urbs
742 2651 825 2684 Nilo
850 2650 1015 2683 adiacens
1039 2647 1275 2687 Alexandria,
1300 2645 1432 2687 Libya,
1458 2655 1499 2676 ea
1523 2655 1617 2688 quae

192 2707 212 2728 a
236 2695 347 2738 Libya
372 2706 485 2740 usqne
507 2695 553 2728 ad
575 2695 780 2730 Numidiam
806 2702 842 2730 et
866 2696 982 2731 Gades
1006 2695 1210 2741 pertinent,
1235 2694 1320 2725 item
1341 2690 1458 2724 Parthi
1482 2695 1518 2723 et
1534 2691 1616 2723 Per-

192 2753 264 2783 sae,
293 2742 494 2778 Orientales
512 2741 644 2784 Iberes,
669 2742 822 2787 Assyria,
843 2743 1031 2787 Hyrcania,
1050 2747 1087 2776 et
1110 2750 1204 2786 quae
1232 2738 1280 2776 ad
1297 2738 1480 2772 Orientem
1503 2738 1616 2781 maxi-
