1838 3210
247 135 321 198 l40
379 134 382 136 ’
673 142 905 188 morsm
945 139 1257 183 caoNJA‘rAs

248 254 376 299 μερεῖ
397 248 497 286 τωὸε
526 262 606 284 των
638 236 972 295 στρατευμάτων,
1004 237 1233 292 διαφόρους
1264 235 1577 292 προφαινόντων
1605 237 1679 284 τὰς

250 312 434 357 ὁπλίσεις
448 343 459 361 ,
490 311 607 364 φόβοι
635 307 789 347 πλείονι
818 306 978 359 ληφθὲν
1003 302 1051 344 τὸ
1081 305 1275 355 πολέμιον
1302 304 1376 356 τῆς
1404 296 1508 355 α’γαν
1538 301 1678 344 ἐνστά-

246 392 351 423 οεως
376 372 624 427 καθυψίησι,
649 387 717 411 και
739 369 811 411 τὸν
830 367 943 417 ἐκτὸς
964 370 1187 423 προέμενον
1204 365 1418 421 τειχισμὸν
1446 364 1550 421 πρὸς
1568 370 1682 419 περί-

243 443 368 492 βολον
388 438 460 479 τὸν
486 436 604 478 ἔνδον
635 437 896 488 μεθίσταται.
927 435 998 475 ὲπί
1012 437 1182 480 πολλαῖς
1199 447 1273 474 ουν
1298 432 1474 487 ἡμέραις
1493 431 1679 485 α’γχέμα-
1710 465 1718 474 .

208 517 231 547 Β
241 520 314 557 χοι
341 504 587 555 συνέβαινον
607 502 846 553 συμπλοκαι
872 501 942 541 καί
960 503 1101 553 πεῖραι
1118 515 1188 540 και
1217 494 1438 550 διαμάχαι,
1467 513 1536 539 και
1529 496 1714 550 poro-5

242 570 398 620 μαχιάι
415 568 495 608 τῶν
525 566 713 645 ἀρίστων,
743 581 811 606 και
840 562 1071 619 περιφυγαί
1096 565 1169 605 καί
1195 559 1483 616 ’ὑποχωρήσεις
1511 578 1578 604 και
1605 578 1679 603 κα-

244 633 458 682 ταδιώξεις
487 633 530 682 ἐξ
557 629 779 685 ἑκατέρων.
834 627 924 671 ἀλλ’
955 626 1023 671 ἆει
1046 628 1098 671 τὰ
1126 630 1204 681 μὲν
1215 626 1433 680 εῬωμαιων
1462 627 1679 681 ἐπικρατέ-

244 712 375 750 στερα
420 698 715 751 κατεφαίνετο,
752 694 798 736 τὸ
830 696 866 736 δ’
898 696 1081 736 ἐναντίον
1108 689 1185 735 κᾶν
1215 691 1382 734 ἔπιπτεν
1417 689 1499 733 ἀπὸ
1534 690 1680 747 ξίφους

246 760 462 814 πλειόνως,
482 759 560 802 κᾶν
578 762 624 802 ἐκ
641 760 772 812 τόξων
792 762 852 809 εἰς
868 759 1047 800 θάνατον
1068 754 1266 811 ὕπνωττε,
1289 754 1366 799 κᾶν
1383 763 1467 806 τοῖς
1483 758 1528 799 ὲκ
1543 772 1681 811 μηχα-

242 830 323 869 νιόν
346 827 480 875 λίθοις
499 829 557 875 εἰς
573 826 680 881 μέρη
702 826 872 882 διῄρητο
890 823 963 866 καί
981 823 1084 878 πρὸς
1114 825 1189 878 γῆν
1207 821 1259 864 τὰ
1277 824 1396 878 τείχη
1416 824 1489 864 καί
1513 821 1565 864 τοὶ
1585 822 1679 863 τού·
1698 839 1744 866 xo

242 910 325 934 των
341 895 565 948 καθῃρεῖτο
583 888 788 947 θωράκια,
818 887 931 942 ὅμως
951 887 1092 941 ἔμενεν
1117 887 1176 930 ἔτι
1198 887 1454 942 ἀκράδαντον
1471 887 1514 937 ἒς
1528 901 1680 941 μυριο-

242 960 397 1011 πληθὲς
419 955 732 1010 ἀριθμούμενον
749 988 761 1008 ,
792 951 927 1003 ἄλλως
953 971 998 995 τε
1016 956 1090 996 καί
1111 954 1216 1008 ὑπὲρ
1251 953 1391 994 αὐτῶν
1420 954 1500 994 τῶν
1528 954 1682 1006 ψυχῶν

242 1021 316 1062 καί
345 1023 495 1063 τέκνων
525 1021 599 1063 καί
623 1023 852 1075 γυναικῶν,
881 1018 983 1074 πρὸς
1012 1021 1057 1061 δὲ
1086 1020 1158 1060 καί
1185 1017 1366 1060 πλούτου
1397 1019 1581 1071 πολλοῦ,
1609 1019 1684 1059 καί

243 1086 394 1128 τούτου
433 1088 722 1138 παντοδαποῦ,
771 1083 1128 1139 διαγωνιζόμενον.
1182 1081 1256 1124 καί
1290 1083 1384 1137 τάχ’
1414 1079 1466 1124 ἂν
1492 1079 1580 1137 ἥλω
1612 1081 1685 1124 καὶ

243 1154 268 1206 ἦ
298 1151 413 1202 πόλις
447 1150 523 1207 ἥδε
564 1154 637 1194 καί
664 1156 836 1205 βασιλεῖ
872 1153 1146 1204 καθυπέκυψε
1173 1151 1245 1191 καί
1270 1150 1424 1198 παντὸς
1449 1150 1527 1190 τοῦ
1554 1147 1744 1194 πλού-ιδ

245 1234 320 1260 του
350 1219 545 1260 κεκένωτο
561 1250 574 1271 ,
601 1220 675 1259 καί
709 1218 909 1270 Ῥωμαῖοι
933 1218 986 1274 τῇ
1013 1218 1170 1271 ταύτης
1190 1213 1388 1269 χειρώσει
1413 1216 1529 1264 κλέος
1555 1210 1685 1269 ἦραν-

206 1290 291 1324 Cro
322 1287 406 1326 τῶν
438 1284 581 1340 πρώην
609 1285 951 1337 ἐπικυδέστερον,
985 1284 1024 1324 εἰ
1052 1281 1109 1337 μὴ
1144 1283 1329 1336 ἀγγελίαι
1355 1284 1463 1330 τινὲς
1492 1276 1684 1324 ἆπαίσιοι

242 1351 314 1391 καί
342 1345 494 1391 ἄκοντα
525 1351 682 1391 ἐκεῖθεν
707 1346 776 1391 τὸν
806 1349 983 1401 βασιλέα
1008 1349 1299 1400 μεθείλκυσαν,
1326 1348 1376 1388 αἳ
1393 1344 1466 1401 την
1483 1341 1685 1390 Ἔδεσσαν

243 1410 343 1471 ᾖδον
383 1416 648 1469 κυκλωθῆναι
693 1413 808 1467 παρὰ
838 1415 1019 1468 Περσῶν
1059 1414 1133 1454 καί
1171 1411 1425 1454 κινδυνεύειν
1451 1414 1604 1453 παθεῖν
1631 1409 1681 1452 τὰ

243 1480 437 1534 χείριστα
461 1477 518 1534 μὴ
546 1481 754 1532 βασιλέως
785 1481 891 1535 αὐτῇ
923 1478 997 1532 τὴν
1012 1480 1209 1533 ταχίστην
1237 1476 1477 1533 ἅρήξαντος.
1532 1472 1749 1526 οὖκοῢναρ

245 1545 290 1584 ἐκ
319 1546 403 1585 ταῖν
430 1546 787 1598 πολιορκουμένων
815 1546 930 1597 δῶρα
956 1545 1249 1597 μεγαλοπρεπῆ
1263 1536 1552 1595 ικομισάμενος
1567 1573 1581 1593 ,
1611 1543 1685 1584 καί

245 1611 381 1650 ταῦτα
410 1611 454 1661 ἐξ
482 1606 586 1663 ὕλης
613 1611 945 1665 τιμαλφεοτέρας
979 1611 1061 1651 τῶν
1088 1609 1290 1659 ἁπασῶν,
1318 1606 1391 1648 καὶ
1417 1607 1568 1656 ἵππους
1595 1609 1685 1661 ἐρι-

246 1675 432 1728 αὐχενας
472 1670 651 1727 εὐγενεῖς
692 1676 766 1715 καί
807 1676 969 1728 νήματα
999 1672 1159 1728 Σηρικοὶ
1207 1674 1510 1726 διαπλεχθέντα
1537 1673 1686 1730 χρυσῷ

247 1757 316 1785 και
345 1740 556 1796 τράπεζαν
584 1739 839 1792 ἀξιοθέατον,
868 1738 949 1796 πρὸ
979 1741 1026 1781 δὲ
1056 1737 1213 1781 τούτων
1239 1738 1424 1794 σταυρὸν
1453 1739 1514 1787 εἰς
1536 1741 1686 1793 χεῖρας

344 1840 397 1864 ιι.
420 1828 500 1863 ἄλλ’
534 1828 635 1876 ὅμως
671 1821 713 1864 τὸ
745 1830 1007 1877 ἀναρίθμητον
1035 1811 1179 1871 πλῆθος
1200 1829 1321 1864 ἐκεῖνο
1349 1829 1473 1862 ἐποίει
1493 1827 1605 1861 τοῦτο
1631 1820 1684 1874 μῆ

339 1878 551 1933 φαίνεσθαι
555 1843 689 1910 ¹u.Wolf
715 1876 793 1909 cod.
891 1889 942 1921 ¹9·
967 1887 1071 1920 παρα
1099 1876 1207 1922 Περ]
1237 1875 1312 1909 v‘nd
1345 1877 1420 1909 τῶν
1447 1874 1619 1918 τούρκων
1644 1876 1682 1909 Β.

340 1933 395 1954 22.
422 1922 460 1961 ἐξ
486 1921 582 1968 ὕλης]
619 1923 659 1956 ἐκ
694 1924 815 1956 λίθων
850 1925 913 1955 και
944 1926 1081 1968 τιμίων
1117 1923 1329 1968 μαργοίρων
1362 1923 1426 1957 καὶ
1461 1920 1584 1967 ἄλογα
1616 1931 1684 1968 με-

338 1968 436 2015 γάλα
461 1966 623 2014 ἄραβικα
652 1971 717 2002 καὶ
738 1970 870 2014 §aazia
895 1956 1015 2002 πολλοὶ
1044 1969 1169 2014 χρυσᾶ
1197 1969 1234 2001 Β.

248 2047 394 2080 remissa
423 2048 621 2092 pertinacia
649 2052 686 2080 et
725 2048 914 2081 moenibus
941 2030 1178 2081 exterioribus
1204 2048 1360 2088 relictis,
1386 2047 1424 2079 in
1448 2047 1621 2080 interiora
1643 2058 1683 2080 se

248 2094 448 2127 conferunt.
474 2094 595 2126 multis
636 2105 718 2138 ergo
745 2094 874 2127 diebus
899 2094 1095 2127 comminus
1118 2099 1297 2138 pugnatur
1315 2119 1324 2134 ,
1351 2093 1444 2126 nihil
1466 2105 1540 2127 non
1562 2099 1682 2127 tenta-

247 2146 328 2180 tur,
358 2141 466 2172 etiam
490 2140 684 2184 singularia
721 2140 994 2174 fortissimorum
1019 2141 1212 2173 certamina
1238 2140 1349 2172 fiunt:
1374 2151 1471 2173 nunc
1494 2140 1532 2174 iu
1555 2139 1681 2174 urbem

248 2187 442 2229 refugitur,
484 2198 579 2219 nunc
614 2187 652 2225 in
686 2192 799 2219 castra
834 2187 1035 2227 receditur,
1079 2187 1129 2219 sic
1152 2192 1273 2219 tamen
1299 2192 1340 2218 ut
1366 2187 1516 2219 Romani
1543 2197 1682 2231 semper

247 2233 448 2277 superiores
482 2238 610 2265 essent.
647 2233 768 2265 hostes
793 2239 912 2266 autem
938 2234 1006 2267 etsi
1027 2233 1148 2277 plures
1173 2233 1291 2276 gladio
1316 2232 1514 2274 cadebant,
1542 2233 1682 2276 sagittis

247 2279 554 2320 conficiebantur,
584 2279 826 2313 machinarum
862 2281 954 2313 saxis
979 2279 1293 2323 disoerpebantur,
1318 2280 1459 2311 moenia
1486 2290 1681 2323 eorumque

245 2325 440 2370 pinnacula
476 2325 754 2366 sternebantur,
794 2331 915 2358 tamen
956 2325 1057 2358 clade
1082 2326 1119 2358 in
1155 2331 1257 2358 tanta
1292 2325 1527 2358 multitudine
1553 2336 1680 2369 parum

247 2372 440 2416 conspicua
464 2372 603 2404 immoti
622 2372 879 2415 perstiterunt,
921 2373 1130 2416 praesertim
1156 2383 1235 2405 cum
1260 2371 1350 2412 vita,
1379 2371 1505 2412 liberi,
1531 2382 1680 2412 uxores,

246 2428 395 2461 magnae
422 2423 458 2450 et
494 2419 612 2450 variae
639 2429 724 2462 opes
765 2425 963 2462 agerentur.
994 2430 1034 2451 ac
1057 2418 1204 2454 forsitan
1229 2423 1331 2461 capta
1359 2425 1453 2452 esset
1476 2418 1566 2456 haec
1588 2429 1679 2462 quo-

248 2474 318 2508 que
343 2464 427 2503 urbs
464 2470 501 2497 et
538 2464 704 2496 omnibus
729 2465 857 2508 opibus
882 2464 1035 2505 nudata,
1070 2465 1236 2498 Romanis
1264 2465 1340 2497 eius
1365 2465 1504 2498 excidio
1530 2464 1680 2507 gloriam

248 2511 421 2552 insignem
454 2510 618 2554 adeptis,
643 2510 714 2542 nisi
739 2510 878 2544 adversi
906 2512 1025 2551 nuntii
1053 2511 1305 2554 imperatorem
1330 2511 1390 2545 vel
1415 2511 1564 2545 invitum
1593 2510 1679 2543 inde

246 2556 513 2590 abstraxissent.
539 2556 723 2590 serebatur
758 2558 852 2589 enim
879 2557 1010 2590 Edessa
1036 2569 1055 2589 a
1078 2557 1191 2590 Persis
1231 2557 1460 2590 circumsessa
1484 2558 1521 2590 in
1548 2556 1679 2589 excidii

245 2603 459 2639 atrocissimi
491 2603 653 2647 periculo
682 2603 840 2643 versari,
877 2603 945 2638 nisi
983 2605 1176 2647 imperator
1209 2603 1322 2646 primo
1351 2615 1495 2648 quoque
1518 2610 1679 2648 tempore

244 2660 350 2692 opem
368 2649 488 2681 ferret.
512 2649 619 2692 igitur
637 2649 847 2688 muneribus
862 2650 1090 2693 amplissimis
1110 2650 1336 2694 acceptisque
1354 2651 1501 2683 materia
1519 2652 1679 2684 omnium

243 2695 501 2740 pretiosissima
526 2694 761 2737 constabant,
803 2701 839 2730 et
867 2697 968 2741 equis
1002 2697 1182 2740 generosis
1208 2701 1244 2730 et
1269 2695 1342 2733 tela
1366 2697 1478 2732 serica
1502 2708 1588 2731 auro
1622 2697 1679 2738 in-
