1838 3210
453 170 522 210 DE
562 167 813 213 MANUELE
851 168 1114 214 GOMNENO
1153 172 1252 212 Lm.
1282 173 1352 212 ln.
1520 152 1622 221 143

193 269 232 311 οἱ
260 267 373 324 ἄμφ’
402 268 530 310 αὐτὸν
560 267 756 321 ἱππόται,
791 267 938 318 πάντες
968 271 1128 325 α’ρεῖκοί
1154 271 1230 325 τὴν
1257 271 1402 325 ἰσχύν,
1432 270 1628 326 εύμήκεις

191 333 245 378 τοὶ
272 334 461 389 σώματα.
527 334 584 384 ὥς
628 335 664 375 δ’
692 331 861 390 ἔφριξεν
890 336 1100 392 ἐγχείῃσιν
1123 333 1150 392 ἦ
1183 337 1301 391 μάχη
1330 332 1535 391 ἄγευστος
1561 337 1627 379 αἳ-

190 414 345 453 ματος,
371 401 667 442 συνεπλέκοντο
686 397 881 451 ἐκθύμως
901 401 946 450 ἐξ
972 399 1133 456 ἄμφοῖν
1149 400 1287 444 ἱκανοί
1307 400 1510 457 ἀλλήλους
1537 403 1628 443 δια-

194 467 474 522 δορατίζοντες
496 466 569 506 καί
591 463 688 512 τούς
715 466 800 505 κατ’
830 466 972 506 αὐτῶν
1000 466 1277 520 ιίκοντισμούς
1304 466 1626 520 ὕπεκκλίνοντες,

158 528 264 574 Βὸτε
291 532 365 573 καί
389 526 439 588 ᾖν
464 531 570 572 ἰδεῖν
598 528 704 571 κατὰ
723 527 793 571 τόν
807 525 990 583 ἄχαλκον
1017 531 1171 574 ἐκεῖνον
1199 527 1303 587 ἄρεα
1332 535 1389 590 πῇ
1415 535 1494 586 μὲν
1519 532 1626 587 κύμ-

190 600 326 651 βαχον
352 598 424 639 ἐπὶ
446 594 628 651 βρεχμόν
654 611 699 637 τε
729 596 802 637 καί
827 591 970 647 ὤμους
1000 597 1351 652 α’νατρεπόμενον,
1382 594 1532 641 ἄλλοσε
1557 598 1625 641 ἱπ-

187 664 309 712 πείας
336 661 550 716 ἀστράβης
575 658 947 716 ἑκσφαιριζόμενον
961 696 973 716 ,
1002 659 1128 705 ἄλλον
1145 666 1282 718 πρηνῆ
1289 663 1626 719 ,,έ“ξυπτια’ζοντα

186 729 342 783 ἕτερον,
371 723 496 768 ἄλλον
517 725 808 779 μεταβαλόντα
828 725 880 768 τοὶ
905 730 1014 770 ναῗτα
1042 731 1116 770 καί
1139 727 1434 783 προτροπάδην
1448 730 1618 785 φεύγον-
1638 741 1662 772 Β

187 808 256 836 τα.
313 792 336 834 ὅ
379 793 457 845 μὲν
485 790 711 847 έχλοόριζεν
750 789 832 832 ὑπὸ
881 793 1030 846 δέους,
1058 792 1132 835 τόν
1161 794 1425 845 α’κοντίζοντα
1452 796 1624 848 δεδιώς,

131 871 178 898 10
188 861 261 901 καί
283 859 340 916 τῷ
367 855 482 899 σάκει
512 859 594 906 πᾶς
619 855 895 899 §vs-'himero-
954 857 976 900 ὃ
1017 860 1063 900 δὲ
1090 858 1275 914 ἀνθηρὸς
1301 855 1377 913 ἦν,
1405 859 1478 901 τὸν
1505 860 1625 903 α’ντα-

185 921 390 979 γωνιστήν
438 921 718 977 κατεπτηχότα
765 922 889 977 ὄρῶν.
951 922 997 966 τό
1042 925 1088 966 δὲ
1133 926 1208 966 τοῦ
1240 920 1362 978 ἆέρος
1401 923 1550 980 ῥόθιον
1579 929 1629 983 τῇ

187 987 300 1046 ὄρμῇ
326 990 408 1031 τῶν
434 987 571 1029 ἵππων
590 986 834 1040 τεμνόμενον
863 990 1017 1042 η’νέμου
1045 988 1120 1038 τὰς
1147 990 1333 1044 σημαίας
1359 991 1434 1032 καί
1457 990 1629 1047 λιγυρὸν

185 1052 469 1109 ύπεσύριττεν.
525 1049 639 1095 εἶπεν
667 1049 719 1094 ἄν
737 1069 801 1102 τις
831 1053 908 1094 025ae
941 1050 1168 1108 ἀκόμψως,
1202 1053 1307 1109 πρὸς
1335 1054 1410 1109 τὴν
1436 1059 1627 1111 τηνικαῦ·

184 1137 238 1162 τα
263 1119 459 1175 διάχυσιν
477 1114 651 1171 ἆπιδών,
677 1118 926 1174 Ἀφροδίτην
947 1114 1075 1174 ’Ἀρεῖ
1098 1123 1332 1171 συνελθεῖν,
1359 1123 1410 1177 τῇ
1438 1123 1475 1162 δ’
1495 1118 1634 1164 Ἐνυοῖ

127 1187 499 1240 ιόσυμπλέκεσθαι
511 1182 726 1239 Χάριτας·
757 1180 869 1226 οὕτω
887 1182 940 1225 τὰ
962 1183 1057 1227 τότε
1075 1187 1247 1239 παίγνια
1273 1190 1408 1239 μῖγμα
1435 1189 1629 1228 ποικιλοῦ

183 1251 316 1294 καλοῦ
342 1247 567 1304 ἐτύγχανεν
597 1244 706 1291 ὄντα.
735 1250 866 1292 ἐποίει
889 1252 925 1291 δ’
953 1248 1214 1303 ἁμιλλᾶσθαι
1241 1252 1315 1292 καί
1337 1251 1626 1307 παραλογώτε-

182 1333 255 1372 ρον
283 1315 518 1369 Ῥωμαίους
550 1317 629 1368 μὲν
670 1315 715 1358 τὸ
753 1316 1008 1372 ὑπερφέρειν
1046 1313 1278 1369 βούλεσθαι
1317 1318 1402 1357 ταῖν
1428 1316 1628 1359 Λατίνων

181 1382 257 1424 καί
279 1380 386 1424 κατὰ
428 1379 501 1436 την
542 1382 624 1423 τῶν
651 1378 838 1436 δοράτων
866 1383 1128 1436 οἶγκοίνησιν,
1158 1384 1232 1423 καί
1259 1384 1464 1435 βασιλέως
1490 1384 1628 1425 αύτοῦ

184 1446 404 1504 ὀφθαλμοὶ
443 1447 705 1501 ἀγωνοθέται
749 1449 833 1488 τῶν
861 1448 1089 1502 δρωμένων
1110 1445 1343 1501 γινόμενοι,
1370 1447 1550 1496 Ἰταλοὺς
1579 1449 1626 1489 δὲ

119 1513 207 1560 ’.ιοό
233 1515 302 1555 αἐἰ
331 1512 457 1568 ὀρθὸς
489 1511 630 1566 αὐχὴν
659 1514 732 1554 καί
755 1510 799 1554 τό
834 1512 1011 1568 ὑβρίζον
1047 1511 1268 1568 φρόνημα,
1306 1510 1365 1554 ἔτι
1397 1528 1443 1567 γε
1473 1510 1556 1567 μην
1578 1513 1664 1557 τὸΟ

181 1581 279 1635 μηδ’
306 1575 412 1627 ὅλως
452 1579 682 1631 ἀνέχεσθαι
714 1577 950 1630 Ῥωμαίους
977 1583 1142 1633 κρατεῖν
1168 1576 1242 1619 τὸν
1271 1576 1342 1618 διὰ
1371 1581 1524 1619 κοντῶν
1550 1577 1626 1619 πό-

182 1650 320 1698 λεμον.
378 1642 577 1696 βασιλεὺς
603 1644 649 1684 δὲ
692 1641 817 1692 αύτὸς
841 1642 998 1685 σύνδυο
1022 1641 1196 1692 ἱππότας
1222 1642 1498 1698 προσούδισε,
1528 1647 1624 1685 καθ’

273 1754 306 1785 6.
330 1748 461 1783 ἄλλοτε
485 1750 522 1782 Α.
598 1753 630 1786 8.
655 1746 922 1795 μεταβαλόντα]
951 1747 1237 1793 σκεπαζόμενον
1250 1740 1291 1781 τὸ
1311 1747 1542 1792 σκουτείριον
1561 1754 1624 1782 καὶ

273 1797 544 1840 α’ναχωροῦντα
567 1796 605 1828 Β.
678 1807 711 1840 9.
735 1793 949 1841 ἐχλώριζεν]
977 1795 1176 1838 ἐλωρίαζεν
1194 1797 1234 1828 Α.
1276 1812 1279 1814 -
1311 1805 1364 1828 ιι.
1388 1792 1428 1827 τὰ
1455 1794 1495 1829 δὲ
1519 1806 1548 1828 τ.
1576 1796 1623 1843 ὠ]

272 1844 293 1878 ὁ
315 1843 356 1877 δέ
370 1852 415 1887 γε
435 1841 504 1887 α’ἢρ
518 1861 566 1868 ——
583 1842 813 1886 τεμνόμενος
827 1843 867 1874 Δ.
957 1852 1007 1875 12.
1027 1840 1094 1876 τὰς
1110 1839 1286 1886 σημαίας]
1304 1833 1348 1873 ταὶ
1366 1840 1570 1886 φλάμουλα
1587 1843 1624 1875 Β.

277 1893 327 1925 ι5.
352 1890 662 1934 προσπλέκεσθαι
675 1890 714 1921 A.
798 1897 852 1919 22.
878 1886 1049 1934 σύνδυο]
1080 1885 1156 1919 δύω
1195 1888 1464 1931 καβαλλαρίους
1488 1889 1625 1931 στήσας

271 1937 313 1971 ἐν
339 1938 387 1981 τῷ
422 1934 501 1981 ἅμα
540 1937 604 1968 καὶ
639 1935 820 1971 σκυτίσας
849 1935 912 1966 καὶ
937 1935 1119 1979 ἐγκράξας
1141 1934 1204 1966 καὶ
1227 1931 1293 1967 τόν
1316 1933 1383 1968 ἕνα
1408 1931 1499 1971 δούς
1527 1934 1622 1980 μετιὶ

272 1985 342 2018 τοῦ
356 1984 560 2027 κονταρίου
586 1980 826 2024 κατέβαλενΒ.

179 2078 292 2112 instar
315 2076 488 2110 inflexum
505 2099 515 2116 ,
550 2085 630 2108 cum
660 2074 820 2107 omnium
846 2073 1011 2118 equitum
1038 2084 1182 2106 suorum
1208 2073 1399 2114 comitatu,
1423 2077 1621 2119 procerita-

179 2131 216 2159 te
241 2135 428 2169 corporum
465 2127 502 2155 et
534 2121 667 2154 bellico
701 2121 903 2154 animorum
937 2120 1059 2164 vigore
1090 2120 1295 2164 insignium.
1318 2125 1359 2153 ut
1391 2121 1530 2155 ludicra
1554 2124 1618 2156 illa

178 2183 296 2217 pugna
322 2169 490 2203 inchoata
513 2174 586 2209 est,
610 2168 781 2212 utrinque
807 2167 1007 2211 complures
1031 2177 1158 2210 magno
1187 2167 1324 2210 impetu
1348 2173 1431 2200 sunt
1454 2180 1619 2213 congres-

178 2219 232 2259 si,
266 2218 448 2250 hastarum
493 2215 585 2248 ictus
621 2215 661 2247 in
690 2215 804 2247 vicem
839 2214 1044 2257 ingerentes
1077 2218 1114 2246 et
1153 2212 1387 2246 declinantes.
1416 2213 1469 2247 ibi
1494 2215 1617 2249 videre

179 2270 257 2298 erat
280 2264 371 2297 alios
396 2262 583 2306 resupinos
619 2260 775 2306 pedibus
798 2260 838 2292 in
862 2260 975 2293 altum
1000 2259 1103 2292 elatis
1129 2260 1261 2299 sterni,
1287 2260 1377 2292 alios
1404 2272 1536 2305 pronos
1563 2263 1616 2295 ia-

178 2322 278 2352 cere,
304 2310 395 2344 alios
423 2309 513 2342 sella
537 2308 695 2352 equestri
723 2306 887 2347 devolvi,
912 2306 1004 2338 alios
1030 2305 1181 2338 obverso
1206 2312 1306 2350 tergo
1332 2309 1443 2340 effuse
1471 2308 1614 2352 fugere„

177 2358 268 2391 alios
285 2357 422 2402 pallere
449 2364 534 2400 prae
558 2355 757 2387 iaculorum
769 2358 868 2386 metu
883 2357 921 2386 et
946 2352 1041 2385 intra
1064 2352 1226 2396 clypeum
1251 2363 1330 2385 sese
1355 2352 1500 2393 abdere,
1525 2356 1614 2389 alios

178 2404 332 2444 rubere,
358 2402 421 2447 qui
459 2401 681 2434 adversarios
721 2399 904 2444 trepidare
928 2404 1127 2431 cernerent.
1145 2409 1206 2431 aer
1225 2410 1309 2431 vero
1335 2399 1471 2444 impetu
1502 2412 1614 2446 equo-

179 2461 256 2483 rum
278 2449 486 2482 verberatus
513 2448 645 2480 vexilla
668 2458 747 2479 cum
772 2445 880 2479 sibilo
906 2444 1085 2489 agitabat3
1110 2450 1152 2478 ut
1173 2444 1271 2478 haud
1295 2445 1340 2478 ab
1368 2456 1405 2478 re
1433 2447 1505 2479 dici
1531 2459 1613 2492 pos-

179 2502 235 2529 set
258 2496 295 2528 in
319 2496 364 2528 iis
386 2494 482 2528 ludis
492 2494 669 2527 Venerem
696 2504 775 2526 cum
800 2493 914 2525 Marte
942 2497 979 2524 et
1001 2491 1186 2524 Bellonam
1211 2502 1291 2524 cum
1314 2492 1448 2526 Gratiis
1472 2495 1610 2527 coiisse:

178 2547 279 2575 tanta
304 2547 380 2574 erat
401 2541 554 2575 varietas
584 2546 621 2574 et
656 2539 846 2584 elegantia.
869 2537 990 2570 studia
1016 2548 1123 2582 porro
1147 2539 1385 2572 Romanorum
1413 2545 1522 2584 atque
1546 2552 1611 2573 au-

180 2587 317 2620 daciam
349 2587 543 2620 aemulatio
582 2587 791 2631 Latinisque
828 2584 1072 2629 praecellendi
1106 2584 1286 2629 cupiditas
1314 2589 1351 2619 et
1382 2586 1610 2630 imperatoris

179 2633 276 2667 oculi
300 2633 437 2667 iudices
460 2638 619 2666 actorum
645 2631 908 2666 incendebant:
933 2631 1044 2664 Italos
1074 2642 1158 2663 vero
1186 2642 1326 2676 semper
1350 2638 1467 2665 erecta
1493 2634 1609 2666 cervix

179 2685 219 2713 et
253 2679 393 2712 animus
424 2680 598 2724 superbus
624 2685 734 2724 atque
768 2677 993 2721 indiguatiO,
1024 2688 1070 2710 ne
1096 2678 1246 2711 Romani
1270 2678 1412 2712 hastato
1442 2679 1506 2710 illo
1532 2690 1608 2712 cer-

179 2725 313 2759 tamine
353 2726 550 2770 superiores
584 2731 724 2765 essent,
762 2723 978 2757 excitabant„
1012 2723 1206 2768 imperator
1239 2725 1316 2769 ipse
1352 2723 1440 2757 duos
1467 2725 1604 2769 equites
