<?xml version="1.0" encoding="UTF-8"?>
<!DOCTYPE html PUBLIC "-//W3C//DTD XHTML 1.0 Transitional//EN"
    "http://www.w3.org/TR/xhtml1/DTD/xhtml1-transitional.dtd">
<html xmlns="http://www.w3.org/1999/xhtml" xml:lang="en" lang="en">
 <head>
  <title>
</title>
<meta http-equiv="Content-Type" content="text/html;charset=utf-8" />
  <meta name='ocr-system' content='tesseract 3.04.00' />
  <meta name='ocr-capabilities' content='ocr_page ocr_carea ocr_par ocr_line ocrx_word'/>
</head>
<body>
  <div class='ocr_page' id='page_1' title='image "./corpusscriptorum41niebuoft/corpusscriptorum41niebuoft_0913.png"; bbox 0 0 1878 3230; ppageno 0'>
   <div class='ocr_carea' id='block_1_1' title="bbox 455 170 1537 229">
    <p class='ocr_par' dir='ltr' id='par_1_1' title="bbox 455 170 1537 229">
     <span class='ocr_line' id='line_1_1' title="bbox 455 170 1537 229; baseline -0.001 0"><span class='ocrx_word' id='word_1_1' title='bbox 455 189 509 229; x_wconf 77' lang='lat' dir='ltr'><strong>m</strong></span> <span class='ocrx_word' id='word_1_2' title='bbox 557 186 796 229; x_wconf 65' lang='lat' dir='ltr'><strong>menum</strong></span> <span class='ocrx_word' id='word_1_3' title='bbox 841 186 1175 229; x_wconf 73' lang='grc' dir='ltr'><strong>οΗοΝιΑΤΛΜ.</strong></span> <span class='ocrx_word' id='word_1_4' title='bbox 1426 170 1537 228; x_wconf 85' lang='grc'><strong>883</strong></span> 
     </span>
    </p>
   </div>
   <div class='ocr_carea' id='block_1_2' title="bbox 109 284 1696 2797">
    <p class='ocr_par' dir='ltr' id='par_1_2' title="bbox 109 284 1671 509">
     <span class='ocr_line' id='line_1_2' title="bbox 218 284 1671 347; baseline 0.001 -18"><span class='ocrx_word' id='word_1_5' title='bbox 218 290 270 332; x_wconf 92' lang='lat' dir='ltr'><strong>P.</strong></span> <span class='ocrx_word' id='word_1_6' title='bbox 291 288 381 341; x_wconf 77' lang='lat'><strong>183,</strong></span> <span class='ocrx_word' id='word_1_7' title='bbox 418 289 480 329; x_wconf 80' lang='lat'><strong>¹8.</strong></span> <span class='ocrx_word' id='word_1_8' title='bbox 539 287 792 339; x_wconf 73' lang='grc' dir='ltr'><strong><em>α’δοξοῦντας</em></strong></span> <span class='ocrx_word' id='word_1_9' title='bbox 820 284 962 344; x_wconf 59' lang='lat' dir='ltr'><strong>adab]</strong></span> <span class='ocrx_word' id='word_1_10' title='bbox 991 289 1116 330; x_wconf 81' lang='lat' dir='ltr'><strong>verba</strong></span> <span class='ocrx_word' id='word_1_11' title='bbox 1143 290 1202 329; x_wconf 82' lang='lat' dir='ltr'><strong>sic</strong></span> <span class='ocrx_word' id='word_1_12' title='bbox 1227 295 1389 330; x_wconf 84' lang='lat' dir='ltr'><strong>sonant.</strong></span> <span class='ocrx_word' id='word_1_13' title='bbox 1424 306 1541 346; x_wconf 83' lang='lat' dir='ltr'><strong>quum</strong></span> <span class='ocrx_word' id='word_1_14' title='bbox 1555 300 1671 347; x_wconf 72' lang='lat' dir='ltr'><strong>P.430</strong></span> 
     </span>
     <span class='ocr_line' id='line_1_3' title="bbox 109 344 1544 399; baseline 0.002 -16"><span class='ocrx_word' id='word_1_15' title='bbox 109 345 230 398; x_wconf 74' lang='lat' dir='ltr'><strong>igitur</strong></span> <span class='ocrx_word' id='word_1_16' title='bbox 261 345 533 384; x_wconf 77' lang='lat' dir='ltr'><em>Constantinus</em></span> <span class='ocrx_word' id='word_1_17' title='bbox 557 359 598 383; x_wconf 82' lang='lat' dir='ltr'><strong>se</strong></span> <span class='ocrx_word' id='word_1_18' title='bbox 628 359 656 384; x_wconf 88' lang='lat' dir='ltr'><strong>a</strong></span> <span class='ocrx_word' id='word_1_19' title='bbox 684 345 899 399; x_wconf 78' lang='lat' dir='ltr'><strong>Philippae</strong></span> <span class='ocrx_word' id='word_1_20' title='bbox 937 346 1140 384; x_wconf 76' lang='lat' dir='ltr'><strong>amoribus</strong></span> <span class='ocrx_word' id='word_1_21' title='bbox 1178 344 1330 398; x_wconf 79' lang='lat' dir='ltr'><em>despici</em></span> <span class='ocrx_word' id='word_1_22' title='bbox 1362 356 1544 398; x_wconf 76' lang='lat' dir='ltr'><strong>cerneret,</strong></span> 
     </span>
     <span class='ocr_line' id='line_1_4' title="bbox 110 399 1545 455; baseline 0.002 -17"><span class='ocrx_word' id='word_1_23' title='bbox 110 399 183 455; x_wconf 82' lang='lat' dir='ltr'><strong>qui</strong></span> <span class='ocrx_word' id='word_1_24' title='bbox 210 400 296 437; x_wconf 80' lang='lat' dir='ltr'><strong>alas</strong></span> <span class='ocrx_word' id='word_1_25' title='bbox 323 400 383 438; x_wconf 87' lang='lat' dir='ltr'><strong>ad</strong></span> <span class='ocrx_word' id='word_1_26' title='bbox 405 400 532 438; x_wconf 80' lang='lat' dir='ltr'><strong>alium</strong></span> <span class='ocrx_word' id='word_1_27' title='bbox 558 399 748 438; x_wconf 79' lang='lat' dir='ltr'><em>librarent</em></span> <span class='ocrx_word' id='word_1_28' title='bbox 768 408 807 438; x_wconf 81' lang='lat' dir='ltr'><strong>ec</strong></span> <span class='ocrx_word' id='word_1_29' title='bbox 831 399 1112 439; x_wconf 79' lang='lat' dir='ltr'><strong><em>Andronicum</em></strong></span> <span class='ocrx_word' id='word_1_30' title='bbox 1146 400 1263 439; x_wconf 82' lang='lat' dir='ltr'><strong>malis</strong></span> <span class='ocrx_word' id='word_1_31' title='bbox 1284 409 1460 455; x_wconf 79' lang='lat' dir='ltr'><strong>peterent</strong></span> <span class='ocrx_word' id='word_1_32' title='bbox 1485 404 1545 441; x_wconf 85' lang='lat' dir='ltr'><strong>ei-</strong></span> 
     </span>
     <span class='ocr_line' id='line_1_5' title="bbox 111 453 630 509; baseline -0.002 -17"><span class='ocrx_word' id='word_1_33' title='bbox 111 467 188 509; x_wconf 78' lang='lat' dir='ltr'><strong>que</strong></span> <span class='ocrx_word' id='word_1_34' title='bbox 208 453 336 507; x_wconf 81' lang='lat' dir='ltr'><strong>faces</strong></span> <span class='ocrx_word' id='word_1_35' title='bbox 362 456 630 507; x_wconf 73' lang='lat' dir='ltr'><strong>pracfizrrenC.</strong></span> 
     </span>
    </p>

    <p class='ocr_par' dir='ltr' id='par_1_3' title="bbox 110 503 1673 873">
     <span class='ocr_line' id='line_1_6' title="bbox 221 503 1546 561; baseline 0.002 -15"><span class='ocrx_word' id='word_1_36' title='bbox 221 506 270 549; x_wconf 89' lang='lat' dir='ltr'><strong>P.</strong></span> <span class='ocrx_word' id='word_1_37' title='bbox 306 507 398 559; x_wconf 71' lang='lat'><strong>¹84,</strong></span> <span class='ocrx_word' id='word_1_38' title='bbox 431 509 472 547; x_wconf 81' lang='lat'><strong>5.</strong></span> <span class='ocrx_word' id='word_1_39' title='bbox 527 503 633 559; x_wconf 75' lang='grc' dir='ltr'><strong>γαλὴ</strong></span> <span class='ocrx_word' id='word_1_40' title='bbox 660 503 704 546; x_wconf 84' lang='grc' dir='ltr'><strong>τὸ</strong></span> <span class='ocrx_word' id='word_1_41' title='bbox 734 506 808 547; x_wconf 81' lang='grc' dir='ltr'><strong>τοῦ</strong></span> <span class='ocrx_word' id='word_1_42' title='bbox 835 503 977 561; x_wconf 77' lang='grc' dir='ltr'><strong><em>λόγου]</em></strong></span> <span class='ocrx_word' id='word_1_43' title='bbox 1025 507 1148 547; x_wconf 80' lang='lat' dir='ltr'><strong>verba</strong></span> <span class='ocrx_word' id='word_1_44' title='bbox 1177 509 1234 548; x_wconf 89' lang='lat' dir='ltr'><strong>sic</strong></span> <span class='ocrx_word' id='word_1_45' title='bbox 1261 508 1347 548; x_wconf 89' lang='lat' dir='ltr'><strong>fere</strong></span> <span class='ocrx_word' id='word_1_46' title='bbox 1384 518 1546 553; x_wconf 84' lang='lat' dir='ltr'><strong>sonant.</strong></span> 
     </span>
     <span class='ocr_line' id='line_1_7' title="bbox 112 562 1547 619; baseline 0.002 -19"><span class='ocrx_word' id='word_1_47' title='bbox 112 562 451 617; x_wconf 78' lang='lat' dir='ltr'><strong><em>quemadmodum</em></strong></span> <span class='ocrx_word' id='word_1_48' title='bbox 477 563 657 611; x_wconf 79' lang='lat' dir='ltr'><em>mustela,</em></span> <span class='ocrx_word' id='word_1_49' title='bbox 685 571 727 601; x_wconf 83' lang='lat' dir='ltr'><strong>ut</strong></span> <span class='ocrx_word' id='word_1_50' title='bbox 751 564 878 609; x_wconf 82' lang='lat' dir='ltr'><strong>aiunt,</strong></span> <span class='ocrx_word' id='word_1_51' title='bbox 911 563 975 602; x_wconf 86' lang='lat' dir='ltr'><strong>ad</strong></span> <span class='ocrx_word' id='word_1_52' title='bbox 999 564 1147 610; x_wconf 82' lang='lat' dir='ltr'><strong>sebum,</strong></span> <span class='ocrx_word' id='word_1_53' title='bbox 1177 564 1241 603; x_wconf 86' lang='lat' dir='ltr'><strong>ad</strong></span> <span class='ocrx_word' id='word_1_54' title='bbox 1256 566 1452 618; x_wconf 58' lang='lat' dir='ltr'><strong>pristinas</strong></span> <span class='ocrx_word' id='word_1_55' title='bbox 1467 564 1547 619; x_wconf 81' lang='lat' dir='ltr'><strong>fu-</strong></span> 
     </span>
     <span class='ocr_line' id='line_1_8' title="bbox 110 618 1548 671; baseline 0.002 -16"><span class='ocrx_word' id='word_1_56' title='bbox 110 631 186 670; x_wconf 79' lang='lat' dir='ltr'><strong>gas</strong></span> <span class='ocrx_word' id='word_1_57' title='bbox 211 631 388 656; x_wconf 77' lang='lat' dir='ltr'><strong>reversus</strong></span> <span class='ocrx_word' id='word_1_58' title='bbox 415 619 644 671; x_wconf 77' lang='lat' dir='ltr'><strong>vetustisque</strong></span> <span class='ocrx_word' id='word_1_59' title='bbox 670 618 751 656; x_wconf 80' lang='lat' dir='ltr'><strong>suis</strong></span> <span class='ocrx_word' id='word_1_60' title='bbox 779 618 970 656; x_wconf 76' lang='lat' dir='ltr'><strong>machinis·</strong></span> <span class='ocrx_word' id='word_1_61' title='bbox 996 619 1165 658; x_wconf 80' lang='lat' dir='ltr'><strong>tentatis.</strong></span> <span class='ocrx_word' id='word_1_62' title='bbox 1215 627 1254 657; x_wconf 84' lang='lat' dir='ltr'><strong>et</strong></span> <span class='ocrx_word' id='word_1_63' title='bbox 1287 629 1329 658; x_wconf 81' lang='lat' dir='ltr'><strong>ut</strong></span> <span class='ocrx_word' id='word_1_64' title='bbox 1351 629 1442 658; x_wconf 79' lang='lat' dir='ltr'><strong>erat</strong></span> <span class='ocrx_word' id='word_1_65' title='bbox 1483 621 1548 658; x_wconf 83' lang='lat' dir='ltr'><strong>lu-</strong></span> 
     </span>
     <span class='ocr_line' id='line_1_9' title="bbox 113 673 1673 726; baseline 0.002 -16"><span class='ocrx_word' id='word_1_66' title='bbox 113 673 305 711; x_wconf 77' lang='lat' dir='ltr'><strong>xuriosae</strong></span> <span class='ocrx_word' id='word_1_67' title='bbox 330 673 439 711; x_wconf 81' lang='lat' dir='ltr'><strong>vitae</strong></span> <span class='ocrx_word' id='word_1_68' title='bbox 469 680 508 710; x_wconf 84' lang='lat' dir='ltr'><strong>et</strong></span> <span class='ocrx_word' id='word_1_69' title='bbox 532 680 576 710; x_wconf 82' lang='lat' dir='ltr'><strong>ut</strong></span> <span class='ocrx_word' id='word_1_70' title='bbox 599 686 716 724; x_wconf 78' lang='lat' dir='ltr'><strong>equus</strong></span> <span class='ocrx_word' id='word_1_71' title='bbox 743 686 837 724; x_wconf 80' lang='lat' dir='ltr'><strong>erga</strong></span> <span class='ocrx_word' id='word_1_72' title='bbox 866 673 1044 711; x_wconf 72' lang='lat' dir='ltr'><strong>mulieres</strong></span> <span class='ocrx_word' id='word_1_73' title='bbox 1075 675 1295 720; x_wconf 82' lang='lat' dir='ltr'><strong>insaniens,</strong></span> <span class='ocrx_word' id='word_1_74' title='bbox 1334 675 1378 712; x_wconf 86' lang='lat' dir='ltr'><strong>in</strong></span> <span class='ocrx_word' id='word_1_75' title='bbox 1405 676 1547 714; x_wconf 81' lang='lat' dir='ltr'><strong>vetitos</strong></span> <span class='ocrx_word' id='word_1_76' title='bbox 1558 682 1595 715; x_wconf 88' lang='lat' dir='ltr'><strong>P.</strong></span> <span class='ocrx_word' id='word_1_77' title='bbox 1607 681 1673 726; x_wconf 71' lang='grc'><strong>430</strong></span> 
     </span>
     <span class='ocr_line' id='line_1_10' title="bbox 113 727 1553 783; baseline 0.003 -20"><span class='ocrx_word' id='word_1_78' title='bbox 113 727 332 765; x_wconf 75' lang='lat' dir='ltr'><em>concubitus</em></span> <span class='ocrx_word' id='word_1_79' title='bbox 358 727 506 772; x_wconf 79' lang='lat' dir='ltr'><strong>ruebat,</strong></span> <span class='ocrx_word' id='word_1_80' title='bbox 535 727 758 765; x_wconf 77' lang='lat' dir='ltr'><strong>carnaliter</strong></span> <span class='ocrx_word' id='word_1_81' title='bbox 782 728 1149 782; x_wconf 78' lang='lat' dir='ltr'><strong><em>appropinquabat,</em></strong></span> <span class='ocrx_word' id='word_1_82' title='bbox 1184 737 1223 766; x_wconf 82' lang='lat' dir='ltr'><strong>et</strong></span> <span class='ocrx_word' id='word_1_83' title='bbox 1247 730 1553 783; x_wconf 80' lang='lat' dir='ltr'><strong>intemperanter</strong></span> 
     </span>
     <span class='ocr_line' id='line_1_11' title="bbox 113 780 1551 873; baseline 0.003 -55"><span class='ocrx_word' id='word_1_84' title='bbox 113 781 290 873; x_wconf 46' lang='lat' dir='ltr'><strong>Ydulget</strong></span> <span class='ocrx_word' id='word_1_85' title='bbox 331 781 495 820; x_wconf 84' lang='lat' dir='ltr'><strong>libidini</strong></span> <span class='ocrx_word' id='word_1_86' title='bbox 548 780 782 821; x_wconf 73' lang='lat' dir='ltr'><strong>Theodorae</strong></span> <span class='ocrx_word' id='word_1_87' title='bbox 815 780 948 835; x_wconf 84' lang='lat' dir='ltr'><strong>filiae</strong></span> <span class='ocrx_word' id='word_1_88' title='bbox 995 782 1198 836; x_wconf 75' lang='lat' dir='ltr'><strong>patruelis</strong></span> <span class='ocrx_word' id='word_1_89' title='bbox 1240 792 1342 824; x_wconf 78' lang='lat' dir='ltr'><strong>natu</strong></span> <span class='ocrx_word' id='word_1_90' title='bbox 1388 785 1551 823; x_wconf 74' lang='lat' dir='ltr'><strong>maioris</strong></span> 
     </span>
    </p>

    <p class='ocr_par' dir='ltr' id='par_1_4' title="bbox 139 849 274 874">
     <span class='ocr_line' id='line_1_12' title="bbox 139 849 274 874; baseline 0.007 -1"><span class='ocrx_word' id='word_1_91' title='bbox 139 849 274 874; x_wconf 77' lang='lat' dir='ltr'><strong>saaca.</strong></span> 
     </span>
    </p>

    <p class='ocr_par' dir='ltr' id='par_1_5' title="bbox 113 884 1554 1051">
     <span class='ocr_line' id='line_1_13' title="bbox 221 884 1552 945; baseline 0.004 -18"><span class='ocrx_word' id='word_1_92' title='bbox 221 889 272 932; x_wconf 84' lang='lat' dir='ltr'><strong>P.</strong></span> <span class='ocrx_word' id='word_1_93' title='bbox 308 887 397 941; x_wconf 87' lang='lat'>187,</span> <span class='ocrx_word' id='word_1_94' title='bbox 430 887 470 931; x_wconf 91' lang='lat'><strong>6.</strong></span> <span class='ocrx_word' id='word_1_95' title='bbox 526 888 610 927; x_wconf 78' lang='grc' dir='ltr'><strong>τῶν</strong></span> <span class='ocrx_word' id='word_1_96' title='bbox 641 884 844 941; x_wconf 83' lang='grc' dir='ltr'><strong><em>πρότριτα</em></strong></span> <span class='ocrx_word' id='word_1_97' title='bbox 883 885 1203 943; x_wconf 73' lang='grc' dir='ltr'><strong><em>λανθανόμενοι]</em></strong></span> <span class='ocrx_word' id='word_1_98' title='bbox 1240 891 1388 931; x_wconf 87' lang='lat' dir='ltr'><strong>referri</strong></span> <span class='ocrx_word' id='word_1_99' title='bbox 1415 898 1552 945; x_wconf 87' lang='lat' dir='ltr'><strong>potest</strong></span> 
     </span>
     <span class='ocr_line' id='line_1_14' title="bbox 113 943 1554 998; baseline 0.003 -15"><span class='ocrx_word' id='word_1_100' title='bbox 113 943 195 983; x_wconf 87' lang='lat' dir='ltr'><strong>hoc</strong></span> <span class='ocrx_word' id='word_1_101' title='bbox 222 943 286 983; x_wconf 91' lang='lat' dir='ltr'><strong>vel</strong></span> <span class='ocrx_word' id='word_1_102' title='bbox 315 943 369 982; x_wconf 85' lang='lat' dir='ltr'><strong>ad</strong></span> <span class='ocrx_word' id='word_1_103' title='bbox 399 944 633 982; x_wconf 69' lang='lat' dir='ltr'><strong>meritorum</strong></span> <span class='ocrx_word' id='word_1_104' title='bbox 661 950 702 982; x_wconf 87' lang='lat' dir='ltr'><strong>et</strong></span> <span class='ocrx_word' id='word_1_105' title='bbox 729 958 867 983; x_wconf 89' lang='lat' dir='ltr'><strong>rerum</strong></span> <span class='ocrx_word' id='word_1_106' title='bbox 896 952 1099 998; x_wconf 85' lang='lat' dir='ltr'><strong>gestarum</strong></span> <span class='ocrx_word' id='word_1_107' title='bbox 1128 945 1389 997; x_wconf 86' lang='lat' dir='ltr'><strong>oblivionem,</strong></span> <span class='ocrx_word' id='word_1_108' title='bbox 1417 949 1483 987; x_wconf 87' lang='lat' dir='ltr'><strong>vel</strong></span> <span class='ocrx_word' id='word_1_109' title='bbox 1501 948 1554 987; x_wconf 91' lang='lat' dir='ltr'><strong>ad</strong></span> 
     </span>
     <span class='ocr_line' id='line_1_15' title="bbox 114 997 1055 1051; baseline 0 -12"><span class='ocrx_word' id='word_1_110' title='bbox 114 997 367 1039; x_wconf 81' lang='lat' dir='ltr'><strong>insolentiam</strong></span> <span class='ocrx_word' id='word_1_111' title='bbox 398 997 588 1051; x_wconf 84' lang='lat' dir='ltr'>pristinae</span> <span class='ocrx_word' id='word_1_112' title='bbox 617 999 736 1037; x_wconf 84' lang='lat' dir='ltr'><strong>sortis</strong></span> <span class='ocrx_word' id='word_1_113' title='bbox 763 1001 1055 1039; x_wconf 84' lang='lat' dir='ltr'><strong>immemorem.</strong></span> 
     </span>
    </p>

    <p class='ocr_par' dir='ltr' id='par_1_6' title="bbox 112 1050 1558 1202">
     <span class='ocr_line' id='line_1_16' title="bbox 224 1050 1554 1107; baseline -0.001 -14"><span class='ocrx_word' id='word_1_114' title='bbox 224 1054 275 1095; x_wconf 88' lang='lat' dir='ltr'><strong>P.</strong></span> <span class='ocrx_word' id='word_1_115' title='bbox 310 1052 400 1103; x_wconf 83' lang='lat'><strong>188,</strong></span> <span class='ocrx_word' id='word_1_116' title='bbox 437 1052 498 1095; x_wconf 82' lang='lat'><strong>18.</strong></span> <span class='ocrx_word' id='word_1_117' title='bbox 554 1050 813 1105; x_wconf 77' lang='grc' dir='ltr'><em>θερμότερον</em></span> <span class='ocrx_word' id='word_1_118' title='bbox 842 1050 989 1107; x_wconf 76' lang='grc' dir='ltr'><strong><em>φήνης]</em></strong></span> <span class='ocrx_word' id='word_1_119' title='bbox 1022 1053 1147 1094; x_wconf 78' lang='lat' dir='ltr'><strong>verba</strong></span> <span class='ocrx_word' id='word_1_120' title='bbox 1191 1056 1248 1094; x_wconf 85' lang='lat' dir='ltr'><strong>sic</strong></span> <span class='ocrx_word' id='word_1_121' title='bbox 1283 1063 1440 1095; x_wconf 84' lang='lat' dir='ltr'><strong>sonant.</strong></span> <span class='ocrx_word' id='word_1_122' title='bbox 1482 1071 1554 1095; x_wconf 74' lang='lat' dir='ltr'><strong>ar.</strong></span> 
     </span>
     <span class='ocr_line' id='line_1_17' title="bbox 112 1107 1558 1163; baseline 0.003 -17"><span class='ocrx_word' id='word_1_123' title='bbox 112 1107 266 1146; x_wconf 82' lang='lat' dir='ltr'><strong>dentius</strong></span> <span class='ocrx_word' id='word_1_124' title='bbox 297 1117 335 1147; x_wconf 83' lang='lat' dir='ltr'><strong>et</strong></span> <span class='ocrx_word' id='word_1_125' title='bbox 359 1107 628 1147; x_wconf 81' lang='lat' dir='ltr'><strong>miserabilius</strong></span> <span class='ocrx_word' id='word_1_126' title='bbox 639 1108 803 1160; x_wconf 80' lang='lat' dir='ltr'><strong>fulica,</strong></span> <span class='ocrx_word' id='word_1_127' title='bbox 845 1108 1080 1149; x_wconf 74' lang='lat' dir='ltr'><strong>draconibus</strong></span> <span class='ocrx_word' id='word_1_128' title='bbox 1107 1111 1292 1150; x_wconf 72' lang='lat' dir='ltr'><strong>moestius</strong></span> <span class='ocrx_word' id='word_1_129' title='bbox 1307 1139 1319 1160; x_wconf 94' lang='lat'><strong>,</strong></span> <span class='ocrx_word' id='word_1_130' title='bbox 1365 1111 1558 1163; x_wconf 62' lang='lat' dir='ltr'><strong>halcyone</strong></span> 
     </span>
     <span class='ocr_line' id='line_1_18' title="bbox 114 1163 328 1202; baseline 0 0"><span class='ocrx_word' id='word_1_131' title='bbox 114 1163 157 1202; x_wconf 85' lang='lat' dir='ltr'><strong>lu</strong></span> <span class='ocrx_word' id='word_1_132' title='bbox 186 1163 328 1202; x_wconf 68' lang='lat' dir='ltr'><strong>abr-ius.</strong></span> 
     </span>
    </p>

    <p class='ocr_par' dir='ltr' id='par_1_7' title="bbox 114 1178 1559 1381">
     <span class='ocr_line' id='line_1_19' title="bbox 158 1178 1559 1274; baseline 0.001 -17"><span class='ocrx_word' id='word_1_133' title='bbox 158 1178 186 1216; x_wconf 72' lang='lat' dir='ltr'><strong><em>g</em></strong></span> <span class='ocrx_word' id='word_1_134' title='bbox 227 1217 278 1257; x_wconf 92' lang='grc' dir='ltr'><strong>Ρ.</strong></span> <span class='ocrx_word' id='word_1_135' title='bbox 326 1215 426 1271; x_wconf 81' lang='lat'><strong>195,</strong></span> <span class='ocrx_word' id='word_1_136' title='bbox 473 1216 533 1256; x_wconf 85' lang='lat'><strong>15.</strong></span> <span class='ocrx_word' id='word_1_137' title='bbox 611 1212 798 1263; x_wconf 75' lang='grc' dir='ltr'><strong>ἀναιδεῖς</strong></span> <span class='ocrx_word' id='word_1_138' title='bbox 838 1214 940 1270; x_wconf 78' lang='grc' dir='ltr'>μέν]</span> <span class='ocrx_word' id='word_1_139' title='bbox 988 1215 1297 1272; x_wconf 78' lang='lat' dir='ltr'><strong>impudentiores</strong></span> <span class='ocrx_word' id='word_1_140' title='bbox 1343 1218 1559 1274; x_wconf 73' lang='lat' dir='ltr'><strong>Periplzete</strong></span> 
     </span>
     <span class='ocr_line' id='line_1_20' title="bbox 114 1269 1559 1325; baseline 0.003 -15"><span class='ocrx_word' id='word_1_141' title='bbox 114 1271 320 1323; x_wconf 80' lang='lat' dir='ltr'><strong>clavigero</strong></span> <span class='ocrx_word' id='word_1_142' title='bbox 348 1279 389 1311; x_wconf 84' lang='lat' dir='ltr'><strong>et</strong></span> <span class='ocrx_word' id='word_1_143' title='bbox 409 1269 637 1325; x_wconf 58' lang='lat' dir='ltr'><strong>pinzgflexio</strong></span> <span class='ocrx_word' id='word_1_144' title='bbox 665 1269 805 1321; x_wconf 86' lang='lat' dir='ltr'><strong>(liceat</strong></span> <span class='ocrx_word' id='word_1_145' title='bbox 833 1272 940 1311; x_wconf 87' lang='lat' dir='ltr'><strong>enim</strong></span> <span class='ocrx_word' id='word_1_146' title='bbox 970 1278 1011 1310; x_wconf 82' lang='lat' dir='ltr'><strong>et</strong></span> <span class='ocrx_word' id='word_1_147' title='bbox 1036 1271 1137 1310; x_wconf 85' lang='lat' dir='ltr'><strong>mihi</strong></span> <span class='ocrx_word' id='word_1_148' title='bbox 1160 1272 1341 1324; x_wconf 82' lang='lat' dir='ltr'><strong>ineptire)</strong></span> <span class='ocrx_word' id='word_1_149' title='bbox 1389 1274 1559 1314; x_wconf 71' lang='lat' dir='ltr'><strong>Sinnide</strong></span> 
     </span>
     <span class='ocr_line' id='line_1_21' title="bbox 116 1325 1318 1381; baseline 0.001 -16"><span class='ocrx_word' id='word_1_150' title='bbox 116 1335 155 1367; x_wconf 74' lang='lat' dir='ltr'><strong>ec</strong></span> <span class='ocrx_word' id='word_1_151' title='bbox 179 1326 368 1376; x_wconf 78' lang='lat' dir='ltr'><strong>Scirone,</strong></span> <span class='ocrx_word' id='word_1_152' title='bbox 398 1339 493 1381; x_wconf 77' lang='lat' dir='ltr'><strong>quos</strong></span> <span class='ocrx_word' id='word_1_153' title='bbox 522 1326 617 1364; x_wconf 83' lang='lat' dir='ltr'><strong>olim</strong></span> <span class='ocrx_word' id='word_1_154' title='bbox 648 1325 821 1365; x_wconf 79' lang='lat' dir='ltr'><strong>Theseus</strong></span> <span class='ocrx_word' id='word_1_155' title='bbox 847 1327 1015 1376; x_wconf 75' lang='lat' dir='ltr'><strong>sustulit,</strong></span> <span class='ocrx_word' id='word_1_156' title='bbox 1043 1327 1318 1366; x_wconf 76' lang='lat' dir='ltr'><strong>immaniores.</strong></span> 
     </span>
    </p>

    <p class='ocr_par' dir='ltr' id='par_1_8' title="bbox 111 1377 1558 1544">
     <span class='ocr_line' id='line_1_22' title="bbox 224 1377 1558 1437; baseline 0 -17"><span class='ocrx_word' id='word_1_157' title='bbox 224 1380 273 1420; x_wconf 90' lang='lat' dir='ltr'><strong>P.</strong></span> <span class='ocrx_word' id='word_1_158' title='bbox 310 1380 398 1435; x_wconf 86' lang='lat'><strong>196,</strong></span> <span class='ocrx_word' id='word_1_159' title='bbox 428 1379 468 1423; x_wconf 82' lang='lat'><strong>5.</strong></span> <span class='ocrx_word' id='word_1_160' title='bbox 525 1377 651 1429; x_wconf 80' lang='grc' dir='ltr'><strong><em>δόξαν</em></strong></span> <span class='ocrx_word' id='word_1_161' title='bbox 691 1380 805 1428; x_wconf 83' lang='grc' dir='ltr'><strong><em>τέλος</em></strong></span> <span class='ocrx_word' id='word_1_162' title='bbox 841 1378 1168 1432; x_wconf 77' lang='grc' dir='ltr'><strong><em>καταλελύσθαι]</em></strong></span> <span class='ocrx_word' id='word_1_163' title='bbox 1208 1393 1302 1420; x_wconf 82' lang='lat' dir='ltr'><strong>cum</strong></span> <span class='ocrx_word' id='word_1_164' title='bbox 1337 1382 1464 1437; x_wconf 82' lang='lat' dir='ltr'><strong>plane</strong></span> <span class='ocrx_word' id='word_1_165' title='bbox 1497 1398 1558 1423; x_wconf 79' lang='lat' dir='ltr'><strong>so·</strong></span> 
     </span>
     <span class='ocr_line' id='line_1_23' title="bbox 111 1433 1558 1490; baseline 0.003 -16"><span class='ocrx_word' id='word_1_166' title='bbox 111 1433 478 1490; x_wconf 43' lang='lat' dir='ltr'><strong>pitum⁷videretam</strong></span> <span class='ocrx_word' id='word_1_167' title='bbox 507 1435 851 1485; x_wconf 73' lang='lat' dir='ltr'><strong>1&#39;nstarfhecund1&#39;</strong></span> <span class='ocrx_word' id='word_1_168' title='bbox 875 1436 966 1487; x_wconf 81' lang='lat' dir='ltr'><strong>agri</strong></span> <span class='ocrx_word' id='word_1_169' title='bbox 993 1435 1195 1490; x_wconf 77' lang='lat' dir='ltr'><strong>locupletis</strong></span> <span class='ocrx_word' id='word_1_170' title='bbox 1221 1437 1408 1486; x_wconf 62' lang='lat' dir='ltr'><strong>homimk,</strong></span> <span class='ocrx_word' id='word_1_171' title='bbox 1438 1439 1558 1478; x_wconf 81' lang='lat' dir='ltr'><strong>roba-</strong></span> 
     </span>
     <span class='ocr_line' id='line_1_24' title="bbox 115 1487 1381 1544; baseline 0.002 -16"><span class='ocrx_word' id='word_1_172' title='bbox 115 1491 255 1530; x_wconf 78' lang='lat' dir='ltr'><strong>stiores</strong></span> <span class='ocrx_word' id='word_1_173' title='bbox 281 1504 464 1529; x_wconf 72' lang='lat' dir='ltr'><strong>messooes</strong></span> <span class='ocrx_word' id='word_1_174' title='bbox 494 1489 775 1539; x_wconf 76' lang='lat' dir='ltr'><strong>desiderantis,</strong></span> <span class='ocrx_word' id='word_1_175' title='bbox 802 1487 999 1544; x_wconf 79' lang='lat' dir='ltr'><strong>refloruit.</strong></span> <span class='ocrx_word' id='word_1_176' title='bbox 1377 1528 1381 1531; x_wconf 13' lang='lat' dir='ltr'><strong>a</strong></span> 
     </span>
    </p>

    <p class='ocr_par' dir='ltr' id='par_1_9' title="bbox 116 1539 1562 1865">
     <span class='ocr_line' id='line_1_25' title="bbox 229 1539 1561 1599; baseline 0.002 -15"><span class='ocrx_word' id='word_1_177' title='bbox 229 1543 280 1587; x_wconf 88' lang='lat' dir='ltr'><strong>P.</strong></span> <span class='ocrx_word' id='word_1_178' title='bbox 311 1559 400 1594; x_wconf 83' lang='lat'><strong>200,</strong></span> <span class='ocrx_word' id='word_1_179' title='bbox 433 1543 500 1584; x_wconf 82' lang='lat'><strong>26.</strong></span> <span class='ocrx_word' id='word_1_180' title='bbox 555 1543 676 1582; x_wconf 83' lang='grc' dir='ltr'><strong>τοῦτο</strong></span> <span class='ocrx_word' id='word_1_181' title='bbox 704 1539 754 1594; x_wconf 76' lang='grc' dir='ltr'><em>δὴ</em></span> <span class='ocrx_word' id='word_1_182' title='bbox 790 1539 912 1596; x_wconf 77' lang='grc' dir='ltr'><strong>ὅπερ]</strong></span> <span class='ocrx_word' id='word_1_183' title='bbox 955 1543 1131 1597; x_wconf 82' lang='lat' dir='ltr'><strong>ineptam</strong></span> <span class='ocrx_word' id='word_1_184' title='bbox 1158 1548 1201 1583; x_wconf 82' lang='lat' dir='ltr'><strong>et</strong></span> <span class='ocrx_word' id='word_1_185' title='bbox 1238 1545 1561 1599; x_wconf 80' lang='lat' dir='ltr'><strong>intempestivam</strong></span> 
     </span>
     <span class='ocr_line' id='line_1_26' title="bbox 116 1596 1561 1653; baseline 0.002 -14"><span class='ocrx_word' id='word_1_186' title='bbox 116 1599 222 1639; x_wconf 89' lang='lat' dir='ltr'><strong>hanc</strong></span> <span class='ocrx_word' id='word_1_187' title='bbox 252 1598 528 1653; x_wconf 83' lang='lat' dir='ltr'><strong>appendicem,</strong></span> <span class='ocrx_word' id='word_1_188' title='bbox 556 1612 579 1636; x_wconf 92' lang='lat' dir='ltr'><strong>a</strong></span> <span class='ocrx_word' id='word_1_189' title='bbox 607 1610 672 1636; x_wconf 87' lang='lat' dir='ltr'><strong>me</strong></span> <span class='ocrx_word' id='word_1_190' title='bbox 689 1596 740 1636; x_wconf 89' lang='lat' dir='ltr'><strong>de</strong></span> <span class='ocrx_word' id='word_1_191' title='bbox 766 1597 965 1638; x_wconf 86' lang='lat' dir='ltr'><strong>industria</strong></span> <span class='ocrx_word' id='word_1_192' title='bbox 991 1599 1327 1651; x_wconf 83' lang='lat' dir='ltr'><strong>praetermissam,</strong></span> <span class='ocrx_word' id='word_1_193' title='bbox 1355 1602 1561 1642; x_wconf 85' lang='lat' dir='ltr'><strong>sicinter-</strong></span> 
     </span>
     <span class='ocr_line' id='line_1_27' title="bbox 118 1651 1562 1708; baseline 0.003 -16"><span class='ocrx_word' id='word_1_194' title='bbox 118 1655 293 1708; x_wconf 83' lang='lat' dir='ltr'><strong>preteris</strong></span> <span class='ocrx_word' id='word_1_195' title='bbox 323 1654 441 1694; x_wconf 88' lang='lat' dir='ltr'><strong>licet:</strong></span> <span class='ocrx_word' id='word_1_196' title='bbox 482 1653 530 1691; x_wconf 88' lang='lat' dir='ltr'><strong>id</strong></span> <span class='ocrx_word' id='word_1_197' title='bbox 564 1651 679 1707; x_wconf 85' lang='lat' dir='ltr'><strong>quod</strong></span> <span class='ocrx_word' id='word_1_198' title='bbox 703 1653 884 1707; x_wconf 84' lang='lat' dir='ltr'><strong>opposita</strong></span> <span class='ocrx_word' id='word_1_199' title='bbox 911 1653 1123 1692; x_wconf 78' lang='lat' dir='ltr'><strong>virtutibus</strong></span> <span class='ocrx_word' id='word_1_200' title='bbox 1149 1654 1252 1693; x_wconf 83' lang='lat' dir='ltr'><strong>vitia</strong></span> <span class='ocrx_word' id='word_1_201' title='bbox 1279 1654 1436 1707; x_wconf 83' lang='lat' dir='ltr'><strong>efficere</strong></span> <span class='ocrx_word' id='word_1_202' title='bbox 1463 1672 1562 1696; x_wconf 85' lang='lat' dir='ltr'><strong>con-</strong></span> 
     </span>
     <span class='ocr_line' id='line_1_28' title="bbox 118 1705 1561 1773; baseline 0.003 -26"><span class='ocrx_word' id='word_1_203' title='bbox 118 1717 353 1758; x_wconf 70' lang='lat' dir='ltr'><strong>sueverzmt,</strong></span> <span class='ocrx_word' id='word_1_204' title='bbox 378 1720 605 1769; x_wconf 61' lang='lat' dir='ltr'><strong>quanquam</strong></span> <span class='ocrx_word' id='word_1_205' title='bbox 635 1705 718 1744; x_wconf 80' lang='lat' dir='ltr'><em>illis</em></span> <span class='ocrx_word' id='word_1_206' title='bbox 740 1708 969 1773; x_wconf 72' lang='lat' dir='ltr'><strong>propinqua</strong></span> <span class='ocrx_word' id='word_1_207' title='bbox 995 1715 1088 1746; x_wconf 73' lang='lat' dir='ltr'><strong>sunt</strong></span> <span class='ocrx_word' id='word_1_208' title='bbox 1126 1715 1166 1746; x_wconf 85' lang='lat' dir='ltr'><strong>et</strong></span> <span class='ocrx_word' id='word_1_209' title='bbox 1196 1723 1300 1762; x_wconf 84' lang='lat' dir='ltr'><strong>pene</strong></span> <span class='ocrx_word' id='word_1_210' title='bbox 1326 1708 1561 1754; x_wconf 47' lang='lat' dir='ltr'><strong>adhaerenti</strong></span> 
     </span>
     <span class='ocr_line' id='line_1_29' title="bbox 119 1756 1562 1818; baseline 0.003 -16"><span class='ocrx_word' id='word_1_211' title='bbox 119 1764 226 1803; x_wconf 86' lang='lat' dir='ltr'><strong>alter</strong></span> <span class='ocrx_word' id='word_1_212' title='bbox 252 1763 379 1803; x_wconf 85' lang='lat' dir='ltr'><strong>codex</strong></span> <span class='ocrx_word' id='word_1_213' title='bbox 411 1762 532 1802; x_wconf 84' lang='lat' dir='ltr'><strong>habet</strong></span> <span class='ocrx_word' id='word_1_214' title='bbox 561 1756 663 1815; x_wconf 80' lang='grc' dir='ltr'><strong><em>ὅπερ</em></strong></span> <span class='ocrx_word' id='word_1_215' title='bbox 693 1758 766 1801; x_wconf 81' lang='grc' dir='ltr'><em>καί</em></span> <span class='ocrx_word' id='word_1_216' title='bbox 801 1775 846 1801; x_wconf 82' lang='grc' dir='ltr'><strong>εν</strong></span> <span class='ocrx_word' id='word_1_217' title='bbox 877 1765 970 1808; x_wconf 85' lang='grc' dir='ltr'><strong><em>ταῖς</em></strong></span> <span class='ocrx_word' id='word_1_218' title='bbox 997 1763 1240 1809; x_wconf 73' lang='grc' dir='ltr'><strong><em>καθολικαΐς</em></strong></span> <span class='ocrx_word' id='word_1_219' title='bbox 1273 1761 1444 1818; x_wconf 76' lang='grc' dir='ltr'><strong><em>ἀρεταῖς</em></strong></span> <span class='ocrx_word' id='word_1_220' title='bbox 1470 1762 1562 1818; x_wconf 80' lang='grc' dir='ltr'><em>ἔχει</em></span> 
     </span>
     <span class='ocr_line' id='line_1_30' title="bbox 121 1817 481 1865; baseline -0.006 -5"><span class='ocrx_word' id='word_1_221' title='bbox 121 1831 183 1865; x_wconf 80' lang='grc' dir='ltr'><strong>τις</strong></span> <span class='ocrx_word' id='word_1_222' title='bbox 210 1818 333 1858; x_wconf 77' lang='grc' dir='ltr'><strong><em>τοῦτο</em></strong></span> <span class='ocrx_word' id='word_1_223' title='bbox 364 1817 481 1858; x_wconf 77' lang='grc' dir='ltr'><strong><em>ἰδεῖν.</em></strong></span> 
     </span>
    </p>

    <p class='ocr_par' dir='ltr' id='par_1_10' title="bbox 122 1866 1559 1981">
     <span class='ocr_line' id='line_1_31' title="bbox 232 1866 1559 1928; baseline 0.001 -15"><span class='ocrx_word' id='word_1_224' title='bbox 232 1873 284 1915; x_wconf 89' lang='grc' dir='ltr'><strong>Ρ.</strong></span> <span class='ocrx_word' id='word_1_225' title='bbox 314 1886 408 1928; x_wconf 85' lang='lat'><strong>207,</strong></span> <span class='ocrx_word' id='word_1_226' title='bbox 443 1885 505 1925; x_wconf 88' lang='lat'><strong>¹7·</strong></span> <span class='ocrx_word' id='word_1_227' title='bbox 560 1867 698 1911; x_wconf 80' lang='grc' dir='ltr'><strong><em>κοινὸν</em></strong></span> <span class='ocrx_word' id='word_1_228' title='bbox 725 1869 896 1918; x_wconf 74' lang='grc' dir='ltr'><strong><em>ἐκείνοις</em></strong></span> <span class='ocrx_word' id='word_1_229' title='bbox 922 1866 1162 1924; x_wconf 79' lang='grc' dir='ltr'><strong><em>βαλάντιον]</em></strong></span> <span class='ocrx_word' id='word_1_230' title='bbox 1191 1878 1291 1924; x_wconf 90' lang='lat' dir='ltr'><strong>puto</strong></span> <span class='ocrx_word' id='word_1_231' title='bbox 1319 1872 1559 1914; x_wconf 85' lang='lat' dir='ltr'><strong>Choniatem</strong></span> 
     </span>
     <span class='ocr_line' id='line_1_32' title="bbox 122 1926 1401 1981; baseline -0.002 -13"><span class='ocrx_word' id='word_1_232' title='bbox 122 1929 174 1969; x_wconf 90' lang='lat' dir='ltr'><strong>de</strong></span> <span class='ocrx_word' id='word_1_233' title='bbox 205 1926 409 1966; x_wconf 86' lang='lat' dir='ltr'><strong>latrocinii</strong></span> <span class='ocrx_word' id='word_1_234' title='bbox 440 1927 627 1966; x_wconf 82' lang='lat' dir='ltr'><strong>societate</strong></span> <span class='ocrx_word' id='word_1_235' title='bbox 654 1933 693 1966; x_wconf 90' lang='lat' dir='ltr'><strong>et</strong></span> <span class='ocrx_word' id='word_1_236' title='bbox 721 1926 936 1978; x_wconf 85' lang='lat' dir='ltr'><strong>partitione</strong></span> <span class='ocrx_word' id='word_1_237' title='bbox 963 1926 1248 1965; x_wconf 85' lang='lat' dir='ltr'><strong>manubiarum</strong></span> <span class='ocrx_word' id='word_1_238' title='bbox 1274 1926 1401 1981; x_wconf 88' lang='lat' dir='ltr'><strong>loqui.</strong></span> 
     </span>
    </p>

    <p class='ocr_par' dir='ltr' id='par_1_11' title="bbox 122 1973 1564 2144">
     <span class='ocr_line' id='line_1_33' title="bbox 235 1973 1563 2034; baseline 0 -12"><span class='ocrx_word' id='word_1_239' title='bbox 235 1981 395 2031; x_wconf 81' lang='lat' dir='ltr'>P.208‚</span> <span class='ocrx_word' id='word_1_240' title='bbox 426 1983 468 2022; x_wconf 82' lang='lat'><strong>5.</strong></span> <span class='ocrx_word' id='word_1_241' title='bbox 520 1984 604 2027; x_wconf 86' lang='grc' dir='ltr'><strong><em>τοῖς</em></strong></span> <span class='ocrx_word' id='word_1_242' title='bbox 632 1976 784 2033; x_wconf 84' lang='grc' dir='ltr'><em>πήχεσι</em></span> <span class='ocrx_word' id='word_1_243' title='bbox 810 1979 977 2034; x_wconf 71' lang='grc' dir='ltr'><em>μετρῶν</em></span> <span class='ocrx_word' id='word_1_244' title='bbox 1007 1977 1054 2020; x_wconf 81' lang='grc' dir='ltr'>τό</span> <span class='ocrx_word' id='word_1_245' title='bbox 1088 1973 1307 2034; x_wconf 66' lang='grc' dir='ltr'><strong><em>εὔδαιμον]</em></strong></span> <span class='ocrx_word' id='word_1_246' title='bbox 1340 1981 1484 2022; x_wconf 85' lang='lat' dir='ltr'><strong>alludit</strong></span> <span class='ocrx_word' id='word_1_247' title='bbox 1510 1983 1563 2022; x_wconf 81' lang='lat' dir='ltr'><strong>ad</strong></span> 
     </span>
     <span class='ocr_line' id='line_1_34' title="bbox 122 2034 1564 2090; baseline 0.001 -13"><span class='ocrx_word' id='word_1_248' title='bbox 122 2037 386 2077; x_wconf 71' lang='lat' dir='ltr'><strong>dImensiones</strong></span> <span class='ocrx_word' id='word_1_249' title='bbox 427 2050 615 2090; x_wconf 82' lang='lat' dir='ltr'><strong>agrorum</strong></span> <span class='ocrx_word' id='word_1_250' title='bbox 632 2063 644 2084; x_wconf 89' lang='lat'>‚</span> <span class='ocrx_word' id='word_1_251' title='bbox 691 2034 887 2074; x_wconf 84' lang='lat' dir='ltr'><strong>limitibus</strong></span> <span class='ocrx_word' id='word_1_252' title='bbox 936 2034 1204 2075; x_wconf 85' lang='lat' dir='ltr'><strong>exundatione</strong></span> <span class='ocrx_word' id='word_1_253' title='bbox 1254 2035 1334 2076; x_wconf 87' lang='lat' dir='ltr'><strong>Nili</strong></span> <span class='ocrx_word' id='word_1_254' title='bbox 1374 2038 1564 2081; x_wconf 83' lang='lat' dir='ltr'><strong>confusis.</strong></span> 
     </span>
     <span class='ocr_line' id='line_1_35' title="bbox 124 2089 1302 2144; baseline 0 -12"><span class='ocrx_word' id='word_1_255' title='bbox 124 2092 235 2133; x_wconf 87' lang='lat' dir='ltr'><strong>unde</strong></span> <span class='ocrx_word' id='word_1_256' title='bbox 258 2091 422 2144; x_wconf 84' lang='lat' dir='ltr'><strong>quidam</strong></span> <span class='ocrx_word' id='word_1_257' title='bbox 451 2096 616 2130; x_wconf 90' lang='lat' dir='ltr'><strong>censent</strong></span> <span class='ocrx_word' id='word_1_258' title='bbox 642 2090 901 2140; x_wconf 85' lang='lat' dir='ltr'><strong>geometriam</strong></span> <span class='ocrx_word' id='word_1_259' title='bbox 938 2097 1071 2128; x_wconf 83' lang='lat' dir='ltr'><strong>ortum</strong></span> <span class='ocrx_word' id='word_1_260' title='bbox 1105 2089 1302 2133; x_wconf 87' lang='lat' dir='ltr'><strong>habuisse.</strong></span> 
     </span>
    </p>

    <p class='ocr_par' dir='ltr' id='par_1_12' title="bbox 125 2140 1696 2254">
     <span class='ocr_line' id='line_1_36' title="bbox 235 2140 1696 2203; baseline 0.003 -17"><span class='ocrx_word' id='word_1_261' title='bbox 235 2146 287 2189; x_wconf 90' lang='grc' dir='ltr'><strong>Ρ.</strong></span> <span class='ocrx_word' id='word_1_262' title='bbox 316 2145 410 2194; x_wconf 88' lang='lat'><strong>208,</strong></span> <span class='ocrx_word' id='word_1_263' title='bbox 438 2144 481 2185; x_wconf 89' lang='grc'><strong>6.</strong></span> <span class='ocrx_word' id='word_1_264' title='bbox 538 2142 762 2197; x_wconf 76' lang='grc' dir='ltr'><strong><em>ἐντράνοις]</em></strong></span> <span class='ocrx_word' id='word_1_265' title='bbox 786 2140 939 2196; x_wconf 77' lang='grc' dir='ltr'><strong><em>τρανὴς</em></strong></span> <span class='ocrx_word' id='word_1_266' title='bbox 956 2151 996 2183; x_wconf 90' lang='lat' dir='ltr'><strong>et</strong></span> <span class='ocrx_word' id='word_1_267' title='bbox 1018 2140 1166 2197; x_wconf 78' lang='grc' dir='ltr'><strong><em>τρανὸς</em></strong></span> <span class='ocrx_word' id='word_1_268' title='bbox 1187 2147 1331 2185; x_wconf 82' lang='lat' dir='ltr'><strong>usitata</strong></span> <span class='ocrx_word' id='word_1_269' title='bbox 1349 2154 1460 2200; x_wconf 81' lang='lat' dir='ltr'><strong>sunt,</strong></span> <span class='ocrx_word' id='word_1_270' title='bbox 1489 2147 1562 2188; x_wconf 82' lang='lat' dir='ltr'><strong>sed</strong></span> <span class='ocrx_word' id='word_1_271' title='bbox 1575 2156 1614 2190; x_wconf 87' lang='lat' dir='ltr'><strong>V.</strong></span> <span class='ocrx_word' id='word_1_272' title='bbox 1628 2156 1696 2203; x_wconf 71' lang='grc'><strong>349</strong></span> 
     </span>
     <span class='ocr_line' id='line_1_37' title="bbox 125 2197 1011 2254; baseline -0.003 -13"><span class='ocrx_word' id='word_1_273' title='bbox 125 2197 316 2254; x_wconf 75' lang='grc' dir='ltr'><strong>ἕντρανος</strong></span> <span class='ocrx_word' id='word_1_274' title='bbox 344 2199 439 2239; x_wconf 85' lang='lat' dir='ltr'><strong>alibi</strong></span> <span class='ocrx_word' id='word_1_275' title='bbox 468 2213 532 2238; x_wconf 89' lang='lat' dir='ltr'><strong>me</strong></span> <span class='ocrx_word' id='word_1_276' title='bbox 561 2200 692 2252; x_wconf 80' lang='lat' dir='ltr'><strong>legere</strong></span> <span class='ocrx_word' id='word_1_277' title='bbox 719 2212 800 2237; x_wconf 88' lang='lat' dir='ltr'><strong>non</strong></span> <span class='ocrx_word' id='word_1_278' title='bbox 830 2198 1011 2238; x_wconf 88' lang='lat' dir='ltr'><strong>memini.</strong></span> 
     </span>
    </p>

    <p class='ocr_par' dir='ltr' id='par_1_13' title="bbox 127 2252 1561 2471">
     <span class='ocr_line' id='line_1_38' title="bbox 238 2252 1560 2308; baseline 0.002 -14"><span class='ocrx_word' id='word_1_279' title='bbox 238 2255 286 2294; x_wconf 90' lang='lat' dir='ltr'><strong>P.</strong></span> <span class='ocrx_word' id='word_1_280' title='bbox 303 2269 399 2305; x_wconf 82' lang='lat'><strong>210,</strong></span> <span class='ocrx_word' id='word_1_281' title='bbox 429 2269 467 2308; x_wconf 87' lang='lat'><strong>9.</strong></span> <span class='ocrx_word' id='word_1_282' title='bbox 524 2252 771 2302; x_wconf 80' lang='grc' dir='ltr'><em>Πάτροκλον</em></span> <span class='ocrx_word' id='word_1_283' title='bbox 797 2253 1013 2307; x_wconf 74' lang='grc' dir='ltr'><strong><em>πρόφασιν</em></strong></span> <span class='ocrx_word' id='word_1_284' title='bbox 1038 2252 1265 2307; x_wconf 75' lang='grc' dir='ltr'><strong><em>προτιθείς]</em></strong></span> <span class='ocrx_word' id='word_1_285' title='bbox 1291 2255 1386 2295; x_wconf 87' lang='lat' dir='ltr'><strong>vide</strong></span> <span class='ocrx_word' id='word_1_286' title='bbox 1401 2256 1560 2296; x_wconf 85' lang='lat' dir='ltr'><strong>Erasmi</strong></span> 
     </span>
     <span class='ocr_line' id='line_1_39' title="bbox 129 2307 1561 2364; baseline 0.002 -16"><span class='ocrx_word' id='word_1_287' title='bbox 129 2309 349 2361; x_wconf 81' lang='lat' dir='ltr'><strong>Chiliades3</strong></span> <span class='ocrx_word' id='word_1_288' title='bbox 380 2322 608 2364; x_wconf 86' lang='lat' dir='ltr'><strong>quanquam</strong></span> <span class='ocrx_word' id='word_1_289' title='bbox 638 2307 746 2346; x_wconf 84' lang='lat' dir='ltr'><strong>haud</strong></span> <span class='ocrx_word' id='word_1_290' title='bbox 773 2309 854 2346; x_wconf 88' lang='lat' dir='ltr'><strong>scio</strong></span> <span class='ocrx_word' id='word_1_291' title='bbox 887 2322 939 2347; x_wconf 89' lang='lat' dir='ltr'><strong>an</strong></span> <span class='ocrx_word' id='word_1_292' title='bbox 974 2307 1026 2347; x_wconf 87' lang='lat' dir='ltr'><strong>ad</strong></span> <span class='ocrx_word' id='word_1_293' title='bbox 1067 2308 1330 2348; x_wconf 89' lang='lat' dir='ltr'><strong>Homericum</strong></span> <span class='ocrx_word' id='word_1_294' title='bbox 1364 2311 1561 2350; x_wconf 89' lang='lat' dir='ltr'><strong>Achillem</strong></span> 
     </span>
     <span class='ocr_line' id='line_1_40' title="bbox 127 2362 1557 2418; baseline 0 -15"><span class='ocrx_word' id='word_1_295' title='bbox 127 2364 362 2415; x_wconf 84' lang='lat' dir='ltr'><strong>alludatur,</strong></span> <span class='ocrx_word' id='word_1_296' title='bbox 409 2365 479 2417; x_wconf 89' lang='lat' dir='ltr'><strong>qui</strong></span> <span class='ocrx_word' id='word_1_297' title='bbox 516 2362 704 2402; x_wconf 83' lang='lat' dir='ltr'><strong>saevitiae</strong></span> <span class='ocrx_word' id='word_1_298' title='bbox 751 2376 846 2402; x_wconf 88' lang='lat' dir='ltr'><strong>suae</strong></span> <span class='ocrx_word' id='word_1_299' title='bbox 872 2362 1049 2402; x_wconf 86' lang='lat' dir='ltr'><strong>Patrocli</strong></span> <span class='ocrx_word' id='word_1_300' title='bbox 1093 2363 1257 2403; x_wconf 84' lang='lat' dir='ltr'><strong>caedem</strong></span> <span class='ocrx_word' id='word_1_301' title='bbox 1291 2367 1557 2418; x_wconf 82' lang='lat' dir='ltr'><strong>praetexebat,</strong></span> 
     </span>
     <span class='ocr_line' id='line_1_41' title="bbox 131 2417 1060 2471; baseline -0.001 -13"><span class='ocrx_word' id='word_1_302' title='bbox 131 2432 224 2458; x_wconf 92' lang='lat' dir='ltr'><strong>cum</strong></span> <span class='ocrx_word' id='word_1_303' title='bbox 255 2418 358 2458; x_wconf 89' lang='lat' dir='ltr'><strong>hosti</strong></span> <span class='ocrx_word' id='word_1_304' title='bbox 388 2426 562 2458; x_wconf 87' lang='lat' dir='ltr'><strong>mortem</strong></span> <span class='ocrx_word' id='word_1_305' title='bbox 583 2417 813 2470; x_wconf 78' lang='lat' dir='ltr'><strong>deprecanti</strong></span> <span class='ocrx_word' id='word_1_306' title='bbox 842 2418 1060 2471; x_wconf 88' lang='lat' dir='ltr'><strong>respondet</strong></span> 
     </span>
    </p>

    <p class='ocr_par' dir='ltr' id='par_1_14' title="bbox 265 2467 1449 2580">
     <span class='ocr_line' id='line_1_42' title="bbox 271 2467 1449 2526; baseline 0.002 -16"><span class='ocrx_word' id='word_1_307' title='bbox 271 2469 453 2512; x_wconf 74' lang='grc' dir='ltr'><strong><em>κάτθανε</em></strong></span> <span class='ocrx_word' id='word_1_308' title='bbox 478 2472 549 2511; x_wconf 80' lang='grc' dir='ltr'><strong><em>καί</em></strong></span> <span class='ocrx_word' id='word_1_309' title='bbox 578 2467 878 2523; x_wconf 51' lang='lat' dir='ltr'><strong>flamonio&amp;</strong></span> <span class='ocrx_word' id='word_1_310' title='bbox 904 2486 966 2519; x_wconf 89' lang='grc' dir='ltr'><strong>τις</strong></span> <span class='ocrx_word' id='word_1_311' title='bbox 992 2472 1062 2512; x_wconf 82' lang='grc' dir='ltr'><strong>σέο</strong></span> <span class='ocrx_word' id='word_1_312' title='bbox 1090 2471 1228 2526; x_wconf 69' lang='grc' dir='ltr'><em>πολλῷ</em></span> <span class='ocrx_word' id='word_1_313' title='bbox 1255 2471 1449 2522; x_wconf 79' lang='grc' dir='ltr'><strong><em>α’μείνων.</em></strong></span> 
     </span>
     <span class='ocr_line' id='line_1_43' title="bbox 265 2521 1289 2580; baseline -0.001 -16"><span class='ocrx_word' id='word_1_314' title='bbox 265 2527 412 2567; x_wconf 78' lang='lat' dir='ltr'><strong>occidit</strong></span> <span class='ocrx_word' id='word_1_315' title='bbox 436 2536 474 2566; x_wconf 84' lang='lat' dir='ltr'><strong>et</strong></span> <span class='ocrx_word' id='word_1_316' title='bbox 502 2526 729 2573; x_wconf 78' lang='lat' dir='ltr'><strong>Patroclus,</strong></span> <span class='ocrx_word' id='word_1_317' title='bbox 757 2528 827 2580; x_wconf 78' lang='lat' dir='ltr'><strong>qui</strong></span> <span class='ocrx_word' id='word_1_318' title='bbox 850 2535 888 2566; x_wconf 82' lang='lat' dir='ltr'><strong>te</strong></span> <span class='ocrx_word' id='word_1_319' title='bbox 914 2521 1124 2566; x_wconf 56' lang='lat' dir='ltr'><strong>virtutibus</strong></span> <span class='ocrx_word' id='word_1_320' title='bbox 1152 2528 1289 2567; x_wconf 84' lang='lat' dir='ltr'><strong>anteit.</strong></span> 
     </span>
    </p>

    <p class='ocr_par' dir='ltr' id='par_1_15' title="bbox 130 2577 1682 2678">
     <span class='ocr_line' id='line_1_44' title="bbox 240 2577 1682 2635; baseline -0.001 -15"><span class='ocrx_word' id='word_1_321' title='bbox 240 2580 292 2624; x_wconf 88' lang='grc' dir='ltr'><strong>Ρ.</strong></span> <span class='ocrx_word' id='word_1_322' title='bbox 324 2594 417 2630; x_wconf 79' lang='lat'><strong>222,</strong></span> <span class='ocrx_word' id='word_1_323' title='bbox 448 2581 491 2624; x_wconf 83' lang='lat'><strong>8.</strong></span> <span class='ocrx_word' id='word_1_324' title='bbox 543 2583 628 2619; x_wconf 81' lang='grc' dir='ltr'><strong><em>κατ’</em></strong></span> <span class='ocrx_word' id='word_1_325' title='bbox 661 2577 908 2635; x_wconf 66' lang='grc' dir='ltr'><strong>ἆχερωῖδα]</strong></span> <span class='ocrx_word' id='word_1_326' title='bbox 946 2594 1119 2634; x_wconf 83' lang='lat' dir='ltr'><strong>procera</strong></span> <span class='ocrx_word' id='word_1_327' title='bbox 1160 2582 1291 2618; x_wconf 77' lang='lat' dir='ltr'><strong>instar</strong></span> <span class='ocrx_word' id='word_1_328' title='bbox 1321 2580 1465 2634; x_wconf 78' lang='lat' dir='ltr'><strong>populi</strong></span> <span class='ocrx_word' id='word_1_329' title='bbox 1501 2580 1557 2618; x_wconf 81' lang='lat' dir='ltr'><strong>it·-</strong></span> <span class='ocrx_word' id='word_1_330' title='bbox 1570 2588 1682 2634; x_wconf 71' lang='lat' dir='ltr'><strong>P.431</strong></span> 
     </span>
     <span class='ocr_line' id='line_1_45' title="bbox 130 2649 280 2678; baseline 0.013 -2"><span class='ocrx_word' id='word_1_331' title='bbox 130 2650 165 2676; x_wconf 73' lang='lat' dir='ltr'><strong>ri</strong></span> <span class='ocrx_word' id='word_1_332' title='bbox 206 2649 280 2678; x_wconf 80' lang='lat' dir='ltr'><strong>me.</strong></span> 
     </span>
    </p>

    <p class='ocr_par' dir='ltr' id='par_1_16' title="bbox 131 2651 1560 2797">
     <span class='ocr_line' id='line_1_46' title="bbox 167 2651 1560 2738; baseline -0.001 -9"><span class='ocrx_word' id='word_1_333' title='bbox 167 2651 205 2689; x_wconf 74' lang='lat' dir='ltr'><strong>gl</strong></span> <span class='ocrx_word' id='word_1_334' title='bbox 242 2691 288 2731; x_wconf 77' lang='lat'><strong>1³.</strong></span> <span class='ocrx_word' id='word_1_335' title='bbox 318 2690 414 2736; x_wconf 81' lang='lat'><strong>230,</strong></span> <span class='ocrx_word' id='word_1_336' title='bbox 443 2701 511 2728; x_wconf 80' lang='lat'><strong>2¹.</strong></span> <span class='ocrx_word' id='word_1_337' title='bbox 564 2685 639 2733; x_wconf 81' lang='grc' dir='ltr'><strong>τὰς</strong></span> <span class='ocrx_word' id='word_1_338' title='bbox 665 2686 909 2738; x_wconf 80' lang='grc' dir='ltr'><strong><em>παλασσὰς]</em></strong></span> <span class='ocrx_word' id='word_1_339' title='bbox 948 2683 1155 2732; x_wconf 80' lang='grc' dir='ltr'><strong><em>κολασσάς</em></strong></span> <span class='ocrx_word' id='word_1_340' title='bbox 1185 2684 1252 2734; x_wconf 79' lang='grc' dir='ltr'><strong>(Α)</strong></span> <span class='ocrx_word' id='word_1_341' title='bbox 1295 2686 1379 2725; x_wconf 83' lang='lat' dir='ltr'><strong>sive</strong></span> <span class='ocrx_word' id='word_1_342' title='bbox 1418 2690 1560 2728; x_wconf 82' lang='grc' dir='ltr'><strong><em>κολοσ-</em></strong></span> 
     </span>
     <span class='ocr_line' id='line_1_47' title="bbox 131 2739 1560 2797; baseline -0.002 -11"><span class='ocrx_word' id='word_1_343' title='bbox 131 2743 234 2793; x_wconf 81' lang='grc' dir='ltr'>σάς;</span> <span class='ocrx_word' id='word_1_344' title='bbox 281 2758 374 2785; x_wconf 83' lang='lat' dir='ltr'><strong>nam</strong></span> <span class='ocrx_word' id='word_1_345' title='bbox 410 2743 528 2784; x_wconf 78' lang='lat' dir='ltr'><strong>litera</strong></span> <span class='ocrx_word' id='word_1_346' title='bbox 557 2755 698 2797; x_wconf 81' lang='lat' dir='ltr'><strong>parum</strong></span> <span class='ocrx_word' id='word_1_347' title='bbox 738 2743 945 2796; x_wconf 84' lang='lat' dir='ltr'><strong>perspicua</strong></span> <span class='ocrx_word' id='word_1_348' title='bbox 979 2749 1050 2782; x_wconf 87' lang='lat' dir='ltr'><strong>est.</strong></span> <span class='ocrx_word' id='word_1_349' title='bbox 1090 2739 1196 2779; x_wconf 89' lang='lat' dir='ltr'><strong>unde</strong></span> <span class='ocrx_word' id='word_1_350' title='bbox 1233 2740 1415 2795; x_wconf 81' lang='lat' dir='ltr'><strong>suspicor</strong></span> <span class='ocrx_word' id='word_1_351' title='bbox 1450 2743 1560 2783; x_wconf 82' lang='lat' dir='ltr'>Cho-</span> 
     </span>
    </p>
   </div>
  </div>
 </body>
</html>
