1878 3230
679 211 1037 256 GLOSSARIUM.
1450 215 1564 270 9¹9

263 305 394 362 οψις
434 312 552 352 obses
578 327 620 378 p.
649 314 726 353 263
755 314 794 353 b.
823 313 957 352 eadem
966 329 1075 377 pag.
1110 311 1187 352 263
1223 327 1246 352 a
1285 309 1484 376 βασιλεῦς
1522 312 1568 353 δὲ

157 367 310 406 δέδωκέ
333 379 447 413 τινας
478 367 563 406 τῶν
600 366 643 413 ἐξ
681 367 854 418 αἵματος
893 365 1100 432 ὅμήρουςε
1138 368 1259 406 codex
1297 369 1366 406 GB
1403 360 1569 416 οψιδας.

155 421 455 487 'lheophanes
442 436 484 460 m
516 422 680 461 Leone:
705 423 888 474 λέγοντες
918 416 980 460 ὅτι
1008 421 1174 472 δίδομεν
1203 420 1302 471 ὑμῖν
1339 415 1512 472 υψιδας
1516 418 1570 461 τὰ

154 476 274 514 τέκνα
300 473 429 526 ἡμῶν.

264 527 508 578 ὀψώνιον
558 529 796 582 opsonium,
824 528 1074 594 stipendium.
1102 529 1380 568 Theodoretus
1415 530 1456 567 in
1487 531 1572 594 epi-

158 584 298 622 stolam
326 583 440 621 Pauli
467 583 519 622 ad
549 585 754 622 Romanos
788 597 874 635 cap.
907 583 965 622 6:
993 580 1178 646 εἰκότως
1211 581 1282 622 κατ’
1313 581 1383 622 τόν
1417 580 1575 632 μισθὸν

155 633 340 699 ιῖψιόνιον
367 637 567 689 κέκληκεν·
622 633 839 687 ὀνομάζειν
855 651 932 688 γαρ
964 630 1071 674 οὕτω
1101 637 1222 689 φίλον
1248 637 1363 691 αυτῷ
1384 635 1429 676 τὸ
1450 651 1576 688 στρα-

154 687 343 729 τιωτικὸν
366 691 613 743 σιτηρέσιον.
640 691 900 730 Andronicus
920 691 1057 729 Iunior
1082 693 1123 729 in
1151 676 1365 743 diplomate
1389 705 1482 757 pro
1486 694 1576 731 Μο-

154 745 438 783 nembasiotis:
469 743 566 783 ου’δὲ
590 742 712 783 αὐτοὶ
734 743 934 809 ὅφείλωσι
973 741 1103 795 χάριν
1140 745 1359 796 μαγειριας
1394 741 1424 796 ἢ
1460 742 1575 795 ὄψω-

155 797 244 837 νιόυ
272 793 300 849 ἢ
329 792 457 837 ἄλλου
482 795 588 844 τινὸς
617 795 849 853 ζητήματος
867 795 1060 838 ἆπαιτεῖν
1086 813 1127 838 τι
1145 799 1189 847 ε”ξ
1218 800 1366 841 αυτ-ὦν.
1394 801 1576 840 v.G10s-

155 855 302 891 saxium
330 851 381 891 ad
411 853 656 892 Cedrenum.

262 907 572 946 πακτιόνειν
621 908 777 961 pacisci.
815 907 909 947 vide
938 907 1157 947 Mem-sium
1196 908 1248 947 ad
1282 908 1484 948 Constant.
1521 908 1574 949 de

154 960 355 999 administ.
384 963 479 1013 Imp.
508 975 544 1000 c.
574 961 642 1013 44.

261 1017 569 1061 παλατῖνος
613 1015 872 1068 Palatinusp
874 1044 884 1054 .
922 1016 997 1056 156
1024 1016 1065 1055 b.
1092 1016 1295 1056 Palatinus
1323 1017 1412 1070 quis
1439 1019 1491 1057 sit
1510 1032 1575 1057 ex·-

155 1069 278 1121 plicat
305 1069 472 1108 Nicetas.
501 1069 596 1109 alias
613 1071 784 1109 Palatini
808 1085 952 1109 nomen
972 1071 1155 1122 generale
1183 1079 1258 1120 est,
1286 1086 1412 1123 eoque
1438 1086 1577 1112 omnes

156 1124 418 1161 continentur
444 1124 514 1177 qui
552 1125 590 1162 in
624 1139 738 1163 sacro
769 1124 924 1163 Palatio
965 1125 1164 1173 militant3
1208 1126 1256 1164 de
1300 1126 1444 1178 quibus
1483 1127 1578 1165 vide

154 1178 225 1215 lib.
262 1191 307 1215 ¹2
339 1178 437 1216 Cod.
470 1179 529 1216 tit.
561 1180 610 1217 23
641 1186 682 1218 et
708 1179 781 1226 28,
811 1186 849 1217 et
876 1179 931 1216 ibi
960 1179 1190 1229 Cuiacium3
1224 1179 1419 1218 lulianum
1448 1182 1576 1219 Ante-

154 1245 346 1270 cessorem
376 1233 416 1270 in
449 1232 620 1271 Scholiis
655 1233 707 1272 ad
740 1232 949 1271 Novellam
989 1246 1040 1270 22
1078 1247 1162 1286 cap.
1200 1233 1275 1282 82,
1322 1233 1576 1273 Glossarium

152 1286 294 1324 Isidori
321 1287 361 1324 in
399 1286 602 1325 Basilides.
642 1288 692 1326 de
716 1286 908 1325 Palatinis
947 1287 1040 1325 vide
1075 1289 1194 1326 etiam
1223 1287 1463 1327 Glossarium
1492 1289 1575 1327 No-

154 1341 322 1388 micum,
354 1348 394 1379 et
422 1355 524 1394 quae
550 1341 697 1380 ibidem
724 1341 1032 1380 observavimus.

245 1390 430 1434 πάνον
473 1409 648 1448 pannus,
678 1396 843 1434 linteum
870 1409 957 1447 pag.
984 1394 1062 1433 213
1106 1401 1147 1433 et
1193 1393 1284 1435 365.
1307 1395 1474 1435 Basilica
1503 1396 1576 1435 lib.

153 1447 205 1488 55
238 1449 302 1487 tit.
342 1463 356 1487 1
390 1463 473 1501 cap.
489 1463 539 1488 22
572 1450 669 1497 §6.
697 1449 1008 1501 σφραγισθῆναι
1033 1445 1213 1498 διαθήκη
1243 1448 1405 1498 λέγεται
1436 1449 1476 1489 εἷ
1503 1450 1576 1489 καί

151 1499 200 1542 τὸ
230 1502 375 1541 πανιόν
397 1502 442 1542 ἐν
468 1496 500 1557 ᾧ
527 1500 774 1552 ἐμβάλλεται
801 1502 1078 1567 σφραγγισθῇ.
1112 1516 1156 1540 ex
1187 1502 1214 1539 l.
1235 1515 1302 1540 22.
1334 1504 1384 1541 D.
1413 1504 1480 1556 qui
1514 1511 1572 1542 t&

154 1564 270 1596 stam.
298 1557 368 1596 fac.
397 1571 499 1609 poss.
529 1571 622 1595 nam
647 1559 765 1595 etiam
794 1555 940 1594 παιιόν
968 1556 1178 1604 dicebant,
1208 1562 1253 1592 ut
1291 1556 1396 1608 apud
1424 1557 1571 1596 Codin.

155 1611 204 1650 de
234 1609 335 1649 offic.
363 1610 505 1650 πανιόν
531 1609 730 1676 κίτρινον.
746 1596 898 1649 Auctoi·
927 1611 995 1648 GB
1029 1611 1068 1647 in
1104 1609 1287 1647 historica
1329 1618 1479 1650 narrat.
1523 1611 1574 1650 de

155 1666 380 1704 Belisario:
412 1663 538 1703 πανιά
565 1678 867 1716 χρυσουφαιτα
900 1662 1130 1712 ἐκρέμασαν
1158 1676 1216 1708 εις
1243 1659 1375 1727 sagq.
1410 1666 1574 1704 Andro-

154 1721 265 1759 nicus
294 1720 427 1758 iunior
457 1720 495 1758 in
527 1719 741 1770 diplomate
779 1732 850 1771 pro
889 1716 1239 1755 Monembasiotis.
1281 1732 1306 1766 η
1352 1717 1499 1757 πανίου
1543 1713 1574 1769 ἢ

154 1771 403 1813 λινοκόκκου.
435 1774 541 1812 idem
570 1773 727 1812 Nic'etas
751 1787 796 1826 p.
823 1773 903 1811 5¹2
930 1785 1085 1823 πραται
1110 1769 1192 1811 τῶν
1222 1767 1405 1811 ὄθονωνι
1447 1772 1571 1812 codex

155 1829 222 1867 GB
252 1824 525 1891 πανοπρᾰται.

261 1882 453 1945 παπᾶςυ
482 1878 642 1933 ἱερεύς,
673 1881 868 1920 sacerdos.
897 1879 1103 1919 cedrenus
1132 1895 1174 1932 p.
1203 1878 1281 1929 542
1308 1895 1355 1918 c:
1395 1875 1467 1918 τόν
1493 1881 1570 1929 βα-

154 1935 296 1974 ἰ”ουὶον
319 1930 453 1974 αὐτοῦ
478 1934 616 1973 παπᾶν
642 1935 821 1999 ἐποίησε.
851 1937 1001 1974 Auctor
1027 1935 1095 1971 GB
1133 1934 1258 1983 κροῦν
1289 1931 1326 1972 οἱ
1361 1931 1574 1983 καμπάνες

157 1986 340 2038 amarti,
365 1989 650 2038 μαζωνοῦνται
675 1986 890 2038 rumdam,
918 1988 989 2026 καί
1018 1983 1206 2036 ψάλλουν
1236 1985 1314 2033 ἕως
1341 1985 1413 2026 τὸν
1441 1986 1569 2039 οὖρα-

155 2039 238 2082 νόν.
291 2041 431 2088 „anag
469 2050 600 2081 autem
633 2042 696 2082 vel
738 2039 856 2081 noina
896 2055 968 2094 pro
1009 2042 1197 2093 pontifice
1231 2041 1279 2082 R.
1324 2041 1495 2080 sumitur
1521 2056 1566 2094 p.

163 2098 236 2136 150
266 2096 310 2136 b.

266 2162 793 2202 παρακοιμωμενος.
819 2149 1013 2189 Iohannes
1043 2149 1344 2188 Cantacuzenus
1373 2149 1446 2188 lib.
1482 2163 1501 2188 ι
1532 2164 1565 2189 c.

158 2220 213 2245 2:
254 2205 304 2258 τῇ
329 2205 403 2243 τοῦ
437 2203 810 2256 παρακοιμωμένου
853 2202 1124 2269 τετιμημένου
1164 2201 1270 2256 οἷ’ξάι.
1317 2203 1569 2242 Constantia.

162 2260 211 2299 ‹le
238 2262 341 2298 adm.
372 2261 460 2312 Imp
432 2273 470 2312 p.
545 2259 698 2311 μιίὸ·
732 2255 957 2297 Βασιλείου
998 2256 1075 2295 τοῦ
1098 2257 1470 2309 παρακοιμωμένου
1509 2253 1570 2296 οἶ..

160 2314 450 2359 κος.(]ο(1ῐηυε
482 2273 545 2351 dea
545 2274 665 2350 poffie.
696 2309 717 2349 ὅ
730 2307 1110 2374 -noe9axotpmiptevog
1139 2310 1216 2349 τοῦ
1240 2323 1433 2356 κοιτωνος
1459 2307 1571 2362 ευρί-

161 2381 302 2406 σκεται
310 2363 483 2433 κεφαλὴ
511 2380 593 2405 των
622 2365 665 2404 ἐν
690 2366 748 2419 τιῖἰ
774 2378 937 2404 κοιτωνι
962 2361 1251 2403 παιδοπουλων
1279 2363 1351 2402 καί
1378 2378 1461 2403 των
1489 2378 1572 2402 κοι-

160 2420 382 2470 τωναρίων.
416 2423 496 2459 Leo
524 2420 843 2459 Grammaticus.
879 2418 956 2458 τοῦ
988 2417 1034 2457 δὲ
1060 2419 1263 2467 βασιλέως
1305 2417 1575 2468 διερχομένου

161 2474 205 2513 ἐν
231 2474 281 2537 τῇ
308 2473 560 2536 προελεύσει,
594 2467 767 2512 οπισθεν
793 2474 1011 2517 Βασίλειος
1037 2470 1272 2521 περιεπάτει
1305 2471 1445 2522 φορῶν
1474 2484 1574 2510 oxa-

163 2525 389 2579 ραμάγγιον
426 2524 528 2577 μετὰ
567 2525 768 2577 σπαθίου,
809 2541 866 2573 ως
902 2522 997 2572 ε’θος
1039 2538 1126 2571 τοις
1171 2523 1571 2574 παρακοιμωιιὲνοις.

161 2595 532 2632 paracoemomenus
559 2583 677 2633 igitur
701 2582 872 2633 gladium
901 2586 940 2619 et
972 2580 1284 2630 scaramangium
1325 2579 1572 2629 imperatoris

162 2636 327 2673 lei-ebat.
359 2650 399 2672 v.
426 2637 646 2673 Meursium
672 2643 710 2673 et
737 2636 981 2674 Glossarium
1023 2640 1203 2672 nostrum
1238 2632 1289 2670 ad
1321 2631 1569 2680 cedrenum,

162 2686 258 2741 περὶ
282 2702 355 2727 του
383 2701 574 2732 κοιτωνθς
602 2690 931 2740 προκαθημένου.
958 2689 1049 2726 vide
1076 2688 1331 2724 Cantacuz.1
1363 2686 1429 2734 48.

267 2739 686 2796 ua9apc⁰vtj.1›ag.
730 2742 808 2793 564
865 2739 1138 2794 πελεκυφόρος
1178 2737 1406 2793 βάρβαρος.
1451 2740 1573 2780 codex
