1878 3230
453 183 674 224 ALExms
714 184 984 224 MANUEms
1024 182 1265 225 εοΜΝΕΝι
1303 185 1347 224 F.
1507 164 1615 232 345

187 280 435 337 ἑτερὸθηκτα
469 285 568 339 ξίφη
600 281 656 332 ὥς
682 281 940 336 καθιξόμενοι
962 283 1233 338 κατήνεγκαν,
1269 284 1291 325 ὖ
1324 285 1368 325 δὲ
1390 285 1520 338 δῆμος
1547 288 1619 341 τῇ-

187 347 235 389 δέ
261 363 306 389 τε
330 348 492 390 κιίκεΐσε
524 350 604 390 τῶν
630 346 862 402 χλαμύδων
892 347 1115 401 λαβόμενοι
1145 352 1392 405 περιέφερον
1418 349 1516 399 τοὺς
1546 344 1662 396 ἇν-ιῐ)

186 414 291 466 δρας
318 417 415 466 μεθ’
442 410 626 469 ὕβρεως,
665 413 722 461 ὥς
748 411 865 466 μόλις
910 415 1106 469 ἐκφυγεῖν
1138 413 1185 456 τὸ
1214 417 1372 461 θανεῖν.
1426 417 1550 458 τοῦτο
1581 418 1618 457 δ’

186 478 349 528 α’νύσας
375 478 644 534 Ἀνδρόνικος
680 484 766 528 τοῖς
800 481 1019 533 μεγιστᾶσι
1057 483 1279 533 μετέπειτα
1312 482 1526 536 ἐπεφύετο.
1579 480 1619 522 οἱ

148 544 233 585 ὅδὲ
258 541 316 593 ὥς
343 539 420 585 οὐκ
447 543 595 586 α’νεκτᾰ
629 543 678 586 τά
709 546 883 586 τοιαῦτα
902 542 1003 599 ἔργα
1030 546 1293 601 ὑφορώμενοι
1323 548 1397 587 καί
1420 546 1497 600 τήν
1523 549 1619 588 Κυ-

185 608 383 650 κλώπεῑον
407 604 604 663 ἄντικρυς
631 607 710 664 πρὸ
752 609 984 664 ὀφθαλμῶν
1010 610 1175 663 ἔχοντες
1204 609 1517 666 καταθοίνησιν,
1543 612 1620 652 ἅλ-

183 673 323 729 λήλοις
350 675 508 723 πίστεις
536 673 676 723 δόντες
696 689 738 716 τε
767 674 839 716 καί
865 672 1073 727 λαβόντες,
1106 676 1180 716 καί
1195 674 1268 729 τήν
1295 675 1494 729 ὁμόνοιαν
1517 693 1619 731 κρα-

185 737 401 791 τυνάμενοι
430 737 502 780 καὶ
526 735 664 793 ὅρκοις
693 739 739 781 τὸ
774 739 982 792 ὄμόπνουν
1012 741 1268 795 φρικώδεσιν
1295 742 1617 795 ἑμπεδώσαντες,

185 806 408 845 συνέθεντο
435 802 494 859 μὴ
523 806 672 847 δοῦναι
700 802 828 847 ὕπνον
861 810 946 854 τοῖς
986 807 1225 861 ὀφθαλμοῖς
1234 839 1246 859 ,
1276 808 1383 861 μηδὲ
1410 811 1495 856 τοῖς
1522 823 1620 861 κρο-

125 887 172 913 10
183 869 348 925 τάφοις,
379 872 418 912 εἰ
446 870 636 924 δυνατόν,
663 872 960 926 παρασχέσθαι
977 870 1225 926 ἀνάπαυσιν,
1247 875 1324 921 ἕως
1345 867 1397 914 οὗ
1425 877 1618 915 θανεῖται

177 929 449 989 Ἀνδρόνικος
476 937 550 977 καί
575 936 619 977 τὸ
649 936 798 978 τούτου
823 932 929 989 αἷμα
959 937 1039 990 πρὸ
1067 940 1144 978 τοῦ
1172 940 1245 992 τῆς
1272 937 1423 992 κόγχης
1437 937 1618 992 χρώσει-

181 1014 228 1040 εν
259 996 411 1053 αὖτόν,
440 1003 483 1051 ἐξ
520 994 570 1055 ἧς
608 999 749 1055 βάψαι
788 1001 864 1056 τὴν
891 1005 1047 1044 οἰκείαν
1074 1002 1222 1057 στολὴν
1249 1002 1511 1058 ἱμειρόμενος
1538 1007 1620 1044 πᾶ-

183 1080 262 1106 σαν
283 1064 357 1120 τὴν
384 1066 593 1119 βασίλειον
626 1067 838 1121 φυταλιὰν
868 1070 1032 1123 ἐκριζοῖ-
1054 1067 1126 1110 καὶ
1145 1066 1202 1116 ὥς
1226 1067 1367 1120 μονιὸς
1395 1067 1621 1121 διαλυμαί-

181 1145 293 1172 νεται
337 1126 492 1187 ἄγριος.
564 1128 671 1187 ἦσαν
716 1135 763 1175 δὲ
793 1130 897 1175 οὕτω
939 1131 1269 1186 συνομοσάμενοι
1298 1134 1567 1187 Ἀνδρόνικος
1595 1133 1621 1174 ὅ

123 1195 275 1246 ιόυἱός
315 1199 393 1238 τοῦ
413 1199 613 1252 Ἀγγέλου
643 1201 967 1240 Κωνσταντίνου
983 1231 997 1251 ,
1025 1197 1046 1240 ὅ
1066 1198 1197 1252 με’γας
1223 1198 1323 1250 δούξ
1346 1197 1620 1254 Ἀνδρόνικος

181 1262 203 1303 ό
222 1265 582 1319 Κοντοστὲφανος,
615 1266 687 1305 καί
716 1263 755 1306 οἱ
785 1262 940 1306 τούτων
967 1263 1073 1312 υἱεῖς
1104 1261 1326 1306 ἑκκαίδεκα
1355 1258 1486 1318 ὄντες,
1514 1264 1618 1306 πάν,

178 1342 244 1376 τες
279 1327 449 1380 α’κμαῖοι
479 1331 551 1370 καί
593 1328 810 1385 ῥομφαίαν
847 1330 1100 1382 ἐσπασμένοι
1129 1329 1233 1385 πρὸς
1262 1330 1466 1383 πόλεμον,
1491 1330 1515 1371 o‘
1542 1332 1616 1372 τοῦ
1628 1341 1661 1377 P.
1679 1352 1741 1386 ¹7²

179 1391 338 1446 δρόμου
372 1395 592 1449 λογοθέτης
619 1394 640 1435 ὃ
671 1394 937 1450 Καματηρός
970 1397 1222 1448 Βασίλειος,
1252 1396 1324 1437 καί
1349 1398 1498 1449 συχνοὶ
1523 1398 1612 1437 ἓτε.

180 1471 249 1511 ροι
272 1457 376 1500 κατὰ
409 1460 523 1511 γένος
563 1458 704 1508 αὐτοῖς
730 1458 1043 1513 ’συναπτόμενοι
1071 1462 1145 1502 καί
1170 1454 1306 1509 ἄλλως
1334 1459 1384 1502 τὸ
1413 1461 1618 1516 ἐπίσημον

118 1521 352 1576 αοέχοντες.
408 1519 502 1565 ἀλλ’
525 1524 600 1565 οὐκ
631 1522 756 1570 ἔλαθε
777 1524 822 1566 τὸ
853 1525 1099 1580 σύστρεμμα
1133 1524 1205 1568 τὸν
1226 1521 1512 1580 Ἀνδρόνικον,
1539 1528 1614 1567 οὐκ

179 1590 240 1637 εἰς
270 1590 385 1637 τέλος
411 1584 648 1644 ἄφθεγκτον
674 1592 745 1636 καί
779 1590 956 1649 κρύφιον
987 1593 1218 1644 διαμεῖναν.
1276 1590 1341 1632 διὸ
1371 1590 1444 1632 καὶ
1469 1592 1616 1633 αὐτίκα

178 1650 247 1706 ὅγε
288 1653 391 1696 κατὰ
429 1655 506 1695 τοῦ
546 1652 644 1695 υἱοῦ
678 1657 754 1696 τοῦ
775 1655 981 1709 Ἀγγέλου
1026 1654 1237 1710 ὁρμήσας,
1268 1655 1420 1711 μικρὸν
1458 1652 1616 1697 ἄποθεν

182 1719 458 1771 ,αὕλιζομένου
505 1721 587 1763 τῶν
630 1721 841 1774 χερσαίων
884 1722 1025 1762 πυλῶν
1068 1724 1139 1776 τῆς
1182 1719 1340 1769 πόλεως
1377 1720 1613 1775 τηνικαῦτα,

273 1831 306 1864 5.
325 1818 595 1877 ’ὕφορώμενοιῙ
621 1831 796 1875 οἰόμενοι
821 1832 869 1870 Α,
899 1832 1029 1864 omisso
1066 1830 1123 1869 ὥς.
1254 1842 1284 1876 7.
1309 1826 1450 1865 ἔδοσάν
1482 1840 1522 1864 τε
1550 1833 1616 1865 καὶ

270 1877 401 1919 ἔλαβον
424 1879 488 1909 καὶ
514 1876 582 1919 τὴν
609 1877 669 1920 du.
695 1876 902 1920 ἐκράτυνον
928 1879 967 1911 A.
1114 1879 1162 1912 13.
1187 1876 1345 1924 ἐκριζοῖ]
1380 1877 1532 1922 ἀναιρεῖ
1551 1880 1616 1912 καὶ

272 1924 322 1960 ὥς
346 1917 419 1967 θὴρ
443 1924 482 1956 Α.
606 1926 655 1958 16.
684 1922 897 1970 ἑκκαίδεκα]
929 1923 1064 1959 ἕνδεκα
1088 1924 1125 1956 Β.
1246 1935 1293 1970 ¹9-
1319 1925 1614 1971 συναπτόμεναι]

273 1969 570 2016 συνταττόμενοι
585 1972 622 2003 Δ.

181 2071 340 2104 humeris
364 2070 592 2104 sustinebant
614 2072 652 2104 in
677 2072 759 2104 illos
787 2071 996 2112 vibrarunt3
1025 2076 1061 2104 et
1074 2072 1229 2116 populus
1248 2071 1470 2115 clamydibus
1495 2082 1619 2105 eorum

180 2117 414 2162 apprehensis
441 2118 536 2150 viros
561 2129 624 2162 per
650 2118 905 2151 contumeliam
930 2118 1000 2150 huc
1033 2124 1070 2151 et
1103 2119 1190 2151 illuc
1222 2118 1355 2158 traxit,
1394 2124 1435 2151 ut
1466 2123 1619 2152 mortem

180 2175 284 2208 aegre
313 2166 517 2207 effugerent.
546 2163 602 2197 his
626 2165 779 2209 peractis
805 2165 1031 2198 Andronicus
1059 2176 1224 2209 proceres
1262 2165 1416 2205 invasit3
1450 2165 1513 2209 qui
1538 2177 1618 2202 cum

180 2222 224 2245 ea
250 2211 409 2246 facinora
434 2210 582 2243 serenda
606 2222 680 2244 non
708 2211 890 2251 ducerent,
916 2217 953 2244 et
977 2211 1184 2260 Cyclopiam
1212 2222 1359 2244 coenam
1385 2217 1469 2243 ante
1494 2212 1618 2246 oculos

180 2257 380 2297 haberent,
415 2256 522 2292 fidem
552 2258 646 2290 inter
670 2269 747 2290 sese
772 2257 950 2291 dederunt
976 2263 1013 2290 et
1046 2263 1283 2302 acceperunt,
1319 2263 1356 2291 et
1388 2258 1617 2295 concordiam

182 2304 403 2341 sanctissimo
433 2303 662 2340 iureiurando
690 2305 935 2344 firmaverunt,
959 2305 1055 2349 pacti
1084 2316 1121 2337 se
1146 2315 1213 2337 nec
1237 2304 1349 2337 oculis
1374 2316 1538 2337 somnum
1562 2307 1617 2338 vi-

182 2361 282 2385 suros
305 2361 372 2383 nec
399 2350 577 2394 capitibus
603 2352 763 2395 quietem
792 2350 961 2390 daturos,
1000 2351 1038 2383 ni
1066 2352 1163 2395 prius
1186 2351 1452 2391 Andronicum,
1478 2352 1508 2383 si
1538 2352 1616 2393 fieri

181 2401 314 2440 posset,
342 2397 580 2437 sustulissent,
606 2403 647 2430 ut
660 2403 787 2442 suopte
802 2398 924 2442 potius
948 2408 1054 2442 quam
1078 2397 1235 2430 conchae
1255 2398 1426 2441 sanguine
1450 2398 1537 2443 (qua
1554 2410 1616 2431 ve-

183 2448 274 2477 stem
296 2454 395 2475 suani
420 2444 556 2486 tingere
582 2444 741 2487 cupiens,
767 2455 907 2476 omnem
931 2444 1199 2488 imperatoriam
1225 2445 1372 2488 stirpem
1398 2444 1554 2481 evellere
1579 2450 1617 2477 et

182 2493 355 2533 tanquam
378 2490 542 2527 immanis
568 2490 692 2524 bellua
711 2490 881 2523 devorare
898 2492 1101 2536 conaretur)
1126 2496 1410 2535 purpurasceret.
1437 2491 1615 2526 coniurati

183 2540 287 2567 erant
308 2534 531 2569 Andronicus
557 2537 683 2580 Angeli
709 2537 937 2569 Constantini
961 2537 1056 2569 filius
1072 2562 1080 2577 ‚
1112 2548 1258 2581 magnus
1294 2537 1366 2570 dux
1389 2537 1615 2570 Andronicus

183 2580 495 2624 Contosteplmnus
510 2609 519 2622 ,
546 2589 582 2615 et
606 2583 734 2616 horum
759 2583 826 2615 filii
851 2583 1027 2623 sedecim,
1059 2595 1181 2618 omncs
1203 2584 1271 2616 viri
1299 2584 1437 2616 robusti
1466 2588 1502 2615 et
1537 2583 1616 2615 bel-

184 2626 309 2667 licosi;
336 2627 533 2670 Logotheta
558 2630 684 2662 Dromi
711 2631 919 2664 Camaterus
946 2630 1110 2671 Basilius,
1135 2635 1172 2663 et
1195 2631 1259 2662 alii
1282 2631 1481 2675 complures
1500 2630 1616 2661 iuncti

184 2683 314 2716 genere
341 2673 391 2705 eis
409 2698 418 2713 ,
444 2675 509 2706 viri
534 2675 703 2709 illustres.
738 2677 802 2710 sed
828 2688 868 2710 ea
893 2677 1111 2722 conspiratio
1147 2677 1291 2721 prodita
1322 2687 1394 2709 non
1420 2675 1482 2707 diu
1507 2675 1615 2709 latuit

182 2718 448 2761 Andronicum3
482 2722 545 2765 qui
570 2722 706 2767 impetu
747 2723 840 2757 facto
876 2723 914 2758 in
939 2723 1183 2763 Andronicum
1210 2723 1336 2768 Angeli
1374 2722 1506 2761 filiuni,
1537 2728 1615 2756 tum

1503 2830 1511 2865 s,
