1878 3230
285 158 416 236 *650
715 176 944 218 NicETAE
986 177 1297 220 cuoNiA'rAE

303 277 351 330 ’τῇ
381 275 517 330 ἀρχῇ,
558 270 584 328 ἢ
612 273 668 321 ὥς
697 273 846 316 ἐνώτια
885 280 976 322 ταῖς
1002 277 1078 315 τοῦ
1110 278 1316 328 βασιλέως
1342 274 1557 330 ἑκατέραις
1586 280 1726 336 α’πῃώ-

264 347 425 393 (ἶρησεν
454 340 619 390 α’κοαΐς,
637 337 692 395 ,ἵν’
721 337 765 379 εἴ
787 353 885 379 ποτε
926 339 977 395 τῇ
1005 340 1196 397 ἐκκλησίᾳ
1223 337 1502 395 παραβάλλων
1531 343 1579 398 τῇ
1606 341 1727 384 συνό-

302 405 360 460 δῳ
386 401 645 456 συγγίνοιτο,
673 405 805 458 μηδὲν
834 401 896 457 εἴη
925 404 1189 459 ὃιαπραχθὲν
1218 400 1245 458 ἢ
1271 406 1345 446 καί
1371 406 1520 459 λεχθὲν
1552 405 1727 461 α’φώρα-

300 482 393 519 τον,
429 470 537 522 μηδὲ
563 465 675 525 λα’θῃ
701 484 762 518 τις
805 467 933 510 αὐτὸν
954 469 1014 517 εἷς
1041 469 1111 510 τὸν
1138 469 1293 511 ἐκείνου
1319 470 1460 523 χῶρον
1487 471 1727 526 παρεισιών.

171 528 351 573 v.261023
378 531 461 587 μὴν
505 532 611 575 α’λλὰ
647 534 722 575 καί
758 532 865 587 πρὸς
905 532 979 588 τήν
1010 534 1314 589 Θεσσαλονίκην
1353 533 1629 590 ἀφικόμενος,
1659 533 1778 579 καί5’

297 596 449 652 μικρόν
476 614 518 639 τι
547 597 692 653 φανείς
724 599 797 639 καί
822 595 918 640 ὅσον
946 599 1217 654 ἑνιὸρυθῆναι
1244 600 1303 655 τῷ
1329 599 1482 656 θρόνῳ,
1514 600 1557 649 ἐς
1582 598 1627 640 τὸ
1641 602 1730 641 Βυ-

298 661 460 713 ζάντιον
502 658 632 712 αὖθις
659 662 811 718 πτηνὸς
846 662 1063 716 ἀνέζευξε,
1091 662 1150 718 μὴ
1181 666 1440 718 περιβλέψας
1467 665 1526 714 εἷς
1552 663 1603 706 τοὶ
1638 664 1731 706 ὄπί-

300 744 362 769 σω
385 729 492 782 μηδὲ
518 727 621 777 στὰς
651 729 695 770 ἐν
736 727 848 785 πάσῃ
877 729 926 784 τῇ
951 726 1192 785 περιχώρῳ,
1221 728 1294 771 καί
1322 732 1410 771 κατ’
1438 725 1539 771 αὗτὸ
1570 730 1649 781 μὲν
1676 727 1728 784 δῆ

297 795 418 834 τοῦτο
457 790 691 847 ὑπερόπτης
729 795 809 834 τῶν
838 792 1033 835 ἁπάντων
1071 795 1284 847 γενόμενος
1295 826 1308 847 ,
1346 790 1412 836 ὅτι
1436 792 1486 837 τά
1513 792 1648 837 πάντα
1673 796 1730 852 τῷ

299 855 487 915 δακτύλῳ
515 859 668 911 μετῆγέ
695 872 740 900 τε
771 857 843 899 καί
878 855 1026 912 ἔφερε,
1053 856 1236 910 μάλιστα
1266 860 1305 900 δ’
1333 855 1395 901 ὅτι
1423 861 1500 901 τοῦ
1525 860 1729 912 βασιλέως
1746 871 1793 900 ιο

293 921 398 964 κατὰ
425 925 502 963 τοῦ
529 921 705 977 Χρύσου
759 917 887 971 αὖθις
928 921 1208 978 ἑξωρμηκὸτος
1235 922 1365 973 αὐτὸς
1393 925 1436 973 ἐς
1466 922 1545 967 ὅσα
1571 926 1628 981 τῷ
1646 927 1728 978 βα.-

295 991 409 1029 σιλεϊ
446 986 551 1042 πρὸς
578 990 732 1042 βουλῆς
769 986 822 1029 τὰ
853 987 957 1030 κατὰ
990 988 1060 1031 τὸν
1087 984 1326 1043 ἀποστάτην
1350 991 1493 1031 τοῦτον
1519 987 1729 1047 διῳκηκὼς

295 1052 408 1102 ἔδοξε
442 1058 650 1102 τακτικαῖς
698 1055 875 1104 ε’νδέξιος
918 1055 1129 1106 ἐπιβαλεῖν
1173 1050 1400 1097 ὑποθέσεσι
1440 1056 1512 1097 καὶ
1546 1055 1730 1108 ἀτεχνῶς

294 1118 507 1170 βασίλειον
543 1117 786 1173 ἱεράτευμα.
853 1114 952 1160 ὅθεν
981 1115 1077 1173 ὅπερ
1126 1119 1197 1160 ἐπὶ
1224 1121 1307 1161 τῶν
1333 1122 1577 1172 σωματικῶν
1604 1122 1729 1171 ἕξεων

253 1181 317 1228 Dr}
344 1182 467 1241 Κιῖίὀς
495 1199 599 1238 φησι
627 1183 809 1239 ποιητής,
838 1183 894 1232 αἶς
929 1185 988 1234 εἷς
1019 1183 1066 1225 τὸ
1091 1179 1215 1239 ἄκρον
1250 1186 1532 1240 προελθοῦσαι
1559 1186 1724 1240 φιλοῦσι
1745 1183 1792 1226 15

296 1248 401 1303 πρὸς
427 1246 472 1290 τὸ
500 1247 696 1296 κάταντες
717 1249 774 1297 ὥς
795 1247 1128 1304 φιλυπόστροφοι
1154 1252 1484 1305 μεταφέρεσθαι,
1515 1248 1572 1304 μη
1607 1249 1730 1305 ἀτρέ-

293 1330 379 1367 μας
407 1311 585 1367 ἔχουσαι
611 1314 751 1365 μένειν
789 1315 848 1370 τῷ
876 1318 1054 1367 συνεχεῖ
1077 1309 1147 1354 dea*
1170 1315 1240 1368 τῆς
1266 1313 1481 1369 κινήσεως,
1509 1315 1631 1356 τοῦτο
1658 1317 1732 1357 καί

295 1380 368 1420 ἐπὶ
395 1380 452 1434 τῷ
478 1374 812 1435 ῙΙἸεσοποταμίτῃ
841 1379 1135 1431 συμπέπτωκεν
1162 1375 1380 1434 ἄντικρυς·
1451 1380 1520 1421 αἐἰ
1543 1377 1624 1434 γάρ
1652 1382 1729 1421 τοῦ

296 1442 536 1497 προβαίνειν
569 1442 822 1496 πειρώμενος
859 1442 932 1485 καί
952 1445 1112 1498 μηδένα
1135 1444 1210 1486 τοῦ
1239 1445 1482 1499 δοξοθηρεΐν
1509 1442 1630 1493 εἰδώς
1657 1443 1727 1485 κό-

297 1524 392 1563 ρον,
421 1507 572 1549 ἔλαθεν
598 1507 654 1556 ὥς
685 1507 708 1548 ὅ
737 1507 918 1560 μυθικὸς
943 1507 1098 1562 κώνωψ
1131 1508 1156 1550 ὅ
1178 1510 1309 1551 λέοντι
1337 1507 1593 1562 συμπλακείς
1622 1509 1727 1564 α’ρα-
1739 1523 1791 1550 20

294 1575 397 1630 χνίῳ
425 1573 559 1629 λεπτῷ
579 1571 836 1629 συλληφθείς
865 1572 938 1614 καὶ
956 1575 1093 1615 πᾶσαν
1113 1571 1376 1622 ἐπαναλύσας
1401 1572 1525 1624 δόξαν
1554 1575 1608 1615 δι’
1635 1574 1727 1617 α’τι-

295 1641 418 1690 μίας,
450 1636 499 1693 ἢν
525 1639 812 1693 περισπερχῶς
851 1638 1061 1680 οἷνοόδευσε
1096 1637 1317 1694 πρότερον,
1348 1637 1454 1680 κατὰ
1485 1637 1528 1681 τὸ
1561 1637 1726 1695 ψαλτῴ-

298 1705 412 1758 ὄημα
441 1705 515 1744 τοῦ
543 1704 683 1757 Δαβίδ
707 1701 875 1757 »κύψας
901 1699 952 1759 ἦν
979 1703 1051 1746 καί
1076 1703 1213 1746 πεσών
1241 1705 1286 1746 ἐν
1315 1706 1373 1761 τῷ
1399 1706 1725 1759 κατακυριεῦσαι

395 1831 422 1854 1.
447 1819 595 1868 ἐνώτια]
631 1821 854 1866 σχολαρίκια
877 1821 914 1855 Β.
1049 1833 1101 1867 19.
1123 1819 1279 1868 μηδένα]
1307 1820 1495 1868 μηδεμίαν
1515 1822 1725 1867 χορτασίαν

389 1868 454 1900 ἐπὶ
479 1866 598 1901 τούτω
626 1867 723 1912 ἔχων
746 1869 784 1902 Β.·
925 1878 982 1902 21.
1003 1867 1232 1907 ἐξαναλύσας
1254 1869 1294 1901 A.
1439 1877 1495 1904 22.
1520 1866 1721 1915 α’νώδευσε]

389 1912 516 1952 καθώς
539 1921 635 1960 φησι
659 1915 723 1948 καὶ
750 1913 770 1949 o‘
794 1913 1041 1960 προφητάναξ
1059 1915 1096 1950 Β.

300 2021 466 2054 ctoritate
488 2026 689 2066 gereretur,
717 2021 843 2056 fratres
869 2033 951 2056 suos
977 2027 1147 2067 tanquam
1173 2022 1289 2055 clavos
1323 2024 1359 2054 et
1383 2023 1501 2053 vectes
1531 2019 1725 2061 inserebat,

300 2079 341 2099 ac
365 2068 484 2111 potius
520 2069 620 2102 velut
650 2069 792 2102 inaures
833 2069 877 2102 de
907 2074 1059 2114 utraque
1095 2067 1318 2113 imperatoris
1346 2066 1505 2099 auricula
1527 2066 1725 2110 suspende-

282 2113 385 2153 bat,
414 2119 453 2146 ut
476 2115 505 2147 si
539 2114 684 2158 quando
719 2115 968 2148 ecclesiasticis
1006 2114 1241 2148 conventibus
1275 2112 1644 2153 interessemmullum
1667 2111 1725 2144 di-

299 2165 394 2192 ctum
419 2166 482 2193 aut
514 2161 645 2193 factum
677 2162 874 2204 ignoraret,
909 2173 975 2194 nec
1004 2162 1192 2206 quisquam
1220 2172 1321 2194 suum
1347 2170 1384 2192 se
1412 2157 1638 2202 imprudente
1662 2169 1724 2190 oc-

299 2211 456 2249 cuparet.
503 2206 794 2240 Thessalonicam
821 2218 904 2240 vero
928 2208 1128 2252 profectus,
1152 2212 1190 2241 et
1210 2207 1270 2240 vix
1292 2205 1468 2248 tantisper
1491 2203 1542 2236 ibi
1567 2214 1723 2236 commo-

300 2257 397 2283 ratus
423 2251 506 2284 dum
532 2253 569 2285 in
594 2253 684 2285 solio
709 2253 963 2294 collocaretur,
1002 2265 1136 2286 summa
1160 2264 1239 2285 cum
1265 2251 1495 2285 festinatione
1516 2250 1723 2292 Byzantium

299 2297 420 2331 rediit.
443 2309 484 2330 ac
507 2309 547 2330 ea
570 2298 648 2343 ipsa
673 2298 717 2332 de
742 2311 847 2332 causa
871 2304 1095 2344 contemptor
1118 2299 1275 2332 omnium
1293 2297 1422 2338 evasit,
1448 2295 1546 2341 quod
1567 2307 1639 2328 uno
1666 2296 1723 2329 di-

299 2344 373 2388 gito
400 2344 546 2387 regebat
569 2346 705 2386 omnia,
733 2346 942 2390 praesertim
971 2357 1049 2378 cum
1076 2346 1291 2390 imperatore
1315 2354 1433 2375 rursus
1461 2346 1584 2374 contra
1611 2341 1723 2386 Chry-

299 2401 377 2423 sum
399 2390 582 2434 profecto,
616 2402 681 2423 suo
706 2391 858 2424 consilio
890 2391 1067 2424 industria
1091 2397 1128 2425 et
1151 2401 1257 2435 opera
1281 2388 1446 2421 omnibus
1469 2388 1574 2421 rebus
1597 2394 1721 2422 contra

298 2435 508 2469 seditiosum
533 2447 639 2480 quam
665 2437 800 2481 optime
825 2437 1094 2478 administratis,
1118 2437 1279 2480 maguam
1300 2435 1436 2479 ingenii
1459 2433 1602 2467 laudem
1626 2441 1721 2469 esset

298 2487 519 2515 consecutus.
542 2483 638 2515 unde
666 2482 964 2528 quemadmodum
984 2483 1218 2528 Hippocrates
1242 2482 1412 2526 optimam
1435 2481 1591 2525 corporis
1614 2480 1719 2514 habi-

297 2528 479 2569 tudinem,
504 2528 601 2573 quod
626 2528 687 2561 diu
714 2530 751 2562 in
786 2529 911 2562 eodem
935 2534 1028 2562 statu
1055 2539 1264 2573 permanere
1288 2539 1360 2561 non
1384 2528 1519 2573 possit,
1540 2527 1719 2572 periculo-

298 2586 372 2608 sam
396 2586 472 2608 esse
500 2574 663 2615 affirmat,
691 2575 742 2608 ita
769 2576 875 2608 etiam
907 2575 1229 2619 Mesopotamitano
1255 2574 1407 2615 accidit,
1432 2573 1495 2618 qui
1520 2572 1603 2606 dum
1627 2584 1720 2606 sem-

296 2632 362 2665 per
375 2632 530 2655 crescere
544 2621 674 2661 studet,
694 2620 778 2654 dum
800 2622 938 2654 nullum
954 2621 1124 2665 gloriolae
1147 2620 1291 2653 modum
1313 2620 1449 2660 statuit,
1468 2620 1580 2653 instar
1595 2620 1718 2652 culicis

298 2667 420 2708 illius,
445 2673 484 2700 ut
510 2667 632 2700 fabula
657 2672 797 2709 narrat,
831 2673 914 2712 post
945 2668 1086 2701 leonem
1122 2673 1386 2712 oppugnatum,
1416 2667 1542 2710 exiguo
1567 2675 1717 2699 araneae

294 2713 610 2759 :filo.hnplicatus,
635 2725 774 2748 omnem
799 2713 944 2758 gloriam
974 2714 1117 2758 amisit;
1140 2719 1176 2748 et
1203 2713 1287 2748 dum
1310 2714 1347 2749 in
1374 2723 1547 2760 pauperes
1572 2712 1719 2758 imperi-
