1878 3230
293 181 405 255 874
665 197 868 239 wotrn
911 195 1327 238 ANNoTArioNsss

400 300 451 341 P.
487 311 551 347 12,
585 311 619 337 ι.
685 295 730 336 αῖ
755 294 885 337 πύλαι
915 294 1070 350 τοίνυν]
1111 297 1300 336 videntur
1325 296 1391 337 hic
1420 298 1616 350 quaedam
1643 300 1717 340 de-

291 367 386 395 esse.
425 359 466 392 ct
503 353 678 391 Zonaras
724 353 766 392 in
804 351 933 391 Alexii
974 352 1170 391 Comneni
1218 351 1303 391 vita
1326 351 1484 395 ‚scribit
1518 353 1723 408 Barangos

290 407 450 446 nonnisi
488 405 748 446 iureiurando
784 407 937 446 firmata
979 406 1056 445 fide
1093 406 1143 445 de
1181 405 1311 445 Alexii
1347 406 1463 446 obitu
1502 407 1719 460 ingressum

289 461 425 514 palatii
455 461 706 500 concessisse.
742 475 845 514 quac
870 461 919 499 de
948 462 1102 500 ratione
1129 460 1369 514 aperiendae
1398 469 1540 514 portae
1566 463 1724 514 scribit,

289 529 352 553 me
382 529 463 554 non
493 515 588 555 setis
618 514 840 569 intelligere
864 516 1007 554 fateor.
1047 515 1146 555 illud
1177 518 1296 555 etiam
1324 516 1460 555 obiter
1487 517 1725 567 notandum,

288 578 335 609 ut
363 570 494 609 Latini
520 570 651 622 fores,
681 572 738 610 sic
764 573 938 610 Graecos
965 565 1101 616 πύλας
1128 568 1272 623 plurali
1291 583 1460 610 numero
1490 572 1572 610 fere
1601 585 1724 611 usur-

288 638 401 677 pare.

398 678 449 721 P.
489 693 549 728 η,
580 678 622 719 6.
649 673 896 732 δὶαρπάζειν
919 674 964 718 τὸ
993 673 1246 732 προστυχόν]
1273 693 1361 718 eam
1393 679 1721 719 consuetudinem

291 731 446 786 Romae
474 747 559 773 esse
586 735 720 774 serunt
751 733 935 787 pontifice
965 739 1145 772 mortuo.

395 787 447 830 P.
480 801 542 838 12,
562 789 620 828 13.
646 791 730 834 τοῖς
755 785 971 852 τέσσαρσι]
1001 801 1055 826 sc.
1083 786 1203 839 μησί.

397 842 451 882 Ρ.
489 844 550 893 13,
585 857 643 882 ιι.
699 841 1106 895 Σεβαστυκρατορος]
1148 841 1257 881 hunc
1286 841 1724 896 Augustimperatorcm

286 898 462 945 fortassis
481 896 614 937 dicere
637 897 784 937 liceret.
813 896 938 935 malui
955 903 1091 936 tamen
1111 897 1284 935 retinere
1302 898 1518 944 Graecum,
1547 905 1594 936 ut
1613 904 1653 937 et
1682 898 1725 936 iu

267 953 387 1004 nuliis.
415 948 790 1004 πρωτοβεστιάριος
825 965 847 990 a
877 951 1074 990 thesauris
1113 951 1234 990 luisse
1261 950 1454 990 videtur:
1483 965 1575 990 nam
1607 957 1724 991 vetu-

286 1014 370 1046 stus
399 1007 522 1046 codex
548 1007 804 1059 Augustanae
850 1005 1149 1056 bibliothecae,
1188 1005 1257 1043 ubi
1295 1005 1440 1058 reliqui
1467 1005 1619 1044 habent
1648 1007 1726 1056 βα·

285 1057 446 1100 σιλικὸν
471 1064 658 1112 ταμιεῖον
686 1054 713 1112 ἢ
740 1059 962 1112 χρυσῶνα,
1000 1061 1118 1112 ponit
1143 1056 1398 1110 βεστιάριον.
1452 1057 1724 1111 παρακοιμοό-

285 1128 410 1165 μενον
436 1115 502 1154 vel
534 1115 826 1154 cubicularium
857 1114 920 1153 vel
951 1114 1224 1153 accubitorem
1252 1121 1412 1153 vertere
1435 1114 1573 1166 possis.
1604 1114 1635 1153 si
1655 1128 1727 1166 pa-

286 1183 623 1210 racoemomenon
668 1170 802 1219 dicas,
847 1169 979 1209 nescio
1015 1169 1221 1222 quomodo
1257 1182 1372 1207 aures
1409 1167 1455 1207 τύ
1482 1164 1726 1221 κακόφωνοι·

287 1231 539 1263 aversantur.

397 1278 445 1318 P.
470 1277 531 1329 14,
555 1292 614 1321 ¹2.
643 1275 891 1331 προκοίτων]
909 1277 1202 1317 cubicularium
1223 1279 1341 1328 verti,
1359 1278 1533 1330 generali
1550 1276 1726 1316 vocabu-

285 1333 344 1382 lo,
364 1340 528 1385 propter
542 1332 807 1386 κακοφωνιάν
825 1333 1028 1371 Procoeti.
1057 1332 1251 1384 significat
1266 1346 1355 1371 eum
1376 1333 1447 1384 qui
1466 1331 1530 1370 vel
1551 1338 1647 1370 ante
1663 1345 1727 1369 cu—

283 1387 465 1427 biculum
484 1387 545 1426 vel
567 1395 661 1426 ante
673 1387 805 1427 cubile
821 1387 1036 1428 ministrat.
1065 1387 1274 1439 Byzantini
1292 1387 1435 1439 palatii
1454 1386 1671 1438 dignitates
1686 1391 1728 1424 et

285 1442 503 1481 ministeria
534 1443 668 1480 omnia
706 1456 788 1480 non
828 1442 924 1480 satis
965 1439 1152 1493 intelligi,
1182 1441 1301 1479 etiam
1331 1441 1365 1479 is
1395 1441 1545 1480 fatetur
1573 1441 1642 1492 qui
1672 1436 1725 1478 τὰ

286 1495 468 1549 ὀφφίκια
490 1496 565 1535 τοῦ
585 1496 789 1535 παλατίου
812 1495 1047 1548 descripsit3
1076 1509 1195 1547 quem
1214 1495 1391 1533 libellum
1423 1509 1505 1532 una
1529 1507 1620 1532 cum
1641 1493 1728 1532 aliis

286 1552 339 1590 ad
356 1554 555 1590 Graecam
573 1550 782 1590 historiam
803 1549 1102 1602 intelligendam
1124 1548 1289 1588 utilibus
1311 1549 1460 1588 nobilis
1480 1555 1521 1588 et
1541 1550 1725 1600 ingenio-

286 1620 354 1645 sus
391 1605 619 1645 adolescens
647 1603 828 1659 Raphael
854 1605 1045 1659 Saylerus
1072 1604 1313 1657 aliquando,
1345 1606 1404 1642 uti
1434 1617 1564 1657 spero,
1594 1605 1637 1642 in
1665 1602 1728 1641 lu-

288 1675 376 1700 cem
405 1660 531 1702 dabit.

399 1715 449 1756 P..
482 1713 547 1766 14,
582 1714 642 1755 15.
670 1711 915 1763 a‘nossm'vstv
940 1714 1017 1752 τοῦ
1044 1712 1195 1762 ἵππου,
1223 1708 1296 1751 καί
1320 1709 1456 1766 τούτῳ
1481 1709 1726 1764 ἀπονέμειν]

287 1769 397 1808 hunc
423 1769 617 1808 honorem
645 1769 831 1806 omuibus
859 1768 1005 1806 Turcis
1035 1783 1055 1806 a
1075 1766 1302 1806 Christiano
1331 1767 1516 1820 quolibet
1546 1780 1727 1805 necessa-

290 1825 350 1864 rio
380 1824 610 1863 habendum
639 1837 719 1862 esse
748 1823 888 1862 scribit
916 1822 1244 1861 Bartholomaeus
1277 1821 1592 1875 Georgievicius.

402 1879 451 1918 P.
489 1879 549 1924 ¹5,
580 1878 619 1920 8.
685 1876 758 1928 τῆς
803 1877 886 1915 τῶν
918 1874 1156 1927 ἐπιστημῶν
1199 1876 1343 1914 πασῶν
1371 1871 1528 1926 ἐπόχου
1558 1876 1729 1927 φιλοσο-

292 1929 409 1986 φίας]
432 1934 712 1988 philosophiae
742 1932 920 1970 omnibus
965 1931 1135 1969 scientiis.-
1155 1931 1373 1980 insidends,
1402 1930 1442 1968 id
1469 1937 1527 1968 est
1550 1929 1729 1981 comple-v

290 1990 430 2027 ctentis
457 1995 526 2026 aut
554 1994 662 2026 certe
700 1987 925 2039 superantis
961 1999 1099 2024 omnes
1130 1986 1341 2031 scientias,
1372 1986 1551 2023 omnium
1582 1984 1727 2022 artium

291 2043 485 2094 principis
516 2048 555 2081 et
597 2043 770 2092 reginae.
803 2040 1040 2079 eruditionis
1072 2039 1189 2078 huius
1234 2042 1373 2078 Annae
1399 2039 1582 2078 meminit
1609 2039 1727 2076 etiam

291 2098 496 2146 Zonara53
516 2103 554 2136 et
569 2096 813 2137 wilhelmus
827 2095 1048 2148 Xylander,
1074 2093 1320 2133 doctissimus
1339 2094 1510 2144 iuvenis,
1536 2093 1577 2131 in
1590 2092 1728 2144 Augu·

290 2158 430 2190 stanae
457 2151 513 2189 rei
545 2151 734 2201 publicae
763 2153 918 2189 Graeca
938 2147 1184 2187 bibliotheca
1213 2150 1353 2202 viginti
1383 2147 1504 2186 libros
1534 2147 1584 2185 de
1603 2147 1725 2185 rebus

291 2206 409 2258 gestis
437 2205 563 2244 Alexii
593 2205 786 2243 Comneni
816 2204 933 2242 huius
964 2206 1103 2242 Annae
1133 2205 1293 2241 nomine
1322 2209 1452 2241 extare
1480 2201 1577 2239 mihi
1604 2200 1727 2249 dixit,

292 2256 377 2299 sive
408 2259 463 2299 illi
494 2259 546 2298 ab
579 2260 664 2311 ipsa
715 2260 797 2297 sive
825 2260 934 2297 iussu
965 2259 1050 2296 eius
1078 2258 1219 2310 scripti
1245 2264 1348 2298 sunt.
1377 2270 1470 2294 nam
1498 2254 1657 2307 regibus
1681 2259 1722 2292 et

293 2314 537 2367 principibus
568 2327 646 2351 non
676 2311 834 2351 difficile
869 2319 926 2350 est
959 2326 1040 2350 esse
1068 2312 1251 2359 disertis,
1286 2312 1355 2363 qui
1382 2309 1491 2361 quod
1521 2323 1592 2361 per
1624 2309 1725 2347 alios

294 2369 487 2419 fecerint,
514 2381 588 2420 per
613 2381 654 2406 se
683 2367 818 2406 fecisse
849 2366 1063 2415 videntur,
1094 2373 1140 2404 ut
1167 2365 1442 2404 Iurisconsulti
1470 2369 1670 2402 statuunt.

403 2423 453 2462 P.
491 2421 553 2473 15,
582 2436 621 2475 9.
675 2420 882 2460 ἐδείκνυτο
914 2417 1100 2471 μέλημα]
1137 2421 1162 2458 i.
1183 2433 1216 2458 e.
1237 2417 1492 2467 ἐπεμελεῖτο,
1522 2417 1729 2456 studiosis-

168 2480 285 2526 1³.420
296 2479 395 2518 sima
427 2483 514 2516 erat
531 2506 542 2525 ‚
571 2475 748 2515 studium
774 2487 872 2527 prae
901 2488 943 2511 se
969 2473 1132 2511 ferebat.
1162 2474 1236 2511 nisi
1265 2474 1355 2525 quis
1383 2473 1536 2521 passive
1565 2472 1722 2523 accipe-

299 2547 344 2572 re
371 2531 514 2582 malit,
542 2532 707 2569 alumna
749 2537 838 2568 erac
858 2528 1158 2581 philosophiae,
1190 2540 1304 2565 sensu
1335 2525 1475 2564 eodem
1502 2525 1720 2565 recidente.

407 2586 458 2627 P.
491 2586 554 2636 15,
581 2599 646 2624 20.
690 2580 741 2622 τὰ
780 2578 909 2622 πολλοὶ
964 2583 1194 2636 plerumque
1244 2581 1447 2634 significat.
1489 2579 1627 2619 malim
1660 2579 1728 2618 hic

299 2637 430 2681 πολλὰ
460 2641 545 2679 sinc
570 2638 758 2678 articulo.

407 2694 457 2734 Ρ.
493 2694 556 2744 15,
589 2708 656 2735 21.
712 2691 816 2745 αὐτῇ
840 2690 915 2741 μὲν
943 2688 1127 2739 ἑνδιασχ.
1186 2689 1296 2742 quod
1319 2688 1395 2727 sibi
1420 2687 1635 2727 membrum
1658 2686 1723 2723 in-

298 2751 533 2790 trovertisset
570 2758 606 2787 ct
638 2756 898 2793 excavasset‚
945 2744 1145 2795 Btyemu'o
1185 2756 1279 2783 vero
1312 2742 1553 2783 extendisset
1595 2749 1633 2779 ec
1659 2751 1729 2778 ro-
