1878 3230
230 157 343 212 656
653 170 880 213 NlcETAE
920 166 1230 210 cnomATAss

230 291 308 328 κει,
336 275 407 315 καί
434 274 473 313 εἰ
497 275 593 318 παῖς
622 266 646 324 ἢ
677 269 903 322 θυγάτριον
929 265 958 322 ἢ
986 261 1138 319 ἄλοχος
1167 264 1248 305 ὑπό
1279 278 1352 306 του
1385 267 1467 307 τῶν
1483 267 1663 322 Περσῶν

231 341 554 391 ἀποκέκρυπται.
632 335 705 375 καί
755 332 953 387 τοιαύτην
993 331 1151 382 ἔκταξιν
1187 329 1482 384 ποιησάμενος,
1533 329 1664 372 πάντα

231 401 649 453 ἇποδοὺςῬωμαιόις
675 399 748 441 καί
771 396 879 440 κατά
898 400 1012 454 φῦλα
1029 399 1103 438 καί
1117 397 1354 450 συγγενείας
1381 393 1536 444 πάντας
1564 391 1668 439 (ἶπο-

231 470 431 522 μερίσας,
471 467 544 519 τῆς
581 464 653 506 έπί
689 462 740 505 τά
769 464 914 518 πρόσω
943 461 1091 516 εἴχετο.
1149 459 1532 515 οὐγκεκεφαλαίωω
1565 461 1612 502 δὲ
1641 458 1669 515 ἧ

193 536 310 581 Βτῶν
338 531 758 586 ἀνδραποδισθέντων
780 528 947 584 πληθὺς
963 529 1022 576 εἷς
1054 529 1172 569 πέντε
1200 526 1397 580 χιλιάδας
1423 521 1715 579 άνθροόπων.5’

230 602 276 640 έν
306 599 353 639 δὲ
379 599 429 652 τῇ
456 592 657 651 ἀπαγωγῇ
683 592 816 651 ταύτῃ
848 595 1024 648 ἐμέλησε
1053 594 1109 650 τῷ
1134 589 1332 648 βαρβάρῳ
1359 589 1431 632 καὶ
1454 587 1564 639 ὅπως
1591 592 1673 632 τῶν

233 661 430 717 ζωαρκῶν
468 658 526 715 μή
573 659 852 711 σπανιζωνται
894 657 932 699 οἱ
971 654 1224 711 αἰχμάλωτοι
1237 688 1250 709 ,
1291 655 1364 697 καί
1388 661 1501 698 σῖτον
1530 655 1672 706 αὐτοῖς

232 724 406 774 διαδούς
437 725 535 767 οὐδὲ
563 725 608 767 τὸ
638 726 710 779 τῆς
734 720 848 779 ὧρας
877 725 1016 777 ψῦχος
1039 724 1223 777 παρῆκεν
1250 719 1495 776 α’νὴκεστον·
1553 723 1672 762 πέλε-

232 809 308 834 κυν
332 791 412 846 γάρ
451 791 658 845 έγχείριον
689 787 799 843 ἔχων
835 788 908 831 καί
935 788 1176 843 αὖτουργῶν
1203 789 1246 836 ἐς
1275 788 1481 841 σχι’δακας
1507 785 1686 844 διῄρει,·

232 858 361 911 τυχὸν
395 853 530 908 οὕτω,
571 855 710 912 χρόνῳ
749 855 987 910 οἷνατραπὲν
1013 851 1286 908 γεράνδρυον.
1345 851 1451 893 ἀλλὰ
1483 853 1557 893 καί
1587 857 1743 900 τοῖ’ςισ

230 923 521 978 συνδραμοῦσι
567 918 675 976 πρὸς
697 919 772 976 τὴν
809 921 914 962 θέαν
942 919 1138 974 Πέρσαις
1165 915 1317 971 ὁμοίως
1350 918 1454 972 δρᾶν
1480 915 1674 958 ὑπετίθε-

233 1003 303 1039 το,
332 985 608 1042 προσεπάγων
638 982 729 1039 ἅμα
764 985 837 1027 καὶ
867 981 1114 1038 ὖποβάλλων
1138 982 1184 1026 τὸ
1217 985 1290 1037 τῆς
1316 984 1515 1038 ἐργασίας
1545 980 1676 1024 αἴτιον

234 1053 305 1095 καί
349 1051 393 1094 τὸ
435 1051 540 1108 πρὸς
578 1052 626 1092 τί
649 1045 882 1105 εὔχρηστον
910 1050 1054 1098 αὐτοῖς
1094 1050 1319 1102 ἐπιλέγων·
1376 1049 1570 1103 Πέρσαις
1600 1048 1678 1100 μὲν

234 1119 316 1173 γάρ
355 1119 508 1169 ἐξεῖναι
536 1114 607 1158 διά
651 1115 809 1165 παντὸς
837 1117 992 1167 ἐξιέναι
1020 1117 1092 1169 τῆς
1119 1113 1388 1169 παρεμβολῆς
1415 1114 1488 1154 καί
1509 1110 1678 1162 ξυλεύε..

234 1188 360 1236 σθαι,
390 1181 454 1224 ὅτι
476 1184 574 1237 μηδ’
600 1180 719 1224 ἔσται
747 1197 807 1230 τις
836 1183 982 1229 αυ’τοῐ’ς
1007 1181 1336 1235 προσιστάμενος
1347 1197 1369 1231 ,·
1385 1176 1605 1231 Ῥωμαίοις
1633 1179 1679 1219 δὲ
1696 1178 1743 1219 15

236 1251 288 1290 ου’
287 1251 357 1303 χι’,
401 1249 726 1303 φυλαττομένοις
766 1246 812 1287 τὸ
841 1246 899 1300 μὴ
936 1247 1070 1286 δοκεῖν
1102 1241 1430 1299 ἀποδιδράσκειν
1454 1243 1528 1284 καί
1554 1242 1605 1285 τά
1634 1246 1679 1285 ὲκ

235 1315 358 1355 τοῦδε
395 1313 685 1368 ὑφορωμένοις
722 1310 780 1359 αἷς
822 1308 1007 1366 φυγάσιν
1043 1309 1333 1361 έπικεισόμενα
1380 1308 1531 1361 δεσμά.
1590 1309 1701 1350 ἐπεὶ4

195 1380 284 1421 cd&
314 1377 360 1420 τὸ
395 1375 638 1430 Φιλομίλιον
665 1377 919 1429 κατέλαβεν,
966 1372 1181 1417 ἐπαύλεων
1206 1389 1251 1415 τε
1278 1374 1483 1427 μετέδωκε
1511 1375 1582 1415 καί
1607 1375 1682 1427 γῆς

237 1445 488 1498 ἑπεμέτρησε
532 1444 658 1496 μέρος
696 1440 802 1496 πρὸς
843 1442 1041 1495 ἐργασίαν
1083 1441 1269 1494 α’γαθῆς,
1314 1436 1430 1481 σῖτόν
1466 1454 1509 1481 τε
1552 1433 1680 1487 αὖθις

237 1509 411 1550 διέδωκε
439 1508 511 1547 καί
536 1503 617 1548 ὅσα
646 1507 728 1548 τῶν
753 1505 922 1561 ἡμέρων
949 1505 1120 1559 καρπῶν
1147 1501 1348 1558 σπόριμα.
1404 1503 1475 1545 ναὶ
1498 1503 1581 1559 μὴν
1613 1505 1677 1545 έλ-
1692 1519 1745 1544 20

238 1574 372 1614 πίδων
410 1573 603 1626 χρηστῶν
645 1572 843 1625 ἐνέπλησε
855 1603 868 1623 ,
913 1572 1028 1618 τέλος
1066 1567 1191 1610 εἰπών
1217 1567 1273 1617 ὥς
1302 1568 1432 1610 αὐτοῦ’
1460 1569 1532 1610 καί
1560 1571 1681 1623 βασι·-

238 1640 343 1686 λέως
373 1631 500 1684 αὖθις
524 1637 814 1691 φιλιωθέντων
837 1637 910 1677 καί
927 1633 1030 1690 πρὸς
1054 1632 1131 1684 τὰς
1157 1635 1355 1690 πρότερον
1382 1633 1565 1682 σπονδὰς
1584 1629 1682 1675 dm·-

241 1702 391 1744 δόντων
418 1705 568 1757 προῖκα
593 1701 665 1742 καί
683 1699 806 1742 αὐτοὶ
830 1699 906 1755 τήν
937 1698 1075 1741 οἴκαδε
1102 1697 1301 1742 ἐπάνοδον
1327 1700 1508 1748 ἕξουσιν·
1539 1699 1541 1701 ’
1566 1701 1605 1740 εἰ
1636 1700 1683 1740 δέ

243 1782 284 1808 τι
311 1766 456 1822 ἕτερον
482 1765 866 1819 μεταβουλεύσεται
908 1763 1107 1819 βασιλεύς
1122 1797 1135 1818 ,
1160 1766 1231 1807 ἐπὶ
1254 1766 1373 1807 πέντε
1404 1760 1513 1814 ὅλοις
1543 1766 1685 1806 §nav-

334 1879 369 1912 8.
395 1875 497 1923 οὐδὲ]
538 1877 603 1910 καὶ
638 1875 721 1910 ἐπεὶ
763 1877 829 1910 καὶ
877 1876 1002 1921 ψῦχος
1038 1871 1102 1918 ἦν,
1140 1875 1276 1910 δέδωκε
1310 1877 1374 1910 καὶ
1406 1874 1584 1921 α’ξινιίρια
1619 1877 1685 1908 καὶ

338 1923 542 1968 τζυκοῠρια
568 1920 642 1957 αἰνὰ
665 1927 796 1967 χεῖρας
820 1920 914 1956 ὥστε
940 1922 1097 1957 κόπτειν
1113 1922 1204 1961 ξύλα
1233 1923 1298 1955 καὶ
1322 1924 1443 1959 ἱστίας
1464 1921 1600 1958 ἅπτειν
1621 1924 1684 1955 καὶ

338 1971 644 2016 θερμαίνεσθαι,
670 1965 759 2006 τούς
785 1969 968 2015 τούρκους
1003 1967 1043 2003 δὲ
1066 1968 1201 2003 ἐκώλυε
1224 1968 1335 2003 τοῦτο
1359 1974 1487 2004 ποιεῖν
1509 1970 1547 2004 Β.

247 2071 438 2110 amisisset,
465 2075 501 2103 et
524 2081 569 2102 an
583 2069 680 2102 filius
706 2075 768 2103 aut
783 2070 856 2103 fllia
872 2076 935 2103 aut
960 2081 1049 2103 uxor
1073 2070 1226 2103 alicuius
1251 2081 1268 2103 a
1284 2070 1386 2103 Persa
1411 2070 1534 2114 aliquo
1565 2070 1686 2102 occul-

248 2123 325 2150 tata
354 2122 459 2156 esset,
484 2117 746 2160 pei-vestigavit.
771 2116 839 2149 hac
863 2117 1101 2161 inquisitione
1129 2118 1222 2149 facta
1247 2117 1412 2149 Romanis
1434 2117 1552 2148 omnia
1580 2117 1685 2148 resti-

249 2164 343 2205 tuit3
373 2167 408 2194 et
436 2163 603 2195 omnibus
631 2162 780 2206 captivis
805 2163 844 2195 in
869 2164 986 2195 tribus
1013 2169 1049 2196 et
1072 2163 1226 2195 familias
1251 2162 1465 2202 distributis,
1490 2163 1552 2206 qui
1576 2163 1684 2206 quin-

244 2220 321 2253 que
347 2208 503 2240 millium
525 2218 713 2240 numerum
739 2208 955 2252 explebant,
979 2210 1148 2253 perrexit.
1176 2210 1215 2241 in
1241 2219 1283 2241 ea
1307 2209 1523 2240 abductione
1550 2207 1682 2240 barba-
1714 2245 1716 2247 ³

247 2267 288 2288 το
313 2254 406 2287 illud
426 2264 571 2298 quoque
596 2265 701 2286 curae
727 2253 817 2294 fuit,
843 2265 888 2286 ne
911 2255 1060 2299 captivis
1098 2256 1214 2289 victus
1239 2254 1397 2295 deesset3
1424 2260 1461 2286 et
1488 2254 1683 2287 distributo

247 2303 344 2334 inter
368 2311 428 2332 eos
466 2300 666 2340 frumento,
704 2310 751 2332 ne
777 2301 889 2344 frigus
915 2301 1062 2344 quidem
1085 2301 1267 2345 neglexit,
1291 2299 1354 2333 sed
1379 2305 1542 2344 correpta
1566 2301 1682 2332 securi

247 2348 326 2392 ipse
359 2346 552 2390 collapsam
587 2346 750 2378 arborem
788 2346 971 2379 dissecuit.
1006 2353 1042 2380 et
1065 2347 1103 2380 id
1126 2347 1366 2392 spectaculum
1390 2347 1510 2378 Persas
1535 2357 1685 2379 concur-

249 2398 370 2426 rentes
395 2392 536 2424 monuit
562 2397 603 2424 ut
628 2391 724 2424 idem
748 2397 786 2425 et
826 2393 896 2436 ipsi
920 2392 1099 2434 facerent,
1126 2393 1266 2426 adiecta
1291 2392 1427 2425 laboris
1451 2392 1527 2425 eius
1552 2403 1658 2425 causa
1673 2417 1684 2433 ,

248 2446 285 2472 et
310 2450 417 2484 quem
461 2437 546 2471 inde
587 2438 742 2470 fructum
779 2439 983 2482 percepturi
1020 2444 1150 2471 essent.
1173 2450 1213 2471 ae
1240 2439 1352 2471 Persis
1372 2444 1546 2483 perpetuo
1574 2439 1686 2471 licere

247 2486 422 2529 lignatum
465 2489 564 2517 extra
598 2489 713 2517 castra
748 2484 821 2523 ire,
855 2484 954 2529 quod
994 2495 1015 2516 a
1039 2485 1185 2518 nemine
1210 2484 1491 2528 impedirentur:
1517 2485 1685 2518 Romanis

246 2543 330 2564 vero
357 2542 430 2563 non
470 2531 579 2570 item,
619 2530 828 2564 caventibus
860 2541 906 2563 ne
943 2530 1068 2574 fugere
1104 2531 1173 2563 visi
1197 2530 1430 2575 compedibus
1454 2531 1684 2565 vincirentur.

246 2583 438 2622 postquam
458 2587 540 2609 vero
557 2575 798 2609 Philomilium
825 2581 880 2608 est
902 2581 1125 2620 perventum,
1151 2581 1188 2609 et
1215 2576 1397 2609 domicilia
1423 2582 1460 2610 et
1486 2588 1586 2621 agros
1614 2577 1686 2610 fer-

246 2625 330 2656 tiles
358 2624 409 2656 eis
433 2623 645 2667 assignavit,
683 2627 720 2656 et
745 2633 863 2655 rursus
890 2622 1107 2655 frumentum
1133 2628 1346 2668 caeteraque
1379 2624 1480 2656 mitia
1505 2623 1684 2667 legumina

247 2669 450 2712 ‹listribuit3
474 2675 511 2702 et
535 2679 596 2713 spe
610 2668 705 2702 bona
730 2668 888 2713 impletis
908 2668 1066 2713 denique
1095 2668 1187 2702 dixit
1216 2670 1446 2703 reconciliata
1469 2670 1564 2702 inter
1589 2680 1628 2702 se
1648 2674 1686 2702 et

247 2717 497 2761 imperatorem
535 2715 646 2760 gratia
682 2720 718 2748 et
742 2714 887 2748 foedere
926 2720 1099 2749 renovato
1125 2727 1161 2749 se
1188 2727 1247 2748 eos
1275 2717 1431 2760 gratuito
1456 2716 1684 2749 remissuram
