1838 3210
297 188 315 224 ι
327 169 398 225 88
702 188 929 229 mcETAE
973 188 1280 230 cnomATAE

288 286 361 328 καὶ
387 284 628 341 δραστήριοι
657 284 713 334 ὥς
740 291 871 328 ποιεῖν
898 286 970 329 τὸν
998 290 1247 342 κεχρημένον
1278 287 1499 341 πετόμενον
1516 289 1586 332 καὶ
1614 291 1712 344 μηδ’

251 349 391 400 οὸλως
415 352 623 402 θεώμενον
650 353 750 391 καθ’
776 345 831 393 ὧν
864 347 915 393 ἂν
943 347 1210 394 ἑπεισπέσθαι
1240 352 1680 409 ξιφηφόροςβούλοιτο
1698 388 1711 407 ,

289 416 360 458 καί
382 417 484 470 ἕτερ’
518 411 620 456 ἄττα
644 413 869 470 βωμόλοχα
894 418 967 458 καί
993 413 1133 467 ἇκοαΐς
1161 416 1449 472 ὑγιαινούσαις
1481 420 1553 459 οὐκ
1581 419 1710 460 εὔπα-

290 481 464 536 ράδεκτα
483 512 495 532 ,
538 480 661 522 ὄποΐα
705 480 835 522 πάλαι
870 483 945 523 τοῦ
970 484 1171 537 Περσέως
1208 484 1514 536 λογοποιοῦντες
1541 484 1711 538 κατηγό-

289 542 630 599 ρευονἛλληνες.
685 541 737 600 ἦν
778 547 851 599 δέ,
879 546 934 595 ὥς
957 543 1100 603 ᾔδετο,
1128 549 1208 588 τῶν
1236 547 1506 602 συκοφαντῶν
1531 549 1607 588 τοῦ
1638 547 1747 592 οἶν-’5

290 606 391 664 δρός
418 609 442 650 ὅ
470 609 785 666 προχειρότατος
822 613 982 664 Ἀαρών
1008 628 1070 662 τις
1100 610 1321 666 Ἰσαάκιος,
1346 610 1608 668 Κορινθόθεν
1633 613 1712 665 μὲν

291 673 547 730 ὁρμώμενος,
572 674 647 730 τήν
675 677 722 717 δὲ
750 676 959 718 Λατινίδα
987 680 1170 731 γλῶτταν
1202 673 1339 732 ἄκρως
1368 676 1596 732 ἑξησκηκώς
1623 677 1713 733 ἧνί-

289 755 341 780 κα
368 737 619 795 συναπήχθη
646 746 731 790 τοῖς
759 741 1012 795 πατριώταις
1041 743 1099 791 εἰς
1124 745 1315 784 Σικελίαν
1342 740 1616 796 αἰχμάλωτος,
1644 740 1718 783 καὶ

291 808 379 852 τοῖς
406 806 452 845 ἐκ
479 806 553 859 τῆς
571 807 790 847 διαλέκτου
818 805 973 861 ταύτης
990 809 1050 863 τῷ
1073 810 1242 859 βασιλεῖ
1260 808 1580 860 ἐντυγχάνουσιν
1607 805 1713 846 ’ὑπο-

290 867 437 922 βολεῦς
475 872 697 923 τηνικαῦτα
734 870 957 924 γενόμενος.
1029 870 1052 924 ἦ
1085 873 1130 911 δὲ
1157 872 1234 911 τοῦ
1261 870 1445 920 Ἀλεξίου
1479 871 1604 926 γυνή,
1634 874 1781 914 θυ-ιο.

289 931 420 989 γυίτηρ
460 930 566 976 οὖσα
609 936 687 975 τοῦ
717 934 1104 989 πορφυρογεννήτου
1149 937 1330 986 Ἀλεξίου
1376 934 1420 984 ὃς
1446 934 1714 989 ε’πρωτοτόκει

249 1002 372 1041 Βτῶν
400 1002 478 1040 τοῦ
490 997 698 1054 Μανουὴλ
725 1000 930 1055 ιίδελφῶν,
960 1000 1236 1055 ἐφιλοτιμεῖτο
1266 1003 1342 1052 μὲν
1367 998 1518 1055 ἑαυτήν
1547 1002 1718 1054 «incise»,

294 1065 543 1120 φιλανδρίαν
587 1066 660 1105 καί
697 1062 970 1120 σωφροσύνην
1007 1067 1051 1107 ἐν
1079 1071 1168 1114 ταῖς
1194 1066 1373 1118 μάλιστα
1404 1069 1484 1107 τῶν
1510 1068 1717 1119 γυναικῶν

293 1125 540 1183 ἀγαπήσασα
567 1131 642 1170 καί
665 1128 896 1184 τιμήσασα,
924 1128 998 1171 καί
1023 1131 1107 1172 τῶν
1133 1133 1178 1172 ἐκ
1204 1134 1276 1172 τοῦ
1308 1133 1450 1185 γένους
1476 1132 1718 1186 θηλυτέρων

294 1197 548 1236 καλλιστεῖον
593 1189 699 1236 οὖσα
724 1196 797 1236 καί
832 1194 1023 1249 λαμπρὸν
1061 1195 1323 1251 ε’πικόσμημα
1360 1198 1431 1237 καί
1457 1195 1717 1251 περιλάλημα
1735 1202 1782 1244 ¹5

293 1264 377 1307 τοῖς
405 1261 531 1301 πᾶσιν
557 1258 786 1313 ἐράσμιον·
842 1263 917 1302 τοῦ
943 1258 1126 1302 τοιούτου
1157 1261 1193 1301 δ’
1223 1259 1516 1315 ἐγχειρήματος
1551 1263 1720 1316 ἐκκρου-

297 1327 444 1366 σθεῐσα
488 1327 671 1366 πεσοῦσα
711 1327 1013 1380 προσεκνυζᾶτο
1055 1331 1141 1374 τοῖς
1177 1328 1252 1368 τοῦ
1277 1329 1395 1367 θείου
1425 1325 1496 1367 καί
1518 1328 1723 1379 βασιλέως

299 1392 408 1443 ποσί,
438 1389 509 1432 καί
534 1391 663 1431 ἐδεῖτο
682 1393 909 1446 κοπτομένη
926 1388 1175 1447 θερμότερον
1194 1392 1324 1446 φήνης
1351 1391 1422 1431 καί
1439 1389 1721 1444 ἐλεεινότερον,

299 1455 534 1510 δρακόντων
561 1453 880 1512 ὀδυνηρότερον,
909 1453 1105 1505 α’λκυόνος
1132 1458 1518 1510 πολυπενθέστερον,
1539 1454 1720 1509 χαρίσα·

297 1523 402 1563 σθαι
431 1520 503 1563 τὸν
532 1515 665 1575 ἄνδρα
697 1523 832 1578 αὐτῇ,
861 1523 1150 1576 μαρτυρομένη
1170 1518 1281 1573 θεόν,
1310 1522 1381 1562 καί
1408 1519 1602 1562 εἴτίπου
1621 1535 1720 1575 ‹ppt—
1732 1538 1786 1564 20

299 1587 426 1636 κῶδες
445 1590 532 1635 τοῖς
555 1587 773 1640 εὐσεβοῦσι
799 1589 969 1641 πρᾶγμα
985 1586 1055 1628 καί
1082 1582 1212 1639 ὄνομα
1232 1585 1578 1641 α’παραλόγιστον,
1612 1583 1720 1627 εἶναι

300 1654 374 1706 τῆς
399 1653 554 1694 ἐκείνου
581 1654 794 1705 βασιλείας
818 1653 1056 1707 θεράποντα
1089 1653 1161 1692 καί
1178 1652 1467 1693 α’καταιτιάτον
1492 1651 1623 1707 πάντῃ
1651 1650 1724 1692 τὸν

301 1718 468 1771 ειῗνέτην
487 1718 628 1772 αὐτῆς.
679 1717 766 1758 ἀλλ’
791 1713 867 1758 οῦκ
896 1715 1044 1771 ἴσχυσε
1070 1719 1327 1770 μεταθέσθαι
1357 1716 1431 1771 τήν
1457 1715 1623 1770 γνώμην
1649 1717 1725 1756 τοῦ

305 1780 621 1837 αὕτοκράτορος,
641 1782 731 1824 οὐδ’
754 1783 958 1824 α’ναλῦσαι
986 1778 1090 1832 ὅλως
1115 1778 1218 1837 ἅπερ
1249 1784 1387 1839 ἐκείνῳ
1411 1778 1491 1836 ἤδη
1518 1778 1724 1836 κεκύρωτό

304 1863 390 1896 πως
406 1846 478 1889 καί
505 1849 684 1900 δέδοκτο,
711 1849 783 1890 καί
801 1849 935 1889 ταῦτα
953 1850 1030 1897 ἕως
1058 1846 1250 1902 δακρύων
1278 1846 1407 1889 αὐτὸν
1435 1846 1508 1888 καί
1532 1848 1610 1904 θέα
1636 1848 1723 1887 ἐλε-
1735 1849 1793 1890 25

191 1925 233 1960 v.
251 1925 296 1972 76
306 1915 396 1970 εινῇ
418 1915 489 1954 καὶ
510 1913 721 1968 σχήμασιν
744 1911 951 1965 ἱλασίμοις
976 1915 1048 1955 καί
1087 1910 1268 1969 ῥήμασιν
1294 1914 1468 1967 οἰκτροῖς
1497 1909 1726 1966 ἐκθηλῦνα-

306 1995 377 2023 σα.
407 1973 550 2032 ἆμέλει
580 1980 654 2019 καί
676 1976 747 2020 τὸν
759 1977 851 2032 βίον
873 1977 1129 2034 φιλόδακρυν
1147 1977 1302 2032 ἔχουσα
1319 1975 1421 2019 κατὰ
1451 1975 1524 2026 τὰς
1548 1974 1728 2032 φιλοσώ-

397 2099 428 2121 2.
453 2088 720 2123 ιὲπιῑισιιεσεῖνὶ>
838 2101 870 2134 9.
894 2090 986 2136 τοῖς]
1022 2088 1332 2135 δραγουμανίζων
1363 2086 1431 2124 τὸν
1462 2087 1616 2132 βασιλέα
1648 2091 1730 2125 τοῖς

400 2136 442 2168 ἐκ
465 2137 534 2169 τοῦ
560 2137 691 2180 γένους
714 2134 833 2169 αὐτοῦ
856 2136 893 2169 Β.

307 2236 437 2270 mentis
474 2235 682 2283 abhorrent)
716 2242 758 2270 ut
791 2236 972 2269 hominem
1014 2235 1166 2269 efficiant
1186 2235 1384 2275 volucrem,
1411 2235 1533 2279 itaque
1556 2235 1729 2279 perstrIn-

307 2288 391 2327 gant
415 2283 535 2315 oeulos
563 2289 603 2316 ut
628 2283 750 2316 stricto
776 2293 859 2315 ense
884 2283 1109 2315 irruensrnon
1137 2282 1384 2325 conspiciatur.
1411 2281 1508 2326 quod
1531 2292 1640 2325 genus
1663 2281 1732 2314 illa

307 2334 392 2364 sunt
414 2339 505 2373 quae
534 2329 660 2362 Graeci
695 2330 780 2362 olim
818 2329 862 2362 de
887 2330 1011 2362 Perseo
1037 2328 1252 2360 fabulantur.
1292 2339 1412 2360 eorum
1436 2328 1730 2360 calumniatorum

306 2376 472 2421 princeps
500 2386 575 2407 esse
598 2375 780 2409 ferebatur
802 2376 919 2408 Aaron
947 2375 1113 2414 Isaachxs,
1138 2375 1200 2418 qui
1221 2374 1391 2407 Corintho
1416 2385 1493 2406 eum
1519 2373 1666 2406 caeteris
1691 2373 1731 2406 iu

308 2421 468 2455 Siciliam
491 2421 667 2455 abductus
691 2422 816 2466 ibique
838 2422 1000 2455 Latinam
1027 2421 1183 2464 linguam
1210 2421 1386 2465 exquisite
1413 2420 1557 2452 edoctus
1582 2419 1731 2452 Latino-

309 2479 387 2502 rum
409 2469 639 2512 interpretem
659 2468 785 2512 agebat
812 2467 907 2512 apud
934 2470 1193 2512 imperatorem.
1241 2468 1357 2500 Alexii
1380 2477 1463 2499 vero
1488 2477 1588 2507 uxor,
1614 2465 1732 2498 Alexii

294 2515 537 2559 'primogeniti
566 2515 683 2547 fratris
711 2515 888 2547 Manuelis
926 2515 1019 2555 filia,
1057 2514 1191 2558 pietate
1227 2513 1265 2546 in
1301 2514 1466 2546 maritum
1494 2517 1530 2545 et
1554 2511 1732 2557 pudicitia

310 2561 458 2604 insignis
491 2566 527 2594 et
559 2561 698 2594 illustre
737 2559 921 2593 muliebris
953 2571 1055 2593 sexus
1093 2566 1358 2593 ornamentum.
1397 2559 1526 2592 frustra
1565 2557 1732 2602 sibiipsi

310 2618 435 2640 manus
453 2607 575 2640 afferre
601 2613 749 2648 conata,
786 2606 831 2639 ad
855 2607 973 2651 patrui
1006 2605 1115 2650 pedes
1153 2607 1305 2650 supplex
1331 2605 1498 2638 advoluta
1523 2613 1732 2648 summoque

312 2664 390 2686 cum
416 2654 514 2686 luctu
537 2659 573 2687 et
596 2653 817 2687 sanctissimo
843 2653 1072 2686 iureiurando
1091 2654 1210 2685 mariti
1234 2652 1474 2686 innocentiam
1501 2657 1537 2684 et
1559 2661 1640 2695 erga
1665 2650 1733 2682 im-

310 2705 510 2744 peratorem
547 2700 652 2733 fidem
688 2706 796 2744 atque
831 2700 1091 2733 observantiam
1130 2699 1342 2739 testificata,
1381 2708 1584 2742 permovere
1610 2702 1732 2730 tamen

313 2746 389 2780 eius
416 2747 570 2783 animum
604 2747 649 2780 ad
687 2745 987 2787 misericordiam,
1022 2746 1182 2791 quamvis
1216 2745 1412 2778 miserabili
1450 2743 1600 2785 habitu,
1623 2753 1688 2776 nec
1710 2753 1733 2774 a
