1838 3210
279 192 296 227 1
309 193 380 247 90
691 190 918 231 NlcETAE
956 189 1266 231 c11oN1ATAE

269 288 490 344 ὀξυδερκής
517 302 567 336 ,τε
608 287 680 327 καί
716 287 971 340 πανδερκὴς,
1015 285 1086 327 καί
1134 288 1287 342 μικροῦ
1322 289 1499 343 ποδῆρες
1535 291 1581 332 τό
1621 285 1692 340 οὖς

269 352 450 407 ἔχουσα,
486 349 655 406 λη’θεται
685 346 710 406 ἢ
753 351 826 392 οὐκ
854 353 986 393 έννοεῑ
1008 345 1036 406 ἢ
1062 353 1198 393 τέλεον
1226 355 1422 407 παρίησιν
1450 354 1691 411 ἄνεκδίκητα

269 415 347 459 ὅσα
380 418 454 459 ε’πί
474 432 580 458 τισιν
606 417 786 466 α’ναιδαῖς
829 414 868 457 οἱ
912 417 994 458 τῶν
1026 418 1268 459 έπαινετέων
1292 415 1510 475 κατήγοροι
1536 420 1693 476 συρρά-

269 497 438 524 πτουσιν
478 480 645 532 ἔκδικας
674 482 885 535 οὐμενοῦν,
914 478 1020 523 οἷλλοὶ
1050 484 1323 538 παρυπέφηνε
1348 486 1419 525 καί
1438 481 1529 526 τότε
1558 484 1615 534 ὥς
1640 484 1692 527 τὰ

269 549 313 588 ἐν
356 548 479 603 μυχῷ
513 549 590 600 γῆς
631 548 753 603 διορᾷ
779 547 853 588 καί
884 544 935 588 τὰ
962 545 1042 588 ὑπὸ
1078 549 1258 600 γλῶτταν
1287 550 1522 600 ένωτίζεται
1550 549 1730 591 voveo-5

270 612 488 666 ρυζόμενα.
546 613 683 664 εἰμὲν
711 606 784 652 οὖν
812 613 885 653 καί
913 614 1083 665 βασιλεῖ’
1101 614 1321 667 ἐνεμέσησε
1348 615 1420 667 τῆς
1444 612 1501 667 μὴ
1532 615 1694 656 ἐνδίκου

267 675 441 731 ταυτησὶ
468 676 671 731 πράξεως,
702 678 754 717 ου’
782 679 858 718 τοῦ
885 676 1086 731 παρόντος
1112 679 1349 732 καταλέγειν
1375 682 1548 734 καιροῦ·
1609 677 1695 720 ἔδει

271 744 318 783 δὲ
342 740 475 797 σοφὸν
503 737 599 784 ὄντα
638 741 711 784 τὸν
740 740 952 796 Μανουὴλ
979 743 1075 796 μηδ’
1107 743 1255 796 ἀμαθῆ
1284 759 1326 784 τε
1352 744 1425 785 καί
1451 741 1695 800 α’ναλφάβη-

230 815 340 850 Οτον
368 802 416 848 οὗ
418 824 448 861 χ
473 804 530 856 ὦς
558 805 845 859 διαδεξόμενον
873 808 1025 849 ἐκεῖνον
1052 810 1125 849 καί
1149 809 1221 862 τῆς
1240 808 1377 862 οἷρχῆς
1402 809 1695 864 παραλύσοντα

268 870 313 914 τὸ
345 876 392 915 A
424 870 793 927 περιεργάζεσθαι,
834 867 923 912 ἄλλ’
951 872 1091 928 ἐκείνῳ
1134 870 1185 913 τὰ
1213 873 1287 913 τοῦ
1330 870 1477 927 ἄρχειν
1503 872 1696 915 ἀνάπτειν
1714 888 1758 912 ιο

267 936 476 989 πείσματα
521 934 566 985 ὃς
601 933 715 977 εἶναι’
737 950 843 990 φησι
887 933 932 976 τὸ
961 938 1007 977 Α
1034 938 1106 977 καί
1127 933 1172 977 τὸ
1201 937 1261 989 Ω,
1291 938 1500 979 τουτέστιν
1527 938 1553 992 ἧ
1582 935 1693 993 α’ρχή

266 1002 339 1043 καί
367 1000 410 1042 τὸ
440 1004 576 1053 τέλος,
605 1000 661 1048 ὥς
688 998 880 1054 Ἰωάννης
902 997 923 1040 ὅ
947 999 1240 1055 εὖαγγελιστὴς
1263 1003 1336 1043 καί
1362 1002 1556 1056 θεολόγος
1579 1003 1623 1044 έν
1649 1005 1697 1059 τῇ

266 1064 530 1120 οἷποκαλόψει
557 1064 743 1109 διδάσκει
760 1081 827 1117 με·
861 1064 912 1105 οὕ
930 1063 1009 1120 γὰρ
1033 1064 1164 1106 λείπει
1186 1067 1241 1122 τῷ
1271 1068 1355 1122 θεῷ
1378 1070 1433 1108 Α.
1491 1071 1554 1123 (7)
1591 1065 1696 1116 Τοῦς

266 1130 530 1186 συκοφάντας
557 1131 698 1183 μέντοι
726 1132 925 1183 μετῆλθε,
956 1132 1028 1171 καί
1052 1126 1162 1187 ἄλλῳ
1189 1133 1266 1183 μὲν
1295 1128 1422 1186 ἄλλην
1455 1133 1570 1187 δίκην
1602 1132 1698 1175 έπέ-

264 1200 392 1251 θηκε,
422 1199 481 1252 τῷ
509 1197 548 1238 δ’
574 1194 739 1251 Ἀαρών
757 1197 951 1249 ἐπέβρισε
977 1195 1288 1250 χαλεπώτερον,
1317 1204 1410 1246 ταῖς
1438 1199 1592 1245 οἰκείας
1619 1194 1694 1252 ἄρ·
1712 1203 1758 1242 ι5

263 1259 406 1302 πεδόσι
431 1263 791 1316 περισχοινίσασα.
846 1261 935 1312 μετ’
967 1257 1016 1300 οὗ
1045 1258 1178 1301 πολύν
1204 1258 1284 1316 γάρ
1311 1277 1402 1302 τινα
1427 1259 1579 1315 χρόνον
1605 1258 1696 1303 ἇλί·

264 1340 406 1368 σκεται
430 1327 623 1379 μαγείαις
654 1327 948 1380 προσανέχων,
976 1324 1049 1366 καί
1072 1323 1288 1379 προύκειτο
1312 1323 1495 1380 χελώνης
1521 1324 1697 1381 ἔκφορον

264 1394 461 1445 μίμημα,
507 1389 621 1432 ἔνδον
648 1390 786 1444 στέγον
829 1393 900 1444 τῆς
929 1391 1081 1444 χέλυος
1110 1391 1470 1446 ἀνθρωπόμορφον
1495 1390 1694 1445 εἴκασμα,

176 1450 179 1453 ’
222 1456 545 1509 Βπεπεδημένον
587 1449 718 1510 ἄμφω
745 1455 800 1496 τώ
831 1453 933 1496 πόδε
960 1458 1032 1497 καί
1058 1454 1102 1496 τὸ
1136 1458 1304 1508 στέρνον
1328 1458 1580 1510 ἐληλαμένον
1609 1452 1695 1513 ἥλῳ

264 1522 502 1576 διαμπερές.
564 1515 674 1561 ἑάλω
722 1522 768 1562 δὲ
813 1520 885 1561 καί
932 1522 1077 1574 βίβλον
1115 1520 1416 1573 Σολομῶντειον
1457 1522 1755 1574 α’νελίττων,ω

262 1582 352 1639 ἥτις
375 1586 718 1641 α’ναπτυσσομένη
738 1601 779 1627 τε
808 1586 880 1627 καὶ
907 1587 1153 1641 διερχομένη
1185 1584 1287 1627 κατὰ
1317 1587 1517 1640 λεγεῶνας
1547 1588 1692 1628 συλλέ-

353 1689 387 1721 6.
413 1679 491 1740 οὖνκ
508 1695 565 1719 om
578 1686 617 1718 A.
714 1697 745 1730 7.
774 1685 1003 1731 καταλέγειν]
1028 1687 1150 1729 λέγειν
1173 1687 1214 1719 A.
1277 1698 1341 1740 ιιι.
1367 1697 1424 1718 om
1448 1685 1477 1718 A
1500 1687 1693 1720 τουτέστιν

354 1732 492 1776 ἤέιῖρχη
521 1734 583 1765 καὶ
607 1730 646 1766 τὸ
674 1734 799 1772 τέλος,
829 1737 865 1765 et
891 1741 973 1764 mox
1000 1732 1021 1765 0‘
1045 1731 1310 1777 εὐαγγελιστης
1335 1734 1398 1766 καὶ
1424 1732 1626 1776 θεολόγος,
1654 1738 1692 1766 et

351 1777 399 1812 ου’
422 1776 496 1823 γὰρ
524 1779 645 1812 λείπει
667 1782 716 1822 τῷ
757 1781 835 1822 θεῷ
862 1779 908 1812 A.
1031 1790 1079 1823 ¹7·
1108 1778 1325 1824 προύκειτο]
1358 1779 1643 1822 ἐπαρρησιάσθη
1668 1779 1692 1822 ἤ

347 1824 484 1859 τούτου
511 1827 650 1871 μαγεία
674 1824 864 1858 monaster
886 1824 1046 1869 χελώνης
1071 1825 1210 1869 ἔχουσα
1234 1822 1338 1861 ἐντὸς
1359 1823 1453 1878 μετοέ
1477 1827 1593 1869 κηροῦ·
1623 1826 1690 1859 οἰν-

347 1870 641 1917 θρωπόμορφον
672 1872 848 1917 πλάσμα,
886 1873 1006 1916 μέσον
1033 1873 1099 1904 τοῦ
1128 1870 1288 1912 στήθους
1313 1880 1405 1917 μετα
1436 1873 1603 1917 καρφίου
1629 1881 1689 1904 κε-

347 1918 600 1963 καρφωμένον
625 1917 662 1949 Β.

257 2019 293 2046 te
319 2012 439 2045 omnia
459 2011 654 2056 perspiciat
671 2017 707 2044 et
723 2010 930 2055 patentibus
948 2010 1111 2056 praedita
1130 2012 1177 2044 sit
1206 2011 1364 2052 auribus,
1385 2009 1619 2051 obliviscitur,
1642 2022 1687 2045 an

257 2070 330 2092 non
349 2057 552 2091 considerat
572 2062 634 2091 aut
659 2058 803 2102 penitus
836 2058 969 2091 inultas
985 2059 1158 2102 praeterit
1178 2058 1404 2102 impudentes
1432 2057 1625 2090 calumnias
1651 2064 1687 2091 et

257 2105 502 2141 accusationes
522 2103 698 2136 bonorum
715 2104 871 2137 virorum
884 2104 900 2137 't'
920 2115 993 2137 non
1011 2105 1156 2148 utique:
1181 2104 1243 2137 sed
1261 2110 1337 2136 tum
1358 2113 1502 2148 quoque
1527 2102 1687 2136 declara-

257 2152 309 2184 vit
333 2162 373 2183 ea
398 2162 435 2184 se
455 2150 656 2194 perspicere
675 2161 767 2194 quae
793 2151 830 2183 in
849 2151 989 2183 telluris
1012 2150 1208 2183 recessibus
1224 2156 1387 2194 aguntur,
1404 2154 1440 2182 et
1453 2149 1601 2182 obscura
1616 2150 1687 2182 lin-

258 2207 347 2241 guae
363 2208 542 2229 murmura
578 2197 758 2229 exaudire.
779 2207 825 2229 an
846 2207 930 2230 vero
956 2197 1163 2241 imperatori
1190 2197 1297 2229 etiam
1324 2195 1371 2228 ob
1400 2195 1566 2240 iniquum
1590 2195 1688 2229 istud

258 2244 395 2277 facinus
422 2243 681 2283 succensuerit,
716 2254 788 2275 non
814 2242 920 2275 huius
946 2243 1116 2287 temporis
1141 2248 1194 2275 est
1219 2242 1348 2275 dicere.
1377 2242 1568 2286 oportebat
1591 2248 1687 2275 certe

258 2289 405 2335 quidem
429 2289 550 2330 illum,
578 2294 619 2321 ut
643 2289 758 2322 virum
775 2289 987 2333 prudentem
1011 2295 1049 2322 et
1068 2299 1141 2321 non
1166 2288 1350 2321 indoctum
1365 2313 1373 2328 ,
1398 2299 1471 2320 non
1495 2293 1686 2332 propterea

259 2335 357 2381 quod
379 2335 495 2368 Alexii
535 2345 665 2367 nomen
699 2347 719 2367 a
759 2336 864 2368 litera
900 2335 930 2368 A
959 2335 1157 2379 inciperet,
1193 2345 1272 2367 eum
1312 2340 1353 2367 ut
1376 2334 1623 2367 insidiatorem
1649 2339 1686 2368 et

260 2392 497 2415 successorem
521 2386 725 2425 suspectum
746 2381 903 2422 habere,
932 2381 995 2414 sed
1011 2380 1153 2425 imperii
1166 2379 1323 2413 habenas
1349 2380 1381 2413 ei
1404 2379 1597 2421 mandare,
1620 2381 1684 2426 qui

260 2439 297 2462 se
322 2428 359 2460 in
383 2427 594 2472 Apocalypsi
619 2426 788 2460 Iohannis
813 2428 1061 2471 Euangelistae
1088 2432 1125 2460 et
1146 2427 1321 2471 Theologi
1350 2427 1378 2459 A
1407 2432 1443 2459 et
1462 2426 1517 2466 Ω,
1539 2425 1607 2458 hoc
1630 2432 1685 2460 est

258 2473 473 2520 principium
499 2478 536 2505 et
561 2473 685 2514 finem,
717 2484 793 2508 esse
820 2474 930 2514 dicit,
970 2473 1028 2506 cui
1050 2473 1177 2517 utique
1202 2473 1302 2506 aliud
1327 2473 1356 2505 A
1379 2483 1451 2504 non
1478 2471 1684 2506 defuturum

259 2526 344 2554 erat.
391 2519 442 2566 (7)
464 2519 745 2552 calumniatores
779 2519 924 2565 quidem
959 2519 1046 2552 alias
1081 2519 1144 2551 alii
1176 2530 1309 2564 poenas
1345 2517 1541 2558 dederunt,
1565 2519 1683 2552 Aaron

257 2577 341 2600 vero
365 2565 584 2611 gravissimas
607 2566 777 2606 omnium,
802 2566 874 2599 suis
898 2565 974 2610 ipse
1000 2565 1138 2610 laqueis
1163 2565 1334 2598 irretitus.
1349 2576 1423 2597 non
1449 2565 1562 2598 multo
1587 2565 1683 2598 enim

256 2618 339 2659 post
363 2623 444 2645 eum
470 2612 606 2655 magiae
632 2611 831 2644 studiosum
871 2622 947 2646 esse
972 2617 1190 2655 compertum
1217 2617 1288 2651 est,
1315 2616 1351 2646 et
1377 2611 1604 2644 simulacrum
1627 2616 1682 2644 te-

257 2659 412 2693 studinis
436 2658 635 2704 prolatum,
660 2658 697 2690 in
721 2669 792 2702 quo
818 2663 894 2691 erat
918 2658 1031 2702 imago
1048 2657 1214 2700 hominis,
1242 2659 1304 2703 qui
1334 2657 1455 2689 ambos
1484 2656 1593 2702 pedes
1618 2656 1682 2689 ha-

256 2706 367 2739 behat
391 2705 428 2738 in
452 2703 683 2749 compedibus
711 2710 747 2737 et
768 2709 892 2748 pectus
915 2705 1013 2738 clavo
1038 2705 1255 2738 transfixum.
1285 2710 1339 2737 est
1363 2709 1398 2736 et
1421 2703 1552 2736 librum
1578 2702 1682 2736 Solo.-

258 2752 417 2786 monium
440 2751 602 2789 evolvere
625 2750 866 2797 deprehensus
880 2776 891 2795 ‚
918 2751 981 2797 qui
1006 2762 1084 2785 cum
1109 2750 1313 2796 legebatur,
1347 2750 1505 2794 legiones
1534 2747 1678 2782 daemo-
