1838 3210
255 187 325 254 [μ
682 201 910 242 mcETAE
950 199 1262 241 cnoNiA'rAE

255 300 350 344 ὅλον
387 300 539 343 ἑαυτοῦ
579 302 867 353 ἀνηρτήσατο,
911 297 967 345 ὥς
1008 299 1080 338 καί
1113 300 1209 349 μεθ’
1253 295 1378 350 ἱερῶν
1405 296 1594 339 ἐκτόπων
1619 299 1691 338 κατ’

254 366 445 421 πλείστης
475 362 537 407 ὅτι
566 365 811 420 φιλοκαλίας
838 364 920 403 τῶν
950 362 1105 415 ἆγυιῶν
1132 361 1324 416 λαμπρὸν
1352 361 1489 420 ἐκείνῳ
1519 362 1688 416 σχεδιά-

254 448 327 474 σαι
359 430 402 472 τὸ
449 428 687 483 εἰσιτήριον.
753 430 798 469 ἐκ
828 429 874 469 δὲ
899 427 1048 482 ταύτης
1075 426 1180 480 μετὰ
1210 429 1360 482 φωνιόν
1388 426 1591 483 εὐφήμων
1619 427 1692 468 καί

253 497 535 549 προπέμψεων
563 494 787 545 αἰνεσιῖιιων
815 493 873 541 εἰς
900 493 950 534 τοὶ
979 494 1050 547 τῆς
1073 495 1269 541 Κιλικίας
1293 489 1389 548 ὅρια
1414 491 1686 548 παραβαλών,

253 558 445 602 κάκεῖθεν
487 555 719 613 ἐξορμήσας
748 560 818 612 τῆς
855 556 960 612 πρὸς
991 557 1036 599 τὸ
1066 555 1295 608 Βυζάντιον
1327 555 1536 613 φερούσης
1565 553 1728 604 ἅπτε-5

251 641 334 667 ται.
391 626 463 665 καί
485 625 587 678 γοῦν
611 621 718 664 κατὰ
747 621 860 672 τάξιν
899 623 1058 676 προϊών
1088 625 1160 664 καί
1183 625 1252 678 τῆς
1284 623 1413 664 αὑτοῦ
1441 623 1689 677 στρατηγίας

251 688 449 743 ἐχόμενος
475 691 634 732 στέλλει
664 687 769 730 κατὰ
802 692 882 730 τῶν
908 690 1106 730 Ἰκονιέων
1125 691 1306 742 Περσῶν
1337 685 1570 743 (ἰηόμοιράν
1595 702 1688 729 τινα

215 757 328 796 Bw&
363 751 696 809 στρατεύματος·
764 748 880 794 οὗτοι
917 751 996 807 γάρ
1021 786 1032 804 ,
1065 750 1186 794 ὁπότε
1214 755 1286 807 τῆς
1313 756 1470 807 Συρίας
1498 752 1688 805 ἐπέβαινε

249 821 482 873 βασιλεύς,
521 821 578 876 τῷ
617 820 748 876 καιρῷ
788 816 1048 873 χρησάμενοι
1088 816 1193 871 πρὸς
1240 819 1428 859 ἐπίθεσιν
1464 819 1688 872 ἐκδρομαῖς

247 883 353 927 κατὰ
387 882 615 937 εΡωμαίων
644 884 884 937 ἐχρήσαντο.
952 883 1010 939 τῷ
1035 898 1100 924 τοι
1139 881 1213 924 καί
1236 886 1313 924 τοῦ
1341 884 1569 936 δυσμενοῦς
1599 884 1686 924 στί·
1705 901 1754 927 ιο

248 965 357 1006 φους
395 948 707 1004 περιγενόμενος
737 947 869 1002 ἔκειρε
909 945 983 1002 την
1017 948 1237 1000 πολεμίαν,
1267 945 1421 990 ἅλωσιν
1452 945 1686 1002 ἀνθρώπων

248 1017 320 1056 καί
350 1013 466 1066 ζώων
503 1013 646 1055 ἔλασιν
681 1016 913 1065 παντοίων,
954 1011 1087 1054 ὁπόσα
1134 1013 1214 1053 ὑπὸ
1265 1012 1388 1067 ζυγὸν
1416 1016 1488 1054 καί
1514 1008 1684 1067 ,ὅχησιη

246 1080 544 1135 ἐργασάμενος.
575 1080 649 1119 καί
675 1080 858 1120 τοιοῦτοι
878 1080 957 1130 μὲν
982 1077 1020 1119 οἱ
1044 1077 1148 1131 πρὸς
1176 1077 1400 1131 α’νίσχοντα
1431 1076 1548 1132 ἥλιον
1577 1074 1688 1132 dyo&-

245 1160 312 1193 νες
336 1144 459 1187 τοῦδε
483 1147 560 1187 τοῦ
587 1144 905 1198 αὐτοκράτορος,
937 1145 992 1184 δι’
1022 1143 1288 1197 ἐκστρατείας
1314 1145 1416 1195 μιᾶς
1442 1145 1580 1184 πᾶσαν
1607 1146 1686 1195 μὲν

243 1213 433 1263 γλῶτταν
476 1212 619 1251 πᾶσαν
665 1209 712 1251 δὲ
752 1207 920 1263 γνώμην
957 1211 1000 1257 ἐς
1038 1206 1212 1257 ἑαυτούς
1237 1209 1561 1264 ἐφελκύσαντες,
1591 1209 1635 1251 ἐν
1659 1200 1754 1265 ᾖιὸ

242 1274 316 1317 καί
338 1275 501 1331 τριετής
525 1273 675 1330 χρόνος
702 1275 873 1325 ἐξίκετο.

351 1357 391 1397 9.
453 1339 552 1382 Τότε
581 1341 629 1381 δὲ
657 1339 894 1395 προσερρύη
922 1341 980 1397 τῷ
1016 1342 1187 1392 βασιλεῖ’
1210 1340 1313 1395 τῷδε
1340 1337 1413 1379 καί
1438 1335 1459 1379 ὁ
1484 1341 1685 1391 σεβαστο-

241 1407 454 1462 κρατορῶν
483 1407 724 1460 κασίγνητος
760 1402 989 1457 Ἰσαάκιος,
1031 1401 1077 1445 ὃν
1124 1402 1295 1459 φθάσαν
1322 1403 1457 1459 εἴρηκε
1480 1402 1526 1445 τὸ
1555 1406 1686 1457 λέγειν

202 1471 517 1527 Οσυνάρασθαί
541 1469 579 1512 οἱ
606 1470 656 1512 τοὶ
688 1468 859 1524 περιττοὶ
887 1471 946 1518 εἰς
974 1468 1049 1524 τήν
1074 1472 1149 1524 τῆς
1178 1472 1395 1523 βασιλείας
1420 1468 1685 1522 κατάσχεσιν.

241 1538 348 1579 κατὰ
376 1537 456 1592 γὰρ
496 1538 775 1592 μικρολυπίαν
807 1537 883 1577 τοῦ
911 1534 1105 1589 ὁμογνίου
1148 1535 1415 1588 ὃιαζευχθείς
1443 1536 1515 1575 καί
1545 1532 1683 1589 φυγάς
1696 1554 1753 1580 20

242 1600 408 1658 ἇποὶρας
436 1604 480 1644 ἐκ
513 1603 587 1657 τῆς
611 1601 852 1653 ”Ρωμαίων,
880 1601 1136 1654 συνέκδημον
1154 1599 1227 1641 καί
1253 1598 1548 1654 συμπλανήτην
1574 1597 1684 1652 ἔχων

242 1666 316 1711 τόν
355 1669 543 1723 Ἰωάννην
569 1666 641 1709 τὸν
680 1668 762 1709 τῶν
811 1665 972 1708 παίδων
998 1664 1155 1706 ἐκείνου
1195 1666 1455 1718 πρωτότοκον
1486 1663 1613 1720 (ἀνὴρ
1643 1665 1684 1705 δ’
1736 1673 1738 1675 “

242 1727 360 1783 οὗτος
397 1731 677 1782 ὁπλιτοπάλας
713 1733 786 1774 καί
825 1731 1144 1784 πολεμόκλονος,
1184 1731 1295 1786 φυήν
1330 1734 1366 1772 τ’
1401 1730 1574 1785 α’ρίστην
1613 1731 1685 1771 καὶ

338 1847 365 1868 ι.
389 1830 483 1878 μετὰ
521 1833 665 1876 σίγνων
699 1832 912 1876 σταυρικῶν
949 1832 1012 1863 καὶ
1041 1827 1251 1875 λαμπάδων
1267 1829 1303 1860 Β.
1391 1828 1422 1872 4.
1449 1828 1684 1874 ἐναισίμωνῗέ

335 1879 399 1912 sed
415 1881 443 1912 A
456 1889 601 1924 quoque
616 1880 833 1924 αἰνεσίμων.
909 1879 942 1922 4.
971 1876 1014 1910 τιὶ
1070 1879 1132 1919 έρη
1146 1878 1207 1916 τῆς
1223 1875 1405 1918 α’ρμενίας
1417 1875 1458 1908 Α.
1531 1877 1564 1909 6.
1579 1876 1676 1920 γοῦν

333 1937 402 1958 om.
427 1926 466 1958 A.
540 1937 570 1970 7.
595 1925 783 1970 ἐχομένως
804 1925 844 1957 Α.
923 1934 972 1956 10.
1000 1924 1016 1957 ἐ
1043 1923 1202 1968 ράξαντο
1228 1921 1294 1961 W,
1321 1920 1464 1965 ἥψαντο
1489 1921 1540 1962 A,
1569 1921 1684 1966 κου’ρ-

333 1981 382 2005 σα
419 1963 511 2004 κατὰ
541 1970 720 2017 ῥωμαίων
747 1972 932 2011 ἐποίησαν
958 1970 994 2000 Β.
1113 1979 1167 2000 22.
1202 1961 1297 2012 ἀνὴρ
1330 1967 1361 2000 ‹5‘
1397 1967 1520 2019 οὗτος]
1559 1966 1682 2013 ἄνδρα

335 2015 571 2064 πολεμιστὴν
594 2019 658 2050 καὶ
681 2016 859 2063 ἄνδρεῖον
883 2017 946 2049 καὶ
970 2014 1079 2054 ἄξιον
1098 2014 1222 2051 εἴδους
1250 2014 1391 2058 ὡραίου
1419 2014 1444 2045 Β

242 2112 358 2146 chiam
383 2111 502 2143 denuo
529 2111 708 2155 ingresso,
733 2114 811 2143 tota
837 2109 975 2141 urbana
1001 2107 1196 2140 multitudo
1221 2107 1362 2140 obviam
1389 2109 1499 2140 effusa
1523 2113 1596 2148 est,
1622 2119 1681 2141 sa-

241 2160 309 2192 cris
343 2157 559 2201 imaginibus
596 2162 632 2189 et
656 2157 822 2201 pluribus
855 2156 1073 2187 ornamentis
1100 2155 1138 2186 in
1162 2155 1248 2187 vicis
1275 2154 1444 2197 expositis
1472 2153 1518 2186 ad
1543 2154 1679 2198 ingres-

239 2217 319 2238 sum
344 2206 419 2237 eius
452 2203 727 2236 honestandam.
765 2213 807 2235 ex
839 2202 906 2234 hac
932 2213 1010 2234 cum
1041 2201 1146 2233 bonis
1171 2199 1351 2233 ominibus
1377 2205 1414 2233 et
1436 2200 1606 2233 laudibus
1633 2201 1680 2234 ad

240 2251 389 2284 Ciliciae
416 2251 504 2282 fines
529 2250 711 2294 profectus
735 2248 821 2281 inde
838 2249 1069 2291 Byzantinum
1097 2247 1166 2279 iter
1192 2246 1401 2290 ingreditur.
1427 2247 1476 2278 sic
1503 2247 1677 2280 instructa

239 2298 318 2330 acie
342 2297 584 2341 progrediens,
613 2301 648 2328 et
674 2306 694 2327 a
719 2306 782 2327 sua
806 2294 966 2327 bellandi
994 2292 1254 2326 consuetudine
1278 2304 1351 2324 non
1376 2292 1568 2334 recedens,
1595 2305 1678 2338 par-

240 2350 314 2378 tem
349 2343 524 2376 exercitus
563 2348 686 2375 contra
708 2341 912 2374 Iconienses
948 2341 1068 2373 Persas
1107 2340 1229 2372 mittit.
1257 2350 1339 2370 nam
1366 2340 1412 2380 ii,
1436 2350 1515 2371 cum
1540 2339 1677 2383 Syriam

237 2390 504 2435 ingrederetur,
545 2394 686 2433 arrepta
719 2388 906 2420 occasione
941 2386 1206 2419 incursionibus
1233 2387 1407 2417 Romanos
1444 2385 1676 2420 infestabant.

239 2447 284 2470 eo
307 2437 417 2480 igitur
441 2436 573 2468 infesto
597 2435 736 2478 agmine
772 2439 937 2478 superato
967 2444 1087 2476 agrum
1113 2431 1280 2464 hostilem
1308 2432 1525 2476 populatur,
1553 2432 1680 2465 multis

241 2488 279 2516 et
304 2482 512 2515 hominibus
553 2487 589 2514 et
624 2481 794 2513 iumentis
821 2481 934 2512 onmis
962 2479 1100 2523 generis
1126 2478 1249 2522 captis.
1276 2483 1384 2522 atque
1407 2476 1496 2510 haec
1519 2489 1589 2511 una
1614 2489 1676 2510 ex-

239 2529 428 2574 peditione
453 2539 574 2561 versus
599 2528 775 2560 orientem
792 2527 904 2559 solem
931 2525 1028 2558 bella
1051 2524 1228 2557 Iohannes
1251 2524 1408 2556 triennio
1435 2524 1552 2568 gessit,
1581 2535 1678 2570 quae

239 2575 400 2608 omnium
425 2575 564 2619 linguas
591 2579 627 2606 et
650 2579 786 2606 mentes
812 2573 972 2614 omniurn
998 2573 1036 2604 in
1063 2582 1143 2603 eum
1171 2575 1433 2603 converterunt.
1654 2574 1657 2577 ⁴

331 2634 365 2666 9.
414 2620 488 2654 Sub
517 2619 556 2653 id
580 2626 719 2664 tempus
748 2620 858 2652 frater
881 2619 1036 2651 Isaacius
1069 2617 1330 2650 sebastocrator
1353 2616 1399 2649 ad
1423 2617 1677 2660 imperatorem

230 2667 371 2707 rediit,
415 2668 493 2707 cui,
531 2672 571 2699 ut
604 2672 687 2699 ante
732 2665 904 2705 diximus,
930 2665 976 2697 ad
1000 2663 1188 2708 imperium
1212 2662 1449 2695 obtinendum
1474 2662 1676 2695 adiumenti

239 2714 433 2758 plurimum
469 2713 649 2747 attulerat.
684 2724 766 2745 nam
790 2723 834 2744 ex
870 2723 977 2756 parva
1000 2709 1155 2756 quadam
1177 2712 1312 2742 offensa
1335 2708 1494 2742 divulsus
1519 2719 1538 2740 a
1564 2709 1677 2742 fratre-

242 2772 319 2794 cum
344 2761 503 2794 Iohanne
532 2760 606 2793 filiu
634 2759 710 2794 eius
733 2758 970 2804 primogenito
997 2768 1041 2791 ex
1055 2758 1291 2790 Romanorum
1308 2755 1441 2789 finibus
1465 2755 1503 2790 in
1525 2755 1676 2790 exilium
