1838 3210
474 177 544 218 DE
581 175 840 218 MANUELE
879 173 1142 219 COMNENO
1181 176 1281 218 Lm.
1322 178 1378 217 Π.
1542 178 1559 213 1
1581 179 1636 213 11

208 278 410 336 πρότερον
447 280 492 329 ἔς
521 276 719 334 ἀνδρείαν
757 279 1072 333 παρακαλοῦντα
1102 276 1261 328 τούτοις
1290 279 1548 332 διαλεχθείς,
1575 282 1649 322 καί

208 347 352 396 αὐτοῖς
387 346 460 387 καί
481 345 636 394 τέκνοις
672 344 813 385 αὐταῖν
842 342 952 397 ἁδροὶ
980 348 1082 398 γέρα
1112 347 1186 386 καί
1201 342 1430 399 α’μοιβαύκν
1456 345 1644 400 ἐπαγγει-

204 411 380 465 λάμενος
407 404 585 452 εὔνοιαν.
654 407 767 462 ,,εἴτε
795 407 899 463 γάρ”
939 424 1044 464 φησι
1071 416 1184 463 ,,τοῑ’ς
1217 411 1316 460 ζῶσι
1343 408 1514 453 σόνεστε
1531 439 1543 463 ,
1572 411 1644 453 τὸν

203 478 419 533 ἐφεστῶτα
458 473 648 517 κίνδυνον
691 473 938 528 διαδράντες
964 476 1035 516 καὶ
1063 471 1245 530 ἆρίστως
1271 475 1413 530 οἷγῶνα
1438 475 1511 518 τόν
1536 492 1642 532 προ-

166 544 388 595 5κειμενον
431 537 750 591 αἐθλεόσαντες,
794 536 993 593 εὑρήσετέ
1030 555 1085 591 με
1109 542 1183 582 καί
1209 540 1315 596 ὑπὲρ
1349 539 1518 597 δόκησιν
1549 542 1644 584 α’ντί

201 607 405 650 δεσπότου
434 604 508 647 καί
530 605 736 658 βασιλέως
762 605 923 659 πατέρα
966 603 1217 659 κηδόμενον·
1278 605 1361 649 εἴτε
1386 605 1433 649 τὸ
1463 609 1535 663 ζῆν
1562 624 1639 650 κα-

198 671 422 724 ταλύσετε,
460 670 635 723 πατρίδι
668 667 793 725 τιμὴν
831 668 906 711 καί
942 671 1059 720 κλέος
1089 672 1230 720 αὐτοῖς
1254 670 1510 727 οἷρνύμενοι,
1546 674 1674 717 ου’δὈ

197 735 332 786 οὕτως
358 737 440 778 τῶν
468 737 529 784 εἰς
556 734 681 785 δόξαν
707 735 781 776 καί
805 736 1004 788 κειμένων
1032 735 1153 789 ὑμῶν
1182 737 1419 792 α’φέξομαι,
1447 738 1538 781 ἀλλ’
1563 737 1637 781 οῧ-

195 819 277 853 τως
306 797 355 843 εὖ
383 800 646 856 διαθήσομαι
672 799 724 842 τοὶ
757 802 844 842 κατ’
873 796 982 843 οἶκον
1013 800 1087 843 καί
1114 803 1238 844 τέκνα
1265 801 1340 843 καί
1360 801 1637 860 ὅμολέκτρους

139 867 254 917 ionic
283 868 467 923 ζηλωτέα
495 872 583 916 τοῖς
607 863 670 907 ἔτι
691 868 883 921 περιοῦσι
901 867 976 907 καί
998 869 1257 922 μακαριστέα
1278 869 1433 924 δοκεῖν,
1462 873 1534 912 καί
1558 872 1635 912 av'-

193 938 280 983 τοῖς
309 934 356 974 δὲ
382 933 483 986 ὑμῖν
517 932 751 974 ὖπαπιοῦσι
776 933 872 973 καθ’
898 928 1005 990 ᾅδην
1031 931 1220 976 α’σπάσια
1237 966 1249 988 ,
1278 933 1323 976 εἴ
1343 951 1405 984 τις
1435 936 1539 984 τέως
1564 939 1638 979 καί

192 999 238 1039 ὲν
263 1003 420 1053 νεκροῖς
446 995 665 1052 αἴσθησις,
693 999 801 1051 μηδὲ
836 995 883 1039 τὸ
909 1000 982 1052 τῆς
1009 998 1140 1054 λήθης
1166 997 1292 1041 ποτὸν
1318 999 1563 1054 ἐγχεόμενον
1584 1018 1632 1043 ου

190 1063 318 1117 μόνον
346 1062 420 1119 την
448 1066 532 1106 τῶν
558 1062 852 1119 προλαβόντων
875 1063 1102 1120 ἀπαλείφει
1127 1062 1316 1120 μνήμην,
1348 1066 1454 1109 ἀλλά
1485 1068 1559 1109 καί
1582 1069 1634 1109 τοὶ

190 1128 298 1171 κατὰ
326 1129 400 1171 τὸν
429 1130 522 1183 βίον
548 1127 812 1182 ἐπιγινόμενα
854 1124 1009 1171 οῖ”κουν
1036 1132 1080 1179 ἐς
1108 1126 1215 1187 ᾅδου
1243 1132 1475 1187 ἒπεισρέειν
1503 1134 1634 1189 α’φιή-

132 1200 282 1249 πᾶσιν,
322 1190 437 1244 ὅπως
476 1200 562 1244 τοῖς
595 1196 798 1236 θανοῦσιν
836 1193 984 1250 εἴησαν
1025 1193 1260 1251 γνώριμα.”
1314 1199 1478 1253 πρῶτος
1507 1194 1581 1241 οὖν
1608 1197 1632 1240 ὖ

188 1260 448 1316 Πουποῖκης,
490 1260 549 1309 ὥς
574 1258 706 1315 ἔφην,
750 1259 796 1302 τὸ
827 1266 999 1316 σημεῖον
1041 1262 1118 1303 τοῦ
1147 1265 1336 1318 σταυροῦ
1365 1265 1634 1314 διατυπώσας

187 1329 232 1370 ἑν
259 1325 394 1385 ἑαυτῷ
421 1329 494 1383 τῆς
523 1325 769 1380 αἰάβοὲσεως
798 1322 996 1381 ἄρχεται,
1025 1326 1099 1369 καί
1122 1330 1213 1381 μετ’
1243 1326 1375 1371 αὕτὸν
1404 1328 1443 1372 οἱ
1458 1333 1630 1387 Πετρα-

184 1398 331 1449 λεῖφαι
351 1391 589 1448 κασίγνητοι
605 1426 617 1445 ,
647 1394 718 1434 καί
744 1395 921 1447 καθεξῆς
957 1394 1087 1449 ἕτεροι
1103 1425 1116 1447 ,
1142 1395 1220 1444 ἕως
1245 1392 1402 1445 πάντας
1429 1396 1454 1452 ἦ
1481 1399 1671 1450 κλίμαξῦ

133 1509 150 1524 .
182 1460 368 1511 ἐδέξατο.
422 1458 562 1508 οὐδεὶς
591 1452 667 1499 οὖν
702 1460 785 1499 τῶν
814 1461 1037 1511 θεωμένων
1064 1455 1118 1515 ἦν
1146 1457 1189 1510 ὃς
1216 1462 1289 1502 ἐπὶ
1312 1463 1371 1518 τῷ
1398 1465 1632 1516 πραττομέ-

119 1543 171 1569 20
183 1541 239 1584 νῳ
269 1526 399 1582 τούτῳ
441 1523 549 1582 ἔργῳ
583 1523 661 1564 οὔκ
686 1523 948 1574 ἆνωλόλυξεν
980 1524 1038 1574 ὥς
1065 1524 1138 1566 ἐπὶ
1164 1527 1295 1583 καινῷ
1322 1527 1633 1582 καρδιαλγὴσας

182 1589 380 1644 θεάματι,
412 1586 511 1632 οὐδὲ
540 1585 736 1643 δακρύων
765 1588 1050 1643 ὑποπλησθεὶς
1078 1589 1152 1632 καί
1181 1589 1369 1642 πατάξας
1399 1591 1447 1634 τὸ
1476 1597 1634 1648 στῆθος

185 1655 480 1710 ἔθεοκλότησε.
534 1657 609 1696 καί
634 1650 688 1710 ἦν
714 1653 795 1709 γὰρ
826 1655 996 1708 ἀληθῶς
1035 1654 1083 1697 τὸ
1114 1655 1324 1710 δρώμενον
1350 1660 1632 1713 καταπλῆττον

182 1719 253 1763 τόν
287 1719 445 1775 θεατήν
483 1718 724 1776 ὀφθαλμόν.
794 1718 832 1760 οἱ
857 1721 937 1770 μὲν
965 1718 1045 1775 γὰρ
1086 1720 1187 1769 τούς
1215 1722 1400 1776 θυρεοὺς
1426 1722 1535 1777 ὑπὲρ
1563 1739 1632 1764 κε-

182 1788 325 1842 φαλῆς
352 1788 396 1835 ἐς
426 1785 471 1828 τό
500 1787 689 1842 α’σφαλὲς
717 1786 1003 1833 ἀνατείναντες
1036 1784 1109 1826 καί
1133 1785 1185 1828 τά
1219 1788 1319 1843 ξίφη
1347 1787 1629 1842 σπασάμενοι,

275 1876 307 1920 4.
332 1873 497 1921 α’ρέστως
522 1876 560 1907 Λ.
655 1875 688 1908 6.
714 1873 806 1920 κηδ.]
836 1875 898 1906 καὶ
922 1872 1093 1919 ἡγεμόνα
1114 1874 1154 1907 Α.
1235 1877 1286 1910 16.
1308 1875 1358 1914 οἷς
1381 1876 1478 1923 ἔφην
1504 1888 1562 1910 om
1589 1878 1627 1911 A.

181 1972 268 2017 ipsis
295 1981 492 2016 eorumque
509 1969 634 2003 liberis
662 1969 780 2014 ampla
794 1969 953 2014 praemia
983 1975 1020 2002 et
1043 1974 1205 2003 mutuam
1229 1970 1523 2006 benevolentiam
1548 1973 1629 2017 pol-

179 2019 313 2052 licitus.
339 2019 440 2060 „sive
470 2018 566 2050 enim
592 2017 703 2050 vitam
728 2016 892 2060 periculo
919 2017 1054 2051 evitato
1082 2018 1328 2051 servaveritis”
1357 2019 1502 2064 inquit,
1527 2031 1630 2060 „cer-

178 2066 314 2099 tamine
338 2066 408 2098 isto
434 2063 591 2097 feliciter
614 2068 806 2108 superato,
835 2074 892 2095 me
919 2075 1029 2107 supra
1053 2064 1263 2107 opinionem
1287 2070 1442 2099 vestram
1472 2077 1538 2110 pro
1563 2066 1630 2099 do-

178 2114 276 2146 mino
307 2117 344 2145 et
365 2113 582 2156 imperatore
609 2115 748 2154 patrem
789 2109 1040 2143 fidelissimum
1063 2109 1272 2144 habebitis:
1297 2113 1372 2145 sive
1401 2122 1465 2157 pro
1488 2114 1628 2157 patriae

178 2159 316 2193 honore
338 2165 530 2203 vestraque
566 2157 679 2202 gloria
712 2162 863 2190 mortem
900 2157 1152 2202 oppetieritis,
1181 2159 1290 2190 etiam
1320 2159 1371 2191 sic
1398 2171 1440 2192 ea
1465 2170 1558 2204 quae
1582 2160 1629 2193 ad

176 2206 380 2239 ornandum
419 2205 559 2238 obitum
595 2209 753 2238 vestrum
787 2204 1026 2248 pertinebunt
1062 2214 1136 2236 non
1159 2205 1360 2249 negligam,
1399 2206 1462 2239 sed
1486 2212 1627 2239 vestrae

176 2254 361 2294 familiae,
386 2263 539 2286 uxorum
564 2256 602 2284 et
633 2250 790 2283 liberum
814 2261 893 2283 eam
918 2251 1096 2283 rationem
1127 2250 1290 2292 habebo,
1319 2257 1360 2285 ut
1384 2252 1483 2286 beati
1509 2258 1546 2285 et
1573 2254 1627 2286 se-

175 2300 263 2334 lices
288 2301 363 2334 sint
402 2298 610 2339 iudicandi,
641 2302 678 2330 et
700 2297 771 2341 ipsi
794 2308 961 2342 magnum
987 2297 1066 2330 sitis
1093 2297 1219 2331 mortis
1244 2299 1414 2332 solatium
1440 2299 1626 2341 habituri,

176 2347 207 2380 si
231 2348 312 2393 quis
352 2346 460 2379 modo
494 2356 619 2379 sensus
646 2344 826 2377 defunctis
868 2349 1052 2389 superest,
1078 2355 1145 2377 nec
1170 2346 1331 2378 omnium
1355 2351 1440 2379 ante
1465 2352 1623 2379 actarum

176 2404 294 2427 rerum
330 2393 468 2427 oblivio
508 2391 674 2436 obrepit,
708 2403 749 2424 ac
772 2391 959 2436 praeclusa
983 2397 1038 2423 est
1069 2402 1186 2424 rerum
1210 2398 1294 2436 post
1318 2398 1476 2426 actarum
1501 2395 1625 2438 cogni-

174 2440 260 2473 tio.''
283 2441 420 2485 primus
447 2440 557 2484 igitur
584 2439 760 2483 Pupaces,
786 2443 829 2471 ut
854 2438 953 2479 dixi,
979 2449 1059 2470 cum
1084 2449 1122 2471 se
1151 2449 1254 2471 cruce
1277 2439 1474 2484 signasset,
1498 2451 1624 2473 ascen-

176 2498 253 2519 sum
276 2487 495 2531 auspicatur.
524 2491 727 2530 sequuntur
753 2485 980 2529 Petraliphae
1006 2485 1147 2526 fratres,
1172 2485 1305 2519 deinde
1330 2487 1417 2528 alii,
1443 2486 1559 2520 donec
1583 2488 1622 2519 in

176 2533 279 2566 scalis
312 2545 435 2567 omnes
463 2533 715 2566 constiterunt.
744 2542 850 2564 nemo
868 2531 939 2565 fuit
967 2531 1057 2576 quin
1082 2532 1257 2565 inusitato
1283 2534 1354 2566 isto
1381 2539 1418 2566 et
1439 2533 1619 2566 horrendo

176 2581 378 2622 spectaculo
405 2584 677 2620 consternatus,
706 2578 843 2611 eiulatu
873 2583 910 2611 et
933 2578 1090 2612 lacrimis
1114 2579 1282 2624 oppletus
1304 2591 1473 2624 percusso
1497 2586 1621 2624 pecto-

176 2636 214 2657 re
241 2625 348 2659 deum
382 2627 570 2660 invocarit.
605 2625 662 2658 illi
697 2625 848 2670 clipeis,
886 2636 958 2670 quo
991 2625 1145 2658 tutiores
1183 2631 1323 2668 essent,
1360 2638 1467 2671 supra
1501 2627 1621 2671 capita

176 2671 282 2704 elatis
315 2673 522 2719 strictisque
566 2672 694 2717 gladiis
714 2698 723 2713 ‚
759 2684 839 2705 cum
863 2671 910 2704 ad
946 2673 1067 2705 hostes
1091 2673 1461 2718 appropinquassent,
1490 2673 1622 2706 acriter

176 2717 359 2752 dimicant.
387 2721 450 2763 qui
474 2720 637 2765 quamvis
661 2719 777 2752 omnis
802 2719 941 2763 generis
960 2719 1043 2752 telis
1069 2724 1105 2751 et
1127 2718 1321 2762 grandibus
1346 2720 1440 2752 saxis
1468 2730 1528 2752 eos
1555 2730 1621 2764 pe-

174 2770 306 2806 terent,
331 2765 425 2798 nihil
447 2764 708 2811 proficiebant:
733 2777 816 2798 nam
842 2777 922 2798 cum
945 2771 987 2798 ut
1014 2764 1163 2798 incudes
1189 2766 1347 2806 malleis,
1373 2766 1424 2799 ita
1448 2765 1518 2811 ipsi
1542 2777 1620 2800 cre-
