1878 3230
298 179 370 220 ma
407 177 602 219 ALExio
648 174 1308 220 lsAAciiANGE1„1rR.mss.
1338 180 1410 219 111.
1490 159 1607 231 669

164 278 371 332 Ἀγκύρας
397 278 609 332 σατράπης
633 277 880 330 ἐπικούρους
899 277 1129 319 α’πέσταλκε
1156 281 1338 330 βασιλεῖ,
1369 273 1436 318 ὅτε
1461 277 1534 319 καί
1558 276 1604 318 τὸ

168 344 248 395 μὲν
276 341 463 397 περίτὴν
490 342 714 396 όρθόδοξον
734 343 873 384 πίστιν
900 341 1015 396 ὑγιὲς
1041 344 1112 384 καί
1137 340 1401 397 θηρμότερον
1432 340 1505 384 τόν
1530 344 1606 395 βα-

170 410 291 450 σιλέα
322 408 595 463 ἐξελιπάρησε
622 407 681 462 μή
708 409 981 462 συγχωρῆσαι
1011 405 1117 456 ὅλως
1147 413 1235 457 τοῖς
1266 408 1464 463 Τούρκοις
1491 403 1608 448 οἴκα-,

169 476 216 516 δε
245 472 497 527 ἀνθρώπους
522 478 776 527 μετενεγκεῖν
808 471 910 513 θεὸν
951 470 998 513 ὃν
1024 473 1142 527 ἡμεῖς
1176 471 1462 527 πρεσβεύομεν
1488 476 1608 526 σεβο-
1620 478 1663 512 V.
1674 479 1744 524 269

132 538 328 592 5μένους,
357 538 425 579 ἵνα
451 535 509 592 μὴ
532 536 605 592 τήν
630 537 769 579 πίστιν
789 532 952 587 ἄκοντες
977 540 1255 590 μεταθέμενοι
1281 539 1327 580 τὸ
1356 542 1474 580 θεῖον
1503 537 1609 580 κατὰ

167 607 251 646 τῶν
280 600 485 646 ἐκδόντων
514 601 768 656 ἐκμὴνωσιν,
796 600 902 643 α’λλὰ
931 601 977 644 τὸ
1005 605 1084 655 μὲν
1100 602 1316 656 Βλαχικόν
1344 603 1611 657 αἰχμάλωτον

168 673 211 719 ἐς
241 666 444 711 οἰκετικόν
479 668 741 722 ἀποδοθῆναι
764 667 1009 719 Ῥωμαίοις,
1054 667 1211 718 αὐτούς
1251 670 1296 709 δὲ
1339 667 1437 717 τούς
1459 685 1610 722 χειρω-

166 737 372 788 σαμένους
386 734 563 788 Πέρσας
592 733 956 788 φιλοφρονηθῆναι
984 733 1223 784 δεξιώσεσιν
1252 729 1416 786 ἑτέραις
1445 736 1611 786 βασιλι·

168 806 279 849 καῖς·
339 798 362 840 ὅ
406 799 454 840 δὲ
496 799 586 839 οὐδ’
626 793 732 846 ὅλως
775 799 1006 841 ἐπένευσεν.
1073 799 1166 840 ἐπεὶ
1201 799 1249 840 δὲ
1290 799 1364 839 καί
1395 800 1439 847 ές
1478 799 1609 840 αὐτόν

108 880 154 907 to
168 865 348 923 ἐφθάκει
374 862 448 907 τόν
475 863 717 919 Πρόσακον,
741 863 883 916 βαλών
910 865 1000 906 ἐκεῖ
1018 879 1100 905 που
1129 863 1376 919 στρατήγιον
1403 862 1507 918 ἔγνω
1535 867 1612 906 τοῦ

167 933 374 988 φρουρίου
404 930 557 971 αὐτίκα
586 926 889 981 πειράσασθαι.
946 932 1018 972 καί
1055 925 1108 985 ἦν
1137 928 1238 985 ἔργα
1267 928 1369 985 πρὸς
1394 929 1613 982 Ῥωμαίων

165 998 389 1052 τηνικαῦτα
410 993 640 1047 τελούμενα
663 996 848 1036 κατιδεῖν
861 996 1032 1050 γέρατος
1053 994 1122 1038 καί
1137 995 1355 1048 θαύματος
1370 990 1483 1046 ἄξια·
1504 994 1612 1050 ὑπὲρ

164 1062 244 1116 γὰρ
265 1062 436 1110 ἐλπίδας
455 1061 768 1114 διηγωνίσαντο.
785 1059 822 1100 οἱ
837 1061 916 1112 μὲν
933 1059 1014 1115 γάρ
1035 1063 1205 1115 θυρεοῖς
1222 1062 1294 1102 καί
1310 1066 1482 1115 γυμνοῖς
1499 1077 1612 1116 φρα-

166 1127 335 1180 ξιὲμενοι
363 1127 546 1181 ξίφεσιν,
578 1124 617 1165 οἱ
648 1126 695 1166 δὲ
722 1124 823 1175 τόξα
840 1123 914 1166 καί
929 1123 1030 1181 βέλη
1049 1128 1244 1182 φέροντες
1275 1125 1372 1180 περὶ
1399 1125 1451 1168 τοὶ
1483 1125 1610 1168 ἆνάν-
1623 1136 1656 1169 Ρ.
1670 1136 1736 1181 327

108 1192 215 1246 ι5τη
248 1192 322 1233 τοῦ
350 1192 557 1246 φρουρίου
585 1186 865 1244 ἆνερριχῶντο
890 1190 1110 1247 γεώλοφα,
1138 1190 1211 1232 καί
1235 1195 1319 1240 τοῖς
1348 1189 1432 1231 α’πό
1460 1191 1611 1244 τειχῶν

165 1258 239 1298 καί
273 1258 345 1310 τῆς
385 1251 516 1310 ἄκρας
550 1255 804 1308 μαχομένοις
839 1256 1178 1310 ἐπεγχρίπτοντες
1216 1253 1403 1308 ἔβαλλον.
1462 1256 1611 1308 α’μέλει

164 1321 239 1364 καί
261 1319 368 1374 μετὰ
399 1317 584 1374 κάματον
615 1323 690 1362 καί
716 1318 846 1376 φόνον
882 1320 1016 1363 πολύν
1041 1323 1289 1377 έξέκρουσαν
1317 1322 1415 1370 τούς
1442 1321 1608 1376 βαρβά-

164 1402 266 1441 ρους
293 1388 370 1428 τοῦ
397 1387 769 1440 προτειχίσματος,
808 1381 909 1442 ὅπερ
942 1386 1229 1443 προφύλαγμα
1259 1388 1341 1429 τῶν
1368 1388 1500 1428 ἐκεῖσε
1527 1404 1608 1428 πυ-

165 1454 249 1494 aab
291 1449 581 1510 ἐπῳκοδόμητο
607 1454 767 1494 νεωστί.
838 1446 948 1507 ἦσαν
977 1454 1017 1494 δ’
1046 1455 1087 1495 οἳ
1110 1454 1181 1496 καί
1209 1451 1278 1495 διά
1308 1453 1391 1494 τῶν
1416 1469 1608 1507 κρημνω-

104 1530 155 1556 20
168 1515 531 1570 δῶν-ιὶνιμώμενοι
571 1517 734 1559 ἀνόδων
766 1513 1023 1573 ἦκροβάτουν
1063 1518 1120 1567 ὥς
1150 1517 1343 1573 αἶ’γαγροι
1359 1551 1372 1570 ,
1401 1516 1611 1572 πειρώμε-

166 1599 230 1626 νοι
254 1585 450 1637 γενέσθαι
471 1580 569 1624 εἴσω
597 1585 747 1635 τειχῶν
773 1582 848 1625 καί
875 1582 980 1638 πρὸς
1006 1583 1139 1637 αὐτὴν
1165 1583 1242 1638 τὴν
1268 1578 1401 1638 ἄκραν
1422 1580 1607 1635 ἀναδρα-

165 1653 276 1701 μεῖν.
332 1647 421 1689 οἷλλ’
449 1643 517 1689 ὅτε
540 1664 581 1689 τι
612 1649 810 1690 διανύσαι
837 1646 957 1702 ἔργον
984 1647 1182 1705 ᾠήθησαν
1210 1648 1416 1703 σωτήριόν
1445 1663 1487 1689 τε
1517 1645 1607 1700 ἅμα

167 1714 240 1755 καί
266 1713 508 1764 κάλλιστον,
551 1711 651 1762 τούς
682 1714 754 1754 ἐπὶ
787 1716 870 1755 τῶν
896 1715 1048 1767 τειχῶν
1077 1709 1361 1766 ἀμυνομένους
1390 1712 1604 1766 τρεψάμε-

165 1792 230 1820 νοι
257 1776 330 1819 καὶ
354 1775 453 1818 εἴσω
471 1775 796 1831 συγκλείσαντες,
824 1775 920 1819 τότε
947 1779 1112 1827 εἰκαίως
1139 1774 1456 1830 διαπονούμενοι
1480 1776 1606 1831 ἔγνω-

103 1849 156 1890 25
168 1859 270 1887 σαν·
327 1840 572 1898 αἰτήσαντες
609 1841 690 1898 γὰρ
720 1844 934 1893 σκαπάνας
974 1845 1033 1893 εἷς
1058 1841 1135 1898 τὴν
1163 1846 1246 1885 τῶν
1273 1840 1504 1897 περιβόλων
1531 1851 1641 1884 aea-n

170 2000 231 2033 dei
257 1999 413 2033 cultores
442 2000 696 2045 imperatorem
732 2001 904 2034 obtestati
941 2007 1023 2035 sunt
1058 2012 1103 2035 ne
1138 2014 1158 2034 a
1191 2001 1317 2034 Turcis
1354 2001 1516 2034 homines
1541 2001 1604 2045 qui

170 2045 324 2079 eundem
352 2046 457 2079 deum
487 2047 608 2080 colant
631 2058 738 2092 quem
763 2059 828 2080 nos
853 2059 1122 2089 veneraremur,
1151 2047 1281 2080 abduci
1308 2048 1382 2080 ullo
1406 2047 1513 2081 modo
1541 2059 1607 2092 pa-

169 2098 328 2134 teretur,
350 2104 396 2126 ne
421 2093 628 2138 religionem
655 2093 819 2127 abiurare
843 2096 956 2127 coacti
975 2094 1081 2128 deum
1110 2100 1233 2128 contra
1254 2105 1315 2127 eos
1341 2107 1360 2127 a
1385 2094 1516 2140 quibus
1542 2093 1608 2126 de-

170 2139 238 2172 diti
264 2145 384 2173 essent
405 2140 635 2184 instigarent3
664 2141 728 2173 sed
751 2141 891 2174 Blachis
916 2142 953 2174 in
968 2143 1206 2174 Romanorum
1231 2142 1375 2174 servitia
1404 2140 1607 2174 distributis

168 2186 317 2227 Persae,
342 2187 405 2231 qui
430 2198 490 2219 eos
518 2187 717 2231 cepissent,
746 2187 827 2219 aliis
854 2188 1105 2231 largitionibus
1133 2189 1371 2233 placarentur.
1394 2199 1517 2220 verum
1544 2187 1607 2219 ille

168 2231 277 2277 plane
315 2233 450 2274 renuit3
491 2239 528 2266 et
551 2233 674 2266 castris
706 2233 750 2265 ad
774 2234 959 2267 Prosacum
992 2235 1121 2279 positis
1149 2235 1270 2268 statim
1301 2235 1607 2279 oppugnationem

169 2282 310 2312 tentare
346 2279 516 2312 instituit.
552 2290 593 2312 ac
616 2281 765 2312 Romani
792 2291 901 2325 opera
942 2281 1100 2314 edebant
1123 2281 1284 2325 praemio
1311 2287 1346 2313 et
1369 2281 1607 2313 admiratione

171 2323 300 2369 digna,
323 2336 420 2370 spem
452 2337 593 2359 omnem
617 2326 803 2360 alacritate
821 2333 1041 2372 superantes.
1065 2339 1146 2360 nam
1173 2328 1236 2360 alii
1263 2327 1388 2372 clipeis
1414 2333 1450 2360 et
1474 2327 1607 2360 strictis

171 2371 317 2404 ensibus
355 2372 506 2413 muniti,
547 2373 611 2405 alii
648 2384 748 2406 arcus
785 2378 822 2406 et
854 2374 1000 2418 sagittas
1038 2380 1218 2419 gestantes
1248 2374 1284 2406 in
1311 2373 1440 2407 arduos
1466 2373 1606 2406 castelli

171 2417 326 2450 tumulos
351 2419 573 2463 ziz-repebant,
593 2424 630 2452 et
642 2420 823 2452 moenium
851 2419 1057 2454 defensores
1072 2422 1155 2453 facti
1172 2421 1357 2466 propiores
1373 2419 1606 2466 impetebant.

172 2463 327 2507 denique
344 2470 426 2508 post
440 2466 685 2509 fatigationem
702 2472 738 2499 et
754 2466 898 2500 caedem
912 2468 1060 2501 multam
1084 2468 1255 2500 barbaros
1267 2467 1467 2500 munitione
1483 2477 1607 2498 recens

170 2510 283 2554 portis
309 2509 463 2545 obducta
491 2512 719 2556 depulerunt.
755 2519 857 2546 erant
885 2514 991 2546 etiam
1017 2515 1080 2559 qui
1108 2525 1172 2560 per
1205 2514 1422 2558 praecipites
1445 2512 1606 2545 tramites

171 2555 320 2588 funibus
345 2567 422 2589 sese
442 2558 671 2599 attollentes,
696 2564 732 2592 et
757 2560 795 2592 in
820 2559 968 2604 rupibus
998 2561 1111 2594 instar
1135 2571 1338 2605 caprearum
1367 2559 1606 2597 haesitantes,

171 2601 315 2635 moenia
341 2605 593 2637 transcendere
619 2611 656 2638 et
679 2606 718 2638 in
745 2606 860 2650 ipsam
884 2618 1000 2640 arcem
1025 2607 1174 2640 evadere
1199 2607 1412 2640 niterentur.
1437 2604 1500 2637 sed
1528 2614 1608 2635 cum

172 2648 497 2693 propugnatoribus
522 2651 718 2696 profligatis
757 2658 794 2685 et
821 2653 859 2686 in
884 2653 1070 2687 castellum
1099 2653 1290 2698 compulsis
1315 2663 1353 2685 se
1377 2662 1447 2683 rem
1473 2649 1610 2682 saluta—

174 2706 246 2727 rem
283 2701 320 2727 et
354 2693 630 2739 pulcherrimam
670 2698 867 2732 confecisse
898 2706 1089 2746 putarent,
1127 2705 1202 2732 tum
1227 2699 1370 2732 demum
1394 2696 1528 2729 laboris
1551 2696 1609 2728 sui

173 2741 366 2775 vanitatem
392 2741 660 2776 intellexerunt.
682 2755 762 2777 nam
787 2756 867 2778 cum
943 2758 1028 2779 ones
1054 2747 1100 2780 ad
1123 2746 1265 2779 moenia
1283 2742 1457 2778 diruenda
1484 2747 1609 2788 postu-
