1838 3210
256 162 367 218 226
677 175 904 218 NicETAE
943 174 1253 216 CnoNlA'rAE

124 289 156 322 P.
177 291 236 324 113
249 276 475 334 χρημάτων
508 277 671 329 χαίρειν
700 271 869 326 εἴασαν,
910 270 1152 328 σοφιστικόν
1178 289 1217 315 τι
1243 272 1316 315 καί
1342 275 1588 331 δραστήριον
1613 277 1679 318 ἐν·

248 344 486 398 νοήσαντες,
516 342 560 381 ἐκ
592 341 637 379 δὲ
667 338 897 393 συμφώνου
922 337 1186 392 συνήλθοσαν
1214 340 1312 380 δέκα
1339 337 1446 394 πρὸς
1474 344 1558 388 τοῖς
1584 343 1675 383 πέν-

247 424 291 451 τε
315 409 495 463 χρυσιου
534 401 748 458 λήψεσθαι
779 403 1021 458 κεντηνάρια
1046 403 1142 444 ἄνθ’
1181 420 1238 445 ων
1266 400 1487 446 ἀπώλεσαν
1510 405 1678 460 χοημοὶ-

248 488 331 515 των
371 469 657 512 παντοδαπῶν.
724 485 792 511 και
824 464 936 523 ειχον
978 468 1114 511 ταῦτα
1155 484 1235 523 ουχ
1266 466 1379 522 ἅμα,
1409 468 1604 519 πολῖοἱκις
1630 470 1678 513 δὲ

247 532 552 592 χορηγούμενα.
1516 546 1521 554 ’“
1690 542 1715 582 5

391 730 631 772 ΤΟΜΟΣ
663 731 900 774 ΕΚΤΟΣ
940 732 1079 772 ΤΗΣ
1125 699 1546 772 ΒΑΣΙΛΕΙΑΣ

504 840 842 903 ΜΛΝΟΥΗΛ
874 854 1003 902 ΤΟΥ
1022 853 1416 903 KOMNHNOY.

136 1037 175 1069 V.
190 1048 234 1082 92
368 1041 403 1066 1.
433 1007 556 1065 ”AM„
585 1019 696 1064 ου’τω
721 1025 798 1076 μὲν
825 1022 897 1065 καί
923 1026 1056 1066 ταῦτα
1087 1022 1278 1078 διήνυστο
1311 1024 1368 1080 τῶ
1394 1025 1562 1077 βασιλεῖ
1576 1026 1678 1067 Μα-

208 1090 395 1145 Βνουήλ·
471 1089 492 1131 ὃ
522 1091 567 1130 δὲ
593 1088 712 1143 λόγος
752 1092 1011 1143 προβαινέτω
1033 1094 1118 1138 τοις
1155 1090 1326 1146 ἑφεξῆς,
1356 1105 1426 1130 και
1455 1086 1604 1131 διδότω
1631 1090 1680 1146 τῇ

247 1154 411 1211 ἱστορία
454 1155 511 1202 ὥς
547 1156 716 1195 ἕκαστον
759 1153 846 1206 ἔχει
877 1155 950 1195 καί
975 1154 1130 1208 χρόνου
1167 1171 1237 1196 και
1281 1155 1534 1209 πράγματος.
1589 1153 1766 1198 ἑπειιο-

245 1219 322 1274 γὰρ
356 1221 431 1260 ου’κ
460 1214 509 1273 ἦν
546 1218 727 1272 ἡσυχίαν
754 1217 825 1261 τὸν
854 1218 1080 1260 σουλτάνον
1120 1217 1420 1273 ἀσπάσασθαι,
1450 1217 1561 1271 ἅπαξ
1592 1222 1681 1262 ἐπι-

247 1286 411 1339 τήδειον
443 1282 578 1341 ἐαυτῷ
608 1282 711 1338 πρὸς
740 1282 1034 1339 χρηματισμὸν
1065 1287 1135 1325 καί
1161 1289 1244 1334 τοῖς
1277 1285 1475 1339 Τούρκοις
1501 1288 1547 1327 δὲ
1575 1282 1680 1335 ὅλως

248 1348 561 1402 ἀνυσιμώτατον
603 1348 752 1404 γνόντα
793 1348 837 1391 τὸ
872 1345 941 1390 cisi
967 1348 1038 1390 ἐπὶ
1072 1348 1121 1390 τὰ
1143 1349 1363 1402 Ῥωμαίων
1393 1347 1488 1405 ὅρια
1513 1348 1683 1403 ἑκκεχύ-

246 1419 372 1468 σθαι,
404 1413 528 1465 ἔξεισι
572 1417 644 1455 καί
684 1412 808 1455 πάλιν
849 1415 935 1455 κατ’
966 1407 1097 1456 αὐτοῦ
1137 1416 1350 1468 βασιλεύς.
1414 1414 1463 1457 τὰ
1507 1419 1680 1458 πλεῖστα

245 1483 386 1533 μέντοι
415 1479 507 1520 οὐδ’
547 1478 671 1528 αὐτὸς
712 1478 777 1520 εἴα
805 1477 874 1521 τὸν
911 1476 1170 1534 Πεοσάοχην
1210 1481 1454 1533 καθεύδειν,
1484 1481 1576 1522 ἀλλ’
1603 1476 1681 1522 ὅσα
1701 1484 1748 1525 ι5

341 1603 372 1645 4.
399 1600 470 1644 οὐχ
495 1599 592 1648 flua]
637 1600 682 1633 οὗ
721 1592 783 1633 δια
816 1612 907 1647 μιας
927 1602 1066 1657 φορᾶς
1091 1598 1179 1633 ama
1206 1597 1268 1633 δια
1302 1602 1454 1636 πολλων
1476 1600 1620 1637 δόσεων
1634 1602 1682 1659 Β.

340 1659 371 1692 7.
398 1649 488 1681 ΤΟΥ
507 1646 805 1693 KOMNHNOY]
847 1648 886 1681 ἐν
911 1659 938 1679 ω
966 1650 1030 1680 καὶ
1054 1640 1122 1682 τόν
1146 1648 1221 1681 τῶν
1243 1647 1414 1704 τοῦρκων
1432 1647 1588 1687 διέξεισι
1611 1647 1684 1682 πό-

338 1696 453 1739 λεμον
477 1695 514 1726 Β.
680 1695 711 1727 8.
735 1692 933 1733 διήνυσται
959 1694 998 1726 Α.
1144 1704 1194 1726 ιο.
1220 1693 1323 1740 προίγ
1300 1694 1452 1741 γμαιος]
1481 1695 1615 1734 ταξεως
1641 1695 1681 1727 A.

341 1738 523 1821 ἑῖῑὲδηᾹΑ
528 1763 537 1772 .
659 1751 708 1773 ιι.
733 1738 754 1773 ὁ
790 1736 951 1775 σουλτάν
987 1738 1226 1780 ἀσπάζεσθαι
1264 1740 1304 1774 A.
1451 1743 1499 1776 ι.3
1525 1740 1680 1789 γνόντα]
1740 1767 1745 1771 «

250 1888 436 1921 recusavit.
462 1887 523 1920 sed
549 1887 617 1932 ipsi
643 1888 748 1920 aliam
777 1886 1052 1920 commodiorem
1077 1892 1113 1921 et
1144 1888 1326 1921 utiliorem
1350 1887 1524 1921 rationem
1547 1889 1683 1929 secuti,

250 1940 291 1967 ut
315 1934 451 1967 strenui
480 1939 515 1966 et
542 1935 691 1967 solertes
729 1940 965 1975 mercatores,
991 1934 1121 1967 omissa
1156 1936 1330 1980 pecuniae
1355 1946 1439 1968 suae
1466 1935 1683 1979 repetitione

250 1981 465 2025 pepigerunt
497 1985 538 2013 ut
568 1981 639 2013 sibi
672 1980 876 2024 quindecim
916 1981 992 2013 auri
1027 1981 1224 2014 centenarii
1246 1992 1310 2026 pro
1353 1981 1553 2014 confiscatis
1576 1981 1682 2014 bonis

252 2026 442 2068 darentur-3
469 2037 562 2071 quae
588 2038 723 2059 summa
751 2038 824 2060 non
844 2027 951 2060 simul
974 2026 1039 2061 sed
1069 2027 1233 2073 pluribus
1257 2027 1493 2073 pensionibus
1524 2027 1576 2061 eis
1598 2037 1682 2073 per-

253 2073 370 2106 soluta
400 2077 463 2105 est.

434 2217 722 2258 NICETAE
766 2218 1153 2259 CHONIATAE
1190 2220 1386 2261 LIBER
1421 2220 1490 2262 Vl

316 2341 519 2384 RERUM
553 2342 594 2385 A
626 2336 911 2386 MANUELE
946 2343 1240 2387 COMNENO
1277 2344 1615 2391 GESTARUM.

446 2459 552 2519 Hoc
577 2487 722 2531 negotio
747 2487 909 2520 confecto
934 2487 1081 2520 Manuel
1115 2492 1239 2522 contra
1265 2488 1454 2522 sultanum
1479 2488 1602 2522 educit
1620 2499 1682 2522 co-

253 2535 353 2580 pias,
373 2500 559 2567 ¹hominem
584 2533 739 2577 inquieti
764 2534 919 2577 ingenii,
944 2534 1178 2567 Romanarum
1204 2535 1466 2579 provinciarum
1490 2539 1680 2580 perpetuas

255 2581 478 2614 incursiones
510 2579 582 2612 suis
607 2579 874 2624 Turcarumque
909 2579 1038 2623 opibus
1075 2581 1248 2625 augendis
1278 2581 1487 2615 utilissimas
1515 2581 1680 2615 iudican—

254 2632 337 2660 tem
349 2637 473 2672 quare
496 2625 589 2658 nihil
626 2626 692 2658 otii
718 2625 985 2658 concedendum
1024 2626 1082 2666 ei,
1119 2626 1182 2660 sed
1206 2627 1358 2660 subinde
1388 2629 1495 2661 armis
1523 2628 1680 2664 vicissim

254 2673 501 2706 lacessendum
533 2682 610 2704 esse
637 2673 789 2716 putavit.
824 2671 975 2716 proinde
1010 2673 1110 2706 nulla
1147 2673 1318 2716 foedera,
1341 2674 1463 2708 nullae
1487 2673 1679 2715 indutiae,

254 2719 452 2763 legationes
476 2718 597 2752 nullae
623 2718 871 2764 expeditiones
903 2729 1025 2753 eorum
1052 2719 1301 2762 morabantur,
1334 2731 1414 2756 eum
1440 2725 1592 2767 uterque
1615 2731 1679 2754 au-
