1878 3230
527 220 598 261 DE
639 218 855 262 isAAcuo
898 219 1115 262 ANGELO
1157 219 1254 260 Lm.
1296 221 1329 260 ι.
1527 201 1634 274 491

201 317 302 362 ὅθεν
323 321 566 372 διαδέχεται
591 318 665 372 τήν
693 317 915 374 ἡγεμονίαν
946 318 971 359 ὅ
1000 318 1174 374 Βρανᾶς
1192 320 1393 369 Ἀλὲξιος.
1448 316 1469 359 ὃ
1498 319 1544 360 δὲ
1573 319 1646 359 καὶ

198 386 330 428 πάλαι
355 387 434 438 μὲν
464 386 664 439 ἑνήδρευε
697 385 748 440 τῇ
789 384 1004 441 βασιλείᾳ,
1038 385 1160 439 ἡνίκα
1201 384 1274 427 τὸν
1312 381 1415 425 κατὰ
1447 385 1644 426 Λατίνων

200 449 445 508 ἐστρατήγει
470 447 668 503 πόλεμον,
702 447 812 491 ὥστε
850 451 924 492 καί
948 448 1106 505 νύκτωρ
1150 452 1225 492 τοῦ
1256 452 1449 502 τεμένους
1491 444 1644 491 ἄδυτον

197 517 343 560 εἰσιών
370 518 587 559 ἄνασειέιν
606 513 709 569 πρὸς
736 516 996 558 ἀποστασίαν
1022 517 1215 571 ἐπειρᾶτο
1236 513 1308 558 τὸν
1327 509 1465 569 ὄχλον.
1520 511 1576 565 ὥς
1605 516 1646 557 δ’

159 584 252 624 5ου·
281 579 523 637 προυχώρει
552 581 782 635 τηνικαῦτα
807 578 861 622 τὰ
889 577 1044 622 ἑαυτοῦ
1083 580 1306 634 διαβούλια
1323 613 1335 633 ,
1377 578 1563 631 σπονδάς
1598 582 1644 623 ἐκ

196 650 404 702 βασιλέως
433 645 654 699 δεξάμενος
682 646 759 700 τήν
795 647 874 698 μὲν
913 645 1060 702 ἔφεσιν
1103 648 1178 688 καί
1216 646 1343 688 πάλιν
1380 645 1532 702 ἔτρεφε
1567 644 1645 701 τήν

197 714 355 768 αὐτήν,
398 710 587 766 κατέχων
617 711 690 767 βίᾳ
722 712 795 752 καί
820 706 963 765 ἄγχων
996 708 1054 762 ὥς
1081 711 1206 754 ἵππον
1234 711 1401 767 ειῖήνιον
1434 711 1482 754 τὸ
1527 710 1644 754 ἐνδό-

195 794 334 834 μυχον
364 779 595 835 φίλαρχον,
625 773 720 818 τότε
749 778 795 818 δὲ
834 776 890 826 ὥς
933 776 1058 832 ξυρὸς
1102 775 1255 833 α’κόνης
1291 783 1364 833 τῆς
1406 780 1645 833 συνδρομῆς

198 845 282 889 τῶν
309 840 630 901 στρατευμάτων
656 840 886 896 λαβόμενος
911 839 1119 898 ὖπέθηξεν
1146 841 1301 886 ἑαυτὸν
1328 845 1458 898 πέρας
1485 845 1645 886 ἐπιθεῖ-

137 923 184 952 10
198 927 265 954 ναι
293 915 378 960 τοῖς
405 909 699 962 σκεπτομένοις
724 907 940 964 πρότερον.
998 908 1072 951 καί
1097 907 1147 965 δὴ
1167 907 1421 963 συμβούλοις
1441 911 1500 960 εἰς
1521 912 1642 952 τοῦτο
1655 920 1688 954 Ρ.
1703 919 1766 964 ²4¹

192 1075 365 1110 barbaros
389 1075 502 1108 vitata
527 1075 681 1120 planitie
707 1076 745 1108 in
773 1074 959 1109 montibus
984 1087 1021 1109 se
1048 1080 1172 1110 tenere
1200 1075 1419 1116 audivisset,
1444 1087 1518 1108 non
1547 1076 1640 1120 cogi-

192 1124 285 1158 tavit
308 1122 391 1155 illos
414 1122 689 1156 reficiendarum
719 1122 850 1155 virium
875 1133 992 1163 causa,
1018 1128 1056 1156 et
1078 1134 1151 1168 quo
1176 1124 1330 1156 tutiores
1355 1123 1448 1163 sint,
1474 1122 1528 1155 ibi
1544 1133 1642 1155 com-

191 1169 334 1204 morari:
344 1168 408 1203 sed
418 1168 458 1201 id
466 1169 599 1203 factum
612 1168 845 1203 timiditatem
858 1169 1114 1214 interpretatus
1130 1169 1168 1202 in
1181 1169 1301 1202 medio
1312 1180 1437 1213 campo
1449 1174 1562 1201 castra
1576 1180 1643 1214 po-

192 1218 277 1259 suit,
286 1226 407 1262 neque
420 1216 594 1250 custodiis
604 1226 723 1261 neque
732 1215 893 1249 excubiis
905 1215 1189 1249 accuratioribus
1202 1227 1298 1256 usus,
1307 1226 1428 1260 neque
1439 1215 1535 1248 valio
1544 1212 1642 1248 com'-

192 1263 346 1297 munito.
374 1263 499 1307 itaque
523 1267 632 1296 noctu
658 1274 678 1295 a
700 1262 865 1295 barbaris
891 1274 1082 1308 oppressus
1105 1262 1166 1296 vix
1188 1262 1321 1302 evadit,
1349 1262 1509 1295 exercitu
1533 1262 1643 1296 variis

190 1309 307 1344 modis
321 1309 464 1343 amicto:
478 1319 560 1342 nam
577 1309 641 1342 alii
654 1309 813 1343 iacentes
830 1309 869 1342 in
884 1310 1052 1343 tentoriis
1064 1309 1335 1350 occidebantur,
1349 1309 1412 1342 alii
1430 1309 1586 1342 inermes
1604 1310 1644 1344 in

191 1358 276 1402 suga
291 1356 537 1402 capiebantur.
557 1357 620 1402 qui
636 1367 719 1389 vero
737 1367 852 1402 usque
871 1356 916 1389 ad
929 1357 1089 1390 Caesaris
1105 1355 1377 1390 tabernaculum
1398 1356 1643 1402 profugerant,

191 1404 364 1439 maiorem
388 1403 465 1436 eius
494 1414 602 1458 quam
629 1402 788 1436 hostium
813 1403 1048 1437 acerbitatem
1074 1408 1159 1437 sunt
1183 1403 1345 1449 experti,
1368 1415 1388 1435 a
1413 1414 1485 1448 quo
1513 1406 1643 1436 contu'-

190 1451 310 1485 meliis
338 1455 382 1483 ut
410 1449 615 1495 proditores
639 1449 978 1495 proscindebantur.
1015 1456 1057 1484 ut
1089 1456 1210 1484 autem
1247 1455 1453 1495 susceptum
1482 1449 1642 1483 dedecus

191 1498 380 1538 aboleret,
407 1502 563 1531 armatus
587 1496 780 1530 Arabicum
811 1508 945 1543 equum
972 1497 1202 1538 conscendit,
1240 1502 1416 1542 scutoque
1450 1497 1488 1529 in
1513 1507 1641 1529 manus

192 1549 336 1590 sumpto
364 1544 403 1577 in
425 1544 605 1578 confertos
629 1544 751 1577 hostes
785 1550 840 1578 est
862 1545 1049 1586 invectus,
1077 1544 1278 1577 vociferans
1303 1543 1524 1589 „sequimini
1548 1545 1639 1583 me,'’

192 1603 274 1624 cum
298 1602 367 1624 nec
391 1590 533 1624 videret
555 1602 676 1636 neque
701 1591 809 1624 sciret
843 1602 915 1636 quo
954 1591 1024 1625 iret
1067 1597 1131 1624 aut
1170 1590 1260 1636 quid
1291 1591 1331 1624 in
1368 1590 1495 1623 castris
1527 1590 1641 1623 fieret.

193 1638 361 1672 Romanis
388 1638 439 1670 ita
461 1637 566 1671 victis
591 1643 628 1671 et
653 1637 890 1682 fugientibus,
918 1639 1038 1671 omnia
1062 1637 1296 1671 tabernacula
1323 1643 1408 1670 sunt
1437 1636 1579 1681 direpta
1604 1641 1642 1669 et

191 1684 326 1717 vexilla
352 1689 455 1728 capta
479 1690 516 1718 et
539 1694 670 1717 aureae
698 1685 859 1717 Caesaris
883 1690 1001 1718 vestes
1021 1685 1226 1729 ferrugineo
1244 1684 1363 1717 colore
1378 1684 1643 1728 interpunctae;

193 1742 283 1776 quas
307 1731 430 1764 Petrus
457 1736 495 1764 et
517 1730 612 1764 Asan
634 1730 856 1772 induerunt,
880 1737 965 1764 ante
991 1732 1187 1764 exercitum
1213 1730 1435 1770 incedentes,
1462 1735 1498 1763 et
1522 1730 1643 1763 taber-

191 1778 324 1814 nacula
349 1788 413 1810 sua
442 1777 481 1810 in
519 1777 674 1822 planitie
707 1778 872 1811 fixerunt.
909 1778 1062 1823 imperio
1089 1778 1338 1811 Cantacuzeno
1364 1777 1510 1810 Caesari
1535 1777 1643 1810 abro-

192 1830 295 1869 gato,
323 1823 398 1857 dux
425 1824 538 1857 totius
565 1824 742 1858 exercitus
770 1824 972 1858 declaratus
997 1830 1052 1859 est
1077 1827 1210 1859 Branas
1235 1824 1408 1865 Alexius,
1431 1822 1533 1856 brevi
1560 1824 1644 1868 qui-

194 1871 277 1904 dem
302 1870 366 1904 ille
395 1875 553 1911 statura,
589 1870 653 1904 sed
678 1882 807 1916 magno
842 1871 988 1915 ingenio
1024 1877 1061 1905 et
1098 1871 1294 1916 prudentia
1321 1871 1398 1911 vir,
1435 1875 1545 1915 atque
1578 1870 1643 1902 iila

194 1923 317 1951 aetate
345 1928 502 1950 summus
528 1918 732 1962 imperator.
759 1918 823 1963 qui
850 1919 1009 1952 exercitu
1036 1924 1215 1963 suscepto,
1240 1928 1314 1951 non
1330 1917 1555 1950 confidenter
1578 1916 1643 1949 sed

193 1965 451 2009 circumspecte
479 1969 593 1997 castra
617 1965 842 2005 metabatur,
867 1965 1042 1998 instructa
1070 1965 1303 2010 progrediens
1327 1964 1428 2005 acie,
1463 1969 1573 2009 atque
1602 1964 1642 1997 in

195 2011 233 2044 id
262 2012 424 2045 intentus
448 2016 490 2043 ut
515 2016 551 2043 et
575 2011 716 2044 hostem
744 2011 971 2045 detrimentis
996 2012 1152 2045 afficeret
1184 2018 1221 2046 et
1247 2022 1371 2044 omnes
1396 2011 1518 2056 copias
1544 2011 1643 2055 peri-

193 2058 268 2091 culi
293 2063 457 2103 expertes
494 2064 730 2093 conservaret.
767 2059 819 2091 ita
853 2059 978 2091 multis
1015 2059 1190 2103 angustiis
1226 2057 1423 2104 superatis,
1452 2057 1499 2090 ad
1522 2057 1643 2090 locum

193 2105 256 2150 qui
281 2105 392 2148 Niger
418 2104 579 2137 tumulus
603 2104 737 2138 dicitur
764 2106 938 2150 pervenit.
970 2106 1023 2139 ibi
1059 2106 1185 2139 castris
1209 2106 1338 2150 positis
1363 2104 1535 2150 valloque
1562 2116 1643 2137 mu-

192 2152 270 2185 nito
298 2152 349 2184 rei
374 2150 467 2184 bene
490 2151 670 2195 gerendae
684 2163 783 2197 spem
804 2151 1014 2186 hominibus
1034 2152 1216 2186 afferebat.
1239 2152 1303 2185 sed
1330 2163 1410 2185 cum
1424 2151 1523 2195 regni
1540 2151 1645 2195 cupi-

193 2198 309 2231 ditate
336 2203 513 2243 perpetuo
545 2203 749 2239 aestuaret,
775 2204 852 2232 tum
879 2200 1039 2233 animum
1062 2211 1166 2233 suum
1199 2198 1404 2232 declaravit.
1431 2210 1514 2231 nam
1544 2197 1643 2231 idem

192 2246 326 2278 Branas
352 2256 433 2277 cum
456 2245 612 2289 primum
636 2246 681 2279 ab
708 2246 924 2290 imperatore
949 2246 1023 2280 dux
1046 2247 1092 2279 ad
1115 2246 1254 2279 bellum
1289 2246 1449 2279 Siculum
1483 2244 1612 2277 missus
1630 2270 1641 2284 ,

194 2292 331 2324 auxilia
351 2292 609 2325 Germanorum
635 2303 729 2337 quae
752 2299 939 2338 acceperat
964 2294 1050 2327 satis
1074 2293 1210 2326 habere
1237 2293 1365 2325 virium
1394 2291 1439 2324 ad
1465 2291 1643 2324 iuvandos

194 2344 344 2371 conatus
370 2349 453 2372 suos
477 2343 575 2371 ratus
605 2339 702 2385 (nam
731 2340 898 2372 Romanis
924 2340 1128 2384 legionibus
1162 2345 1304 2373 tantum
1339 2351 1413 2372 non
1441 2338 1579 2371 fidebat
1602 2343 1644 2370 ut

194 2384 248 2416 eis
274 2385 465 2418 consilium
490 2396 593 2418 suum
621 2387 761 2431 aperire
794 2387 960 2433 auderet)
995 2387 1146 2420 eandem
1181 2387 1276 2419 viam
1314 2391 1351 2419 et
1389 2386 1466 2430 ipse
1502 2383 1643 2428 ingredi

195 2432 325 2464 statuit
337 2443 430 2476 quae
455 2433 631 2465 Isaacium
649 2432 694 2466 ad
722 2434 914 2478 imperium
937 2434 1176 2479 perduxisset.
1202 2433 1312 2478 igitur
1334 2443 1501 2476 magnum
1527 2432 1560 2464 S.
1577 2431 1643 2463 So-

196 2476 305 2521 phiae
331 2478 506 2524 templum
531 2479 709 2523 ingressus
725 2506 734 2521 ‚
762 2481 799 2513 in
826 2481 946 2515 medio
973 2485 1071 2514 stans
1097 2491 1201 2526 opem
1228 2479 1492 2513 introeuntium
1518 2482 1643 2510 contra

195 2522 358 2567 iniquam
384 2530 421 2557 et
445 2537 646 2570 perversam
679 2527 905 2571 imperatoris
931 2528 1042 2568 iram,
1080 2539 1187 2573 quem
1218 2527 1320 2560 nulla
1357 2536 1394 2558 re
1432 2523 1643 2558 offendisset

195 2579 316 2613 neque
343 2572 535 2616 quicquam
558 2578 702 2617 praeter
724 2574 894 2607 mandata
920 2580 957 2608 et
978 2575 1202 2608 voluntatem
1225 2574 1302 2606 eius
1328 2573 1483 2611 fecisset,
1510 2569 1643 2613 implo-

196 2620 271 2655 rat,
307 2620 344 2648 et
378 2628 432 2650 res
467 2624 582 2661 gestas
621 2632 703 2653 suas
739 2621 924 2654 celebrare
959 2622 1129 2654 instituit.
1165 2633 1236 2662 „an
1269 2619 1463 2664 ignoratis’'
1501 2616 1642 2660 inquit,

197 2662 309 2702 ,‚viri‚
335 2673 441 2706 quam
466 2664 608 2698 fortiter
634 2667 672 2699 in
698 2666 806 2700 bellis
832 2680 888 2701 me
915 2668 1109 2712 gesserim?
1137 2674 1177 2700 ut
1200 2668 1322 2699 hostes
1348 2666 1478 2698 iterum
1502 2672 1543 2694 ac
1568 2666 1644 2694 ter-

196 2709 287 2743 tium
312 2708 488 2742 industria
513 2723 592 2744 mea
620 2714 863 2756 superarim?'’
893 2720 930 2748 et
956 2715 1131 2759 populum
1160 2714 1205 2746 ad
1230 2712 1447 2746 seditionem
1473 2708 1639 2741 concitat.

197 2761 238 2787 ut
265 2760 384 2788 autem
411 2766 448 2788 se
473 2757 566 2789 nihil
589 2760 762 2802 proficere
782 2761 943 2801 videbat,
971 2762 1146 2805 promissa
1172 2760 1216 2792 ab
1242 2761 1458 2802 imperatore
1483 2755 1642 2798 impuni--

196 2806 270 2841 tate
296 2802 433 2849 coeptis
469 2802 634 2845 destitit,
675 2806 800 2846 eadem
833 2807 1033 2854 cupiditate
1070 2806 1307 2846 nihilomiuus
1348 2807 1509 2845 retenta,
1538 2801 1641 2836 cuius
