1878 3230
469 176 695 218 Amms
738 176 1008 219 mumius
1048 176 1290 221 comm-:m
1336 180 1383 220 F.
1543 179 1649 235 297

1644 280 1657 295 J

208 273 326 329 παρὰ
371 277 568 318 τοσοῦτον
607 277 659 318 οὗ
698 277 771 320 τὸν
813 275 958 333 προόην
999 280 1128 320 ἕλκων
1171 277 1354 334 πονηρὸν
1383 280 1523 331 βίοτον
1555 295 1638 330 παρ

209 336 308 382 ὅσον
331 340 381 382 οὗ
419 343 493 395 τῆς
523 341 743 395 Ῥωμαίων
771 344 972 394 ἐπλάζετο
1009 343 1235 399 ὑπερόριος
1265 345 1339 385 κατ’
1365 345 1534 399 δωρεῶν
1566 344 1654 384 ε’νε-

207 411 379 460 φορεῖτο
406 408 647 458 βασιλικῶν.
703 411 835 451 ἐκεῖσε
865 413 1006 451 τοίνυν
1037 406 1095 450 α’)’ν
1112 408 1184 451 τὸν
1211 411 1291 450 τοῦ
1309 406 1517 463 Μανουῆλ
1546 409 1655 463 η’νω-

206 472 353 512 τίσατο
378 470 563 514 θάνατον
591 475 665 515 καί
690 473 768 523 τοὶς
795 475 839 516 ἐν
875 479 961 523 τοῖς
989 477 1223 528 βασιλείοις
1250 473 1399 524 νόσους
1426 471 1631 528 ἠκρίβωκε
1640 506 1654 527 ,

169 537 281 582 5καί
307 537 364 585 ὥς
407 537 430 578 ὅ
469 537 672 591 βασιλεύς
714 541 895 590 Ἀλέξιος
925 539 1154 592 ἱππασμοῖς
1188 542 1400 593 διαχεῖται
1426 541 1499 580 καί
1525 555 1654 596 προσ-

204 603 344 656 τέτηκε
397 605 586 652 παιδιαῖς
634 601 808 653 ὁπόσαις
859 607 1108 660 φιληδοῦσιν
1161 605 1200 647 οἱ
1237 604 1540 660 παιδαριώδεις
1577 604 1698 659 vij,
1720 617 1784 663 ¹49

207 664 436 722 φρόνησιν,
472 670 553 710 τῶν
581 670 629 710 δὲ
657 671 1022 723 παιδοκομούντων
1049 669 1184 712 αὐτὸν
1210 671 1476 725 εὐπατριδῶν
1507 671 1545 712 οἱ
1575 671 1655 724 μὲν

203 730 311 773 κατὰ
341 732 420 781 τὰς
443 733 644 786 μελίσσας
671 734 808 789 συχνοὶ
826 734 932 790 πρὸς
959 734 1037 784 τὰς
1066 737 1274 792 ἐπαρχίας
1299 735 1448 793 λύουσι
1476 734 1521 778 τὸ
1554 752 1653 777 πτε-

203 794 279 851 ρὸν
304 797 377 839 καί
405 798 460 847 (ὃς
487 801 584 852 μέλι
610 798 660 842 τὰ
690 799 888 855 χρήματα
908 799 1280 855 τιθαιβώσσουσιν,
1310 799 1350 842 οἱ
1380 802 1426 842 δὲ
1445 798 1552 842 κατὰ
1575 799 1653 849 τὰς

145 882 191 908 ιο
203 858 324 916 αἶγας
351 867 427 905 τοῦ
450 865 523 919 τῆς
565 865 784 918 βασιλείας
812 868 940 920 ἑρῶσι
965 868 1105 908 θαλοῦ
1127 867 1200 909 καί
1229 867 1415 920 συνεχῶς
1442 867 1651 919 ἐρωτιαῖσι

200 930 364 970 τουτονί
401 930 655 984 δρέπεσθαι,
700 929 802 973 ἔνιοι
825 933 872 973 δὲ
916 931 992 982 τὰς
1020 927 1073 981 ὗς
1109 934 1363 986 μιμούμενοι
1394 934 1440 975 ἐκ
1462 934 1544 985 τῶν
1571 932 1651 988 ῥυ-

200 996 458 1050 παρωτέρων
483 994 698 1052 προσόδων
724 1000 997 1051 λιπαίνονται,
1025 997 1132 1053 πρὸς
1161 1001 1239 1051 μὲν
1258 997 1304 1040 τὸ
1333 996 1551 1040 ἐπαινετὸν
1578 998 1652 1039 καί

198 1061 271 1114 τῆς
296 1061 435 1115 κοινῆς
462 1064 663 1116 πατρίδος
695 1063 908 1118 ὠφέλιμον
946 1065 1037 1105 ου’δ·
1065 1064 1266 1118 α’ναθρεῖν
1294 1059 1399 1112 ὅλως
1426 1064 1519 1104 οὐδ’
1544 1059 1650 1104 ἄνα-

198 1123 369 1167 κύπτειν
405 1125 667 1181 αἱρούμενοι,
719 1135 812 1176 ταῖς
834 1130 881 1171 δὲ
907 1135 1125 1184 μυσαραῖς
1153 1128 1511 1183 ἐγκυλινδούμενοι
1538 1125 1650 1182 προῖ-

139 1196 186 1238 ῐ5
200 1195 287 1243 ξεσι
314 1190 387 1233 καί
415 1194 590 1242 συωδῶς
617 1192 733 1248 πρὸς·
752 1191 866 1236 ἅπαν
900 1194 1225 1248 ε’γκυπτάζοντες
1250 1197 1482 1250 χείριστον.
1540 1193 1649 1235 αἴτι’-

198 1273 252 1299 αν
283 1251 360 1300 οὖν
387 1259 639 1313 ἔφιλοκρίνει
665 1258 739 1301 καί
764 1259 973 1316 ἅνηρεύνα
1011 1260 1353 1316 περιεργότερον,
1383 1261 1440 1301 δι’
1467 1253 1517 1314 ἧς
1546 1256 1648 1300 εὖα-

197 1320 374 1379 φόρμως
410 1326 464 1380 τῇ
501 1324 695 1382 βασιλείᾳ
721 1327 934 1368 ἐπίθοιτο·
990 1326 1065 1367 καί
1090 1324 1268 1375 πολλοὺς
1295 1324 1522 1380 λογισμούς
1553 1325 1646 1367 ἅνε-

194 1388 313 1439 agag
335 1391 408 1430 καί
432 1391 572 1432 πᾶσαν
585 1390 780 1446 μηχανήν
805 1391 1019 1445 μετελθών
1035 1393 1150 1441 τέλος
1175 1390 1220 1434 τὸ
1250 1393 1328 1433 τοῦ
1357 1387 1482 1447 ὅρκου
1509 1393 1646 1444 βιβλί-

194 1469 240 1496 ον
268 1452 426 1497 ἔπεισιν
451 1451 498 1497 ὃν
523 1459 579 1514 τῷ
605 1456 820 1512 111ανουηλ
859 1457 933 1500 καί
956 1460 1015 1515 τῷ
1041 1457 1121 1515 υἱῷ
1149 1459 1308 1500 ἐκείνου
1331 1457 1503 1514 Ἀλεξίῳ
1532 1453 1687 1510 εἶχενΒ

132 1537 183 1564 20
195 1518 454 1574 ὀμωμοκώς,
496 1521 571 1563 καί
599 1525 699 1575 μεθ’
733 1520 883 1578 ἑτέρων
911 1523 1050 1579 εὑρών
1087 1521 1291 1578 ῥημάτων
1319 1526 1393 1565 καί
1413 1525 1547 1564 ταῦτα
1577 1524 1646 1576 ἐγ-

193 1585 361 1639 κει’μενα
382 1611 460 1628 —.
488 1585 629 1642 χρεών
659 1589 705 1630 δὲ
721 1586 778 1643 μη
801 1587 1073 1631 ὗπονοθεύειν
1099 1586 1222 1644 ἑτέρᾳ
1243 1587 1397 1644 φράσει
1426 1587 1479 1630 τὰ
1510 1588 1646 1642 ῥήμα-

192 1668 267 1704 τα,
296 1653 384 1694 ἀλλ’
416 1650 473 1702 ὥς
505 1651 576 1694 ἐπὶ
600 1654 749 1704 λέξεων
777 1651 910 1708 εἶχον,
942 1654 1104 1696 οὑτωσί
1130 1655 1204 1696 καί
1232 1657 1398 1709 δηλοῦν.
1428 1652 1646 1711 διεξῄεσαν

195 1718 242 1759 δὲ
271 1711 353 1758 ὧδε
382 1718 484 1770 „nal
511 1716 555 1759 εἴ
575 1734 617 1759 τι
646 1721 693 1760 δὲ
720 1717 799 1761 ἴδω
834 1717 863 1774 ἢ
891 1720 1027 1774 νοήσω
1055 1716 1080 1774 ἢ
1107 1719 1212 1776 ἀκοῇ
1242 1718 1549 1774 παραλήψομαι
1585 1721 1646 1769 εἷς

194 1782 369 1837 α’τιμίαν
397 1783 517 1837 ὑμῶν
544 1786 617 1826 καί
646 1783 784 1840 λύμην
809 1788 885 1827 τοῦ
911 1785 1115 1841 ὑμετέρου
1135 1785 1365 1842 φερόμενον
1392 1787 1642 1838 στέμματος,

287 1902 321 1936 5.
344 1899 570 1949 ἴππασμοῒς]
600 1900 837 1956 παιγνιδίοις
861 1903 924 1948 καὶ
949 1902 1192 1956 ἐγκρᾶσμασι
1216 1900 1312 1948 μετὰ
1338 1900 1505 1935 παιδίων
1528 1902 1643 1944 ἀνοή-

285 1959 362 1982 των
386 1949 513 1987 παίζει
536 1949 573 1981 B.
670 1961 722 1983 ιι.
790 1960 859 1985 τας
883 1948 940 1996 ὑς]
970 1960 1035 1985 τας
1056 1952 1193 1994 μίγιας
1215 1949 1252 1980 Β.
1350 1947 1642 1996 ρυπαρωιέρων]

285 1995 554 2079 ζιιῗςαρὰωτέρων
583 1995 634 2037 A,
657 1997 882 2042 παχυτέρων
914 1997 978 2029 καὶ
1003 1997 1270 2043 λιπαρωτέρων
1294 1995 1330 2027 Β.
1451 2005 1506 2029 20.
1531 1995 1642 2042 εὕρη-

194 2137 286 2170 tario
317 2138 427 2170 exilio
445 2163 455 2179 ‚
481 2137 545 2171 sed
570 2139 750 2172 aerumnis
777 2139 851 2172 illis
881 2150 1040 2172 errorum
1065 2139 1181 2179 liber,
1209 2143 1245 2171 et
1262 2138 1496 2183 imperatoria
1521 2139 1643 2170 muni-

192 2185 339 2217 ficentia
361 2184 558 2218 fruebatur.
587 2197 630 2218 eo
658 2186 738 2218 loco
763 2186 896 2231 degens
930 2198 1010 2219 cum
1034 2185 1214 2219 Manuelis
1242 2185 1385 2218 obitum
1414 2190 1452 2217 et
1477 2185 1641 2229 palatina

193 2230 343 2264 dissidia
371 2237 409 2264 et
431 2231 551 2264 Alexii
575 2233 819 2277 equitationes
844 2238 880 2266 et
911 2233 1034 2274 lusus,
1067 2233 1200 2277 quibus
1227 2232 1383 2277 puerilia
1410 2232 1556 2275 ingenia
1583 2244 1644 2265 ca-

191 2278 364 2322 piuntur,
389 2277 572 2320 audisset,
615 2285 796 2312 curatores
819 2290 903 2313 vero
930 2280 1008 2312 eius
1032 2280 1203 2324 patricios
1229 2279 1360 2324 partim
1385 2283 1427 2311 ut
1453 2289 1537 2323 apes
1564 2290 1642 2311 cre-

187 2323 259 2356 -bro
284 2325 323 2357 in
349 2325 552 2369 provincias
578 2326 721 2359 evolare
747 2332 784 2359 et
805 2337 870 2371 pro
894 2327 1003 2359 melle
1028 2327 1218 2370 pecuniam
1245 2336 1458 2369 congerere,
1483 2326 1614 2369 partim
1630 2350 1638 2365 ‚

192 2375 235 2404 ut
256 2382 383 2416 caprae
411 2371 557 2405 frondes
575 2398 584 2413 ,
620 2373 672 2405 ita
708 2374 898 2418 imperium
927 2373 1156 2406 continenter
1179 2378 1373 2417 appetere,
1400 2373 1532 2416 partim
1555 2383 1641 2417 por-

192 2428 315 2450 corum
339 2418 543 2451 imitatione
561 2419 716 2453 sordidis
742 2420 978 2464 proventibus
999 2421 1246 2465 pinguescere,
1270 2418 1388 2452 laudis
1414 2429 1498 2451 vero
1525 2425 1562 2452 et
1586 2419 1639 2451 rei

190 2463 362 2508 publicae
385 2465 522 2498 nullam
550 2477 694 2510 prorsus
722 2467 900 2500 rationem
925 2466 1080 2507 habere,
1113 2466 1177 2499 sed
1201 2467 1240 2498 in
1261 2465 1490 2510 turpitudine
1514 2471 1551 2498 et
1574 2465 1640 2497 ssa-

191 2510 290 2553 gitiis
315 2511 482 2545 omnibus
507 2513 667 2546 volutari
700 2515 955 2558 comperisset,
983 2514 1181 2558 speciosam
1207 2511 1403 2545 invadendi
1428 2513 1527 2555 regni
1554 2523 1642 2543 cau-

191 2567 268 2588 sam
293 2559 482 2601 quaeritat.
507 2570 549 2592 ac
572 2565 656 2603 post
680 2561 796 2593 varias
833 2561 1070 2604 cogitationes
1099 2566 1137 2593 et
1156 2560 1379 2603 multiplices
1405 2564 1554 2590 conatus
1582 2558 1640 2589 iu-

193 2603 388 2636 risiurandi
416 2605 608 2646 libellum,
649 2606 748 2651 quod
770 2607 935 2640 Manueli
973 2612 1010 2640 et
1034 2607 1110 2640 filio
1137 2608 1214 2639 eius
1239 2606 1366 2639 Alexio
1393 2604 1560 2644 dederat,
1586 2604 1640 2636 le-

193 2649 256 2693 git.
281 2650 320 2682 in
340 2661 412 2694 quo
441 2663 520 2684 cum
541 2652 652 2685 verba
674 2665 748 2699 ncp
773 2655 811 2686 in
835 2655 947 2686 alium
973 2665 1118 2686 sensum
1144 2652 1395 2697 detorquenda
1420 2656 1550 2690 essent,
1575 2650 1640 2682 sed

194 2697 232 2728 in
259 2707 321 2728 sua
346 2697 468 2729 nativa
500 2700 763 2741 significatione
793 2700 1024 2745 accipienda,
1062 2701 1126 2733 ille
1150 2699 1236 2732 huic
1260 2698 1442 2734 clausulae
1468 2698 1522 2737 „si
1549 2697 1640 2740 quid

194 2743 318 2778 videro
344 2748 405 2777 aut
446 2744 660 2779 intellexero
693 2753 754 2781 aut
782 2747 975 2788 audivero,
1010 2747 1108 2793 quod
1143 2746 1273 2780 honori
1299 2744 1448 2790 imperio
1472 2749 1507 2777 ct
1531 2744 1639 2777 saluti
