1878 3230
703 164 862 205 ·mms
898 162 1087 205 CAPTA.
1167 172 1169 177 s
1490 140 1526 195 8
1539 160 1556 194 1
1571 140 1600 194 5

292 280 355 306 ιι.
409 263 612 315 Ῥωμαῖοι
648 261 687 301 δ’
723 259 794 302 ἐπὶ
829 259 1018 310 τούτοις,
1061 255 1151 300 ὅσοι
1191 259 1242 313 τῇ
1282 259 1603 299 Κωνσταντίνου

176 332 455 385 προσέμενον,
484 329 544 384 τῷ
577 328 664 368 δέει
689 325 790 374 τούς
817 322 990 372 ὄδόντας
1030 325 1308 377 ἐβάμβαινον,
1339 320 1399 364 ἔτι
1439 322 1604 377 προκεί-

175 410 300 448 μενον
325 393 487 448 ἔχοντες
509 393 754 447 ,ὀφθαλμοῖς
770 389 843 432 τὸν
871 388 975 431 κατιὶ
1003 392 1124 445 σφῶν
1146 386 1390 443 ἐκξιφισμὸν
1406 390 1490 430 τῶν
1508 391 1604 430 Λα-

175 463 296 502 τίνων
324 458 395 500 καί
421 457 498 512 τὴν
525 456 760 511 διαρπαγήν
791 457 874 497 τῶν
899 455 1165 507 προσόντων,
1194 451 1223 494 ἃ
1250 454 1342 494 κατ’
1364 452 1514 494 οὕδένα
1542 455 1606 494 δί-

139 527 294 566 5καιον
311 522 431 578 λόγον
455 524 690 576 ὑπέστησαν
717 519 820 574 μετὰ
852 519 928 574 την
956 522 1001 561 ἐκ
1018 521 1091 572 τῆς
1109 518 1268 566 πόλεως
1292 513 1474 572 ἄπαρσιν
1489 521 1645 563 Bata-c

175 590 366 642 δουίνου,
394 590 583 643 πέμπτην
610 584 780 641 ἄγοντος
809 586 883 627 καί
910 584 1094 638 εἰκοστήν
1120 587 1197 626 τοῦ
1226 586 1426 639 ΙΙΙαρτίου
1454 583 1605 638 μηνός,

173 658 248 711 τῆς
271 653 363 697 τότε
390 652 620 709 τρεχούσης
645 649 794 706 ὀγδόης
821 652 1072 698 ἰνδικτιιῦνος
1086 683 1099 702 ,
1135 652 1211 691 τοῦ
1248 647 1605 702 ἐξακισχιλιοστοῦ

173 719 499 763 ἑπτακοσιοστοῦ
525 721 665 773 τρίτου
698 719 770 758 καί
801 715 972 758 δεκάτου
999 715 1128 763 ἔτους.
1185 714 1290 756 ἀλλὰ
1322 713 1395 755 καί
1410 713 1526 769 ἡμεῖς
1546 712 1607 756 ἔτι

173 787 466 839 παροικοῦντες
493 786 546 840 τῇ
572 783 787 837 Σηλυβρίᾳ
822 779 874 822 τιὶ
907 783 988 823 τῶν
1023 783 1166 838 κακῶν.
1196 778 1354 832 ἔσχατα
1393 777 1608 832 εἰκάζομεν

115 868 160 894 10
174 853 416 902 πείσεσθαι,
451 847 525 903 την
554 851 636 890 τῶν
666 847 878 890 Δαονιτῶν
915 848 1128 901 α’ναιρεσιν
1161 847 1206 887 ἐκ
1247 843 1442 899 γειτόνων
1478 839 1608 885 οὖσαν

172 914 300 968 μόνον
325 915 400 956 οὔκ
433 914 610 966 ἐπόψιον
641 911 829 966 ἔχοντες,
868 912 941 953 καί
973 911 1086 965 παρὰ
1116 909 1249 960 πόδας
1283 908 1381 959 τούς
1419 910 1608 966 σφαγέας

172 980 378 1034 θεώμενοι
413 978 490 1034 την
517 981 757 1033 Σηλυβρίαν
795 974 998 1025 εἰσιόντας
1037 975 1226 1031 ξιφήρεις
1262 976 1335 1017 καί
1373 974 1445 1023 τὰς
1489 974 1608 1029 ἡμῶν

172 1048 399 1100 α’γκαλίδας
425 1043 498 1086 καὶ
525 1043 579 1084 τὰ
611 1042 738 1098 ῥάκια
771 1041 1116 1096 προνομεύοντας.
1171 1039 1296 1090 δεκάς
1320 1041 1398 1093 μὲν
1425 1035 1499 1082 οὖν
1537 1041 1610 1082 ἐπὶ

173 1110 299 1153 δυάδι
331 1111 407 1152 τοῦ
426 1106 669 1163 Ἀπριλλίου
716 1107 848 1162 μηνὸς
887 1106 1136 1161 ἐνειστήκει,
1177 1108 1249 1160 τῆς
1279 1103 1460 1160 ἑβδόμης
1502 1106 1608 1148 ἶνδι-

114 1181 160 1222 15
174 1179 357 1228 κτιῶνος,
386 1177 464 1217 τοῦ
491 1172 850 1227 ἑξακισχιλιοστοῦ
877 1169 1198 1213 επτακοσιοστοῦ
1217 1171 1450 1213 δωδεκάτου
1470 1170 1605 1224 ἔτους,

171 1244 243 1284 καί
267 1240 294 1296 ἦ
322 1242 488 1294 βασιλίς
518 1241 638 1286 πόλις
667 1238 774 1292 πρὸς
803 1239 1002 1280 Λατίνων
1029 1236 1301 1292 κεχείρωται·
1357 1238 1410 1292 τῇ
1437 1237 1484 1278 δὲ
1509 1251 1607 1278 πεν-

169 1305 431 1361 τεκαιδεκάτῃ
459 1306 537 1345 τοῦ
565 1302 698 1345 αὖτοῦ
736 1300 890 1357 μηνός,
930 1304 1003 1356 τῆς
1030 1300 1180 1356 ὀγδόης
1216 1301 1491 1355 ι’νδικτιῶνος,
1524 1300 1604 1343 ὖπὸ

170 1373 348 1414 Σκυθῶν
391 1373 574 1413 Λατῖνοι
610 1368 994 1423 κατηγωνίσθησαν.
1062 1366 1169 1408 ἄλλα
1210 1366 1301 1408 τίνα
1341 1366 1392 1408 τα
1433 1367 1650 1422 ἐφεξῆςςο

171 1434 295 1492 ἑτέρα
323 1434 477 1489 μάστιξ
500 1435 742 1487 στιλβοῦται
764 1431 1023 1485 “Ρωμαίοις,
1052 1429 1308 1486 βαρυστονός
1334 1447 1398 1481 τις
1430 1431 1503 1473 καί
1528 1446 1600 1473 πο-

107 1522 159 1548 20
172 1503 453 1557 λυσύμφορος.
510 1499 532 1540 ὃ
563 1498 644 1553 γὰρ
673 1498 830 1548 Μυσὸς
852 1495 1070 1552 Ἰωάννης,
1098 1497 1253 1551 ἐχθρὸς
1280 1493 1371 1549 ἅμα
1401 1498 1474 1539 καί
1497 1499 1607 1539 ἐκδι-

170 1565 294 1622 κητὴς
318 1564 541 1618 Ῥωμαίοις
566 1562 849 1614 δεικνύμενος,
880 1564 1074 1604 ἐκδίδωσι
1096 1567 1182 1609 τοῖς
1207 1560 1391 1610 Σκύθαις
1419 1563 1479 1610 εἷς
1505 1578 1610 1616 προ-

170 1632 298 1687 νομὴν
326 1627 423 1673 ὅσαι
450 1628 707 1682 κωμοπόλεις
737 1629 793 1683 τῷ
818 1626 1039 1684 Βυζαντίῳ
1069 1628 1306 1680 ἐγγίζουσαι
1333 1625 1495 1681 φόρους
1522 1633 1607 1675 τοῖς

170 1699 371 1744 Λατίνοις
398 1697 623 1750 εἰσέφερον.
680 1695 752 1734 καί
779 1689 831 1746 ἦν
867 1693 973 1734 ἰδεῖν
1002 1689 1258 1746 α’λλότροπόν
1294 1707 1334 1733 τι
1373 1690 1499 1732 κακόν
1535 1691 1609 1734 καί

172 1762 382 1817 ἀσύνηθες
402 1761 474 1802 καὶ
502 1761 642 1800 πᾶσαν
669 1756 900 1812 &nepam-02·
927 1761 1164 1812 θεοκίνητον
1178 1757 1381 1810 μάστιγα.-
1429 1756 1506 1811 τήν
1523 1755 1604 1812 γὰρ

107 1833 156 1874 25
173 1826 306 1882 αὖτὴν
331 1828 408 1881 γῆν
435 1824 509 1867 καί
541 1823 588 1867 τὸ
629 1822 735 1865 αὐτὸ
775 1821 897 1872 ’ἔθνος
937 1822 1086 1880 ἐδῄουν
1125 1825 1220 1877 γένη
1267 1821 1404 1875 διττά,
1439 1823 1497 1879 πῇ
1528 1823 1607 1876 μὲν

270 1988 320 2009 ιι.
369 1975 514 2008 Romani
537 1985 642 2015 vero,
667 1973 729 2018 qui
757 1972 873 2005 adhuc
894 1972 932 2004 in
962 1971 1050 2004 urbe
1085 1976 1202 2011 erant,
1238 1981 1322 2015 prae
1355 1976 1453 2006 metu
1479 1971 1604 2005 (lentes

172 2023 400 2068 quatiebant,
428 2022 620 2054 etiamnum
651 2020 751 2052 velut
775 2020 956 2052 intuentes
990 2018 1196 2050 Latinorum
1231 2023 1354 2050 contra
1388 2029 1426 2051 se
1462 2019 1603 2052 strictos

172 2069 307 2113 gladios
337 2074 373 2101 et
401 2068 638 2111 direptionem
662 2065 861 2107 bonorum3
886 2065 1017 2109 quibus
1044 2064 1148 2096 rebus
1173 2069 1255 2108 post
1281 2063 1447 2097 Balduini
1471 2065 1604 2097 disces-

172 2127 250 2149 sum
275 2115 375 2148 nulla
398 2110 493 2147 iusta
519 2114 654 2146 ratione
675 2112 796 2144 afflicti
822 2117 945 2151 erant,
982 2111 1113 2143 mensis
1139 2110 1259 2142 Martii
1283 2110 1342 2143 die
1363 2111 1476 2152 XXV,
1508 2111 1605 2144 indi-

172 2163 290 2195 ctione
321 2161 403 2194 VIII
444 2160 529 2193 anni
578 2158 627 2191 VI
649 2158 868 2191 MDCCXIII.
917 2156 981 2189 sed
1015 2162 1051 2189 et
1083 2167 1149 2189 nos
1181 2156 1298 2189 adhuc
1334 2157 1518 2200 Selybriae
1549 2158 1605 2190 in-

171 2208 303 2253 quilini
329 2213 502 2240 extremas
529 2205 648 2238 clades
674 2203 968 2248 expectabamus,
1000 2203 1235 2236 Daonitarum
1257 2203 1455 2236 vicinorum
1480 2204 1606 2237 interi-

171 2261 247 2288 tum
264 2260 402 2287 tantum
426 2264 500 2286 non
530 2253 567 2284 in
593 2256 785 2295 conspectu
808 2250 993 2290 habentes,
1021 2255 1057 2282 et
1081 2250 1251 2293 evestigio
1266 2261 1493 2294 percussores
1522 2251 1607 2283 stri-

172 2302 238 2334 ctis
263 2300 408 2333 ensibus
435 2298 631 2342 Selybriam
655 2297 916 2341 ingredientes,
951 2302 987 2328 et
1014 2296 1200 2329 fasciculos
1224 2301 1366 2329 nostros
1400 2302 1437 2330 et
1467 2307 1604 2341 pannos

173 2347 394 2391 diripientes.
429 2345 638 2390 imperatrix
675 2343 760 2376 urbs
794 2343 858 2376 XII
898 2342 956 2375 ‹lie
991 2342 1146 2387 Aprilis,
1183 2342 1385 2375 indictione
1417 2343 1483 2375 VII
1519 2343 1605 2375 anni

174 2392 223 2425 VI
249 2392 440 2425 MDCCXII
477 2403 497 2424 a
531 2391 666 2424 Latinis
703 2394 804 2434 capta
838 2394 907 2422 est:
951 2388 1016 2421 XV
1050 2389 1108 2421 die
1139 2388 1299 2421 eiusdem
1333 2390 1463 2422 mensis
1484 2414 1494 2430 ,
1523 2389 1604 2420 VIII

172 2439 394 2478 indictione,
418 2438 535 2470 Latini
562 2449 581 2470 a
605 2436 743 2480 Scythis
768 2436 852 2468 victi
879 2440 972 2468 sunt.
1005 2435 1068 2468 sed
1093 2435 1179 2479 quid
1208 2441 1369 2468 secutum
1393 2435 1472 2468 est?
1504 2433 1605 2466 aliud

173 2485 353 2529 flagellum
377 2484 629 2517 atrocissimum
654 2488 690 2516 et
709 2482 1051 2515 calamitosissimum
1066 2481 1222 2515 emicuit.
1244 2492 1326 2514 nam
1338 2481 1514 2514 Iohannes
1526 2479 1605 2522 My-

173 2543 254 2571 sus,
282 2531 378 2563 idem
402 2531 637 2562 Romanorum
666 2529 779 2562 hostis
805 2534 841 2561 et
863 2527 1015 2568 vindex,
1043 2527 1176 2573 oppida
1199 2528 1368 2572 Byzantio
1395 2527 1512 2559 vicina
1537 2526 1605 2557 La-

172 2578 260 2610 tinis
287 2576 476 2609 tributaria
499 2576 638 2619 Scythis
663 2574 867 2620 diripienda
890 2574 1066 2608 concedit.
1094 2574 1146 2606 ibi
1169 2585 1301 2607 novum
1327 2578 1363 2605 et
1394 2572 1605 2604 inusitatum

172 2624 328 2662 malum,
356 2620 454 2666 quod
481 2632 585 2654 omne
610 2622 780 2655 divinitus
804 2621 978 2654 inflictum
999 2621 1213 2665 supplicium
1241 2623 1402 2663 superat,
1427 2622 1504 2650 erat
1527 2628 1605 2650 cer-

174 2681 271 2703 nere.
296 2674 426 2702 terram
449 2667 619 2708 eandem,
647 2667 796 2701 eandem
822 2672 963 2711 gentem
988 2667 1064 2699 bini
1096 2666 1224 2710 populi
1251 2664 1489 2704 infestabant,
1515 2664 1603 2696 alias

175 2717 342 2761 utrique,
367 2714 455 2748 alias
482 2713 628 2747 alternis
651 2714 840 2749 irruentes.
864 2724 947 2746 nam
972 2718 1009 2746 et
1033 2712 1185 2755 Scythae
1215 2710 1320 2746 obvia
1345 2721 1510 2756 quaeque
1540 2721 1604 2744 va-
