1878 3230
692 201 830 240 Unsss
870 198 1059 240 CAPTA.
1475 179 1587 245 843

164 314 234 348 τες
261 297 332 340 κατ’
363 299 583 338 καλεῖσθαι
627 293 824 350 τύραννοι
870 300 1062 345 θέλοντες
1101 298 1195 338 καθ’
1224 293 1385 337 ἑαυτῶν
1410 289 1593 343 ιδ’πλιζον

165 364 240 413 τὰς
265 369 441 418 χεῖρας,
469 360 700 417 βακτηρίαν
728 361 799 403 καί
820 365 973 416 νῆψιν,
1003 361 1096 417 εἴπῃ
1129 364 1168 403 δ’
1199 356 1251 403 ἄν
1277 377 1341 409 τις
1366 361 1439 401 καί
1466 374 1593 400 πανο-

162 431 287 470 πλιάν
314 429 387 470 κατ’
411 428 613 482 τρόπαιον
650 428 694 476 ἐξ
722 424 879 482 ἐφόδου
912 433 997 475 τοῖς
1024 429 1107 468 τῶν
1127 425 1354 479 ζΡωμαίων
1382 426 1593 477 πολεμίοις

166 496 224 550 τῷ
262 495 464 546 διχονοεῖν
500 490 694 545 ἀλλήλοις
731 493 802 532 καί
825 490 1038 533 διεστάναι
1074 490 1363 545 βραβεύοντες.
1435 486 1487 544 ἦν
1519 485 1718 544 οὖνΡ.4ιι

38 554 43 560 ’
98 561 240 613 ,5105
278 559 532 612 βουλομένου
577 555 733 605 παντὸς
773 558 819 598 ἐκ
844 559 922 598 τοῦ
961 559 1044 599 τῶν
1084 559 1282 599 Λατίνων
1310 556 1595 609 πολυσπεροῦς

163 623 448 677 συντάγματος
484 622 536 663 τὰ
564 619 752 676 γραφικά
793 623 928 663 ταῦτα
959 622 1129 678 ἐπᾴδειν
1148 622 1371 674 Ῥωμαίοις
1397 623 1596 673 ἐπιστρα-

115 678 118 681 *
167 685 355 736 τεόοντος
382 686 563 743 »διώξας
584 683 902 740 καταλήψομαι,
939 689 1074 742 μεριῶ
1101 690 1260 739 σκῦλα,
1288 683 1485 739 ἐμπλήσω
1511 697 1597 738 ψυ-

161 752 244 807 χήν
267 767 372 806 μου,
417 752 550 793 α’νελῶ
589 753 640 807 τῇ
677 753 870 807 μαχαίρᾳ
896 767 1007 805 μου,
1051 751 1261 807 κυριεύσει
1291 750 1316 806 ἦ
1355 751 1450 805 χείρ
1475 751 1597 803 μου.”

162 819 307 859 πολλοὶ
349 815 489 859 τοίνυν
528 817 695 870 μέτριον
735 817 1082 871 συγκροτήσαντες
1119 815 1298 869 πόλεμον
1327 815 1398 856 καί
1423 812 1598 863 ἱππότας

103 901 150 930 10
162 886 336 937 βραχεῖς
361 879 674 936 μισθωσάμενοι
691 914 702 932 ,
726 880 987 934 εΡωμαϊκαΐς
1015 883 1349 932 κατεκολπίζοντο
1378 878 1515 935 νήσοις
1541 879 1599 928 ὥς

161 947 293 1004 πάντῃ
330 946 497 996 πάντως
532 945 841 1001 ἐρημαζούσαις
867 949 943 988 τοῦ
969 945 1260 1001 ἕπαρήξοντος.
1317 942 1417 987 ὅθεν
1452 961 1598 1000 πειρα-

160 1013 238 1056 ταί
261 1028 366 1061 τινες
378 1014 417 1054 Γ
414 1017 609 1064 ενουῖται,
642 1010 913 1066 περιτμήματα
943 1014 1107 1067 α’νδρῶν
1133 1010 1207 1053 καί
1233 1010 1515 1064 α’μβλώματα,
1546 1006 1595 1049 οὗ

160 1075 265 1119 κατὰ
296 1079 415 1118 τοῦτο
440 1079 519 1130 με’,ν
545 1091 654 1124 τινος
680 1074 986 1132 ὑπερφέροντες
1013 1075 1117 1118 κατά
1147 1078 1186 1118 δ’
1215 1079 1342 1118 ἐκεῖνο
1370 1074 1421 1116 τὰ
1454 1075 1598 1116 δεύτε-

162 1158 216 1195 ρα
247 1143 453 1198 φέροντες,
483 1142 572 1182 ἄλλ’
593 1139 813 1197 ἁπανταχῇ
832 1139 1021 1196 πονήρως
1046 1139 1291 1196 πράττοντες
1318 1143 1392 1182 καί
1421 1142 1597 1182 δυσδαι-

104 1207 316 1260 ιὸμόνως,
348 1205 606 1260 στρογγύλων
633 1208 750 1248 πέντε
778 1209 886 1261 νηῶν
912 1206 1216 1261 εὐπορήσαντες
1243 1207 1316 1247 καί
1340 1205 1480 1261 σκάφη
1508 1206 1596 1260 τρί-

161 1287 286 1326 κροτα
312 1272 600 1326 κατηρτικότες
636 1270 742 1325 πρὸς
770 1277 853 1319 τοῖς
881 1269 1010 1313 εἴκοσι
1040 1273 1225 1326 τέσσαρα
1254 1273 1296 1320 ἐς
1325 1270 1397 1325 τήν
1421 1270 1634 1325 ΚρήτηνΒ

163 1338 508 1388 διαπλωΐζονται·
564 1334 637 1378 καί
661 1335 919 1390 πλασάμενοι
946 1335 1045 1385 τούς
1071 1334 1307 1390 ἐμπόρους,
1335 1332 1424 1378 εἶτα
1452 1336 1596 1377 ἐπιθέ·

160 1418 276 1456 μενοι
304 1402 360 1451 ὥς
393 1404 605 1455 πολέμιοι,
636 1403 709 1456 τῆς
736 1399 860 1456 νήσου
889 1400 1105 1457 ξυμπάσης
1133 1400 1392 1454 κατίσχυσαν
1418 1397 1597 1455 εὐμαρέ-

163 1464 302 1509 στατα.
369 1467 462 1508 τότε
497 1466 571 1507 καί
615 1463 636 1506 ὅ
679 1468 841 1520 κρατῶν
878 1467 1046 1509 Ἰκονίου
1088 1465 1364 1521 Καϊχοσρόης
1393 1464 1496 1506 κατά
1524 1468 1598 1519 τῆς

101 1551 151 1576 20
162 1532 376 1580 Ἀτταλιάς
399 1530 699 1586 ἐστράτευσεν,
728 1533 925 1584 αὕτοβοεί
952 1530 1027 1585 τὴν
1053 1530 1174 1572 πόλιν
1202 1528 1307 1572 ἑλεῖν
1335 1528 1600 1586 φανταζόμε-

164 1613 234 1645 νος
258 1597 315 1645 ὥς
344 1593 422 1650 οὔχ
450 1595 596 1652 ἱκανήν
623 1592 754 1638 οὖσαν
783 1594 938 1651 ἑαυτήν
965 1597 1269 1638 διασώσασθαι.
1324 1594 1399 1650 τήν
1429 1597 1466 1636 δ’
1494 1597 1600 1636 ἑκειέ.

166 1677 240 1704 νου
265 1661 420 1717 ἔφοδον
448 1659 751 1716 προεγνωκότες
790 1658 815 1701 δ’
839 1677 883 1703 τε
912 1663 1137 1716 πολίαρχος
1162 1661 1505 1716 Ἀλδεβραντῖνος
1530 1659 1604 1702 καί

167 1727 212 1769 οἳ
234 1725 313 1769 σύν
359 1722 475 1784 αὐτῷ
516 1732 600 1775 τοῖς
643 1732 792 1775 κοινοῖς
819 1724 1066 1768 ἐπεστάτουν
1094 1725 1311 1781 πράγμασι
1321 1759 1334 1779 ,
1363 1726 1602 1779 πέμψαντες

166 1793 226 1841 εἰς
254 1790 431 1847 Κύπρον
459 1793 706 1846 συμμαχίαν
734 1794 894 1833 ἐκεῖθεν
920 1791 1117 1847 εἰλήφασι
1145 1791 1314 1842 πεζικοῦ
1340 1789 1599 1845 στρατεύμα·

167 1967 223 2000 illi
236 1967 431 2000 ambitione
445 1970 659 2014 praecipites
674 1975 710 2003 et
724 1970 898 2012 tyrannici
914 1970 1068 2002 nominis
1086 1970 1313 2002 affectatione
1326 1969 1423 2002 caeci
1437 1969 1532 2002 inter
1544 1979 1602 2002 se-

167 2024 205 2046 se
225 2013 532 2057 digladiabantur5
555 2016 686 2060 quibus
709 2016 991 2049 dissensionibus
1017 2022 1052 2049 et
1067 2017 1150 2048 rixis
1167 2015 1332 2048 hostibus
1357 2026 1526 2048 summam
1542 2026 1602 2048 oc-

168 2061 347 2092 casionem
372 2061 488 2105 primo
514 2062 650 2106 impetu
664 2064 840 2096 Romanos
866 2062 1051 2095 evertendi
1075 2062 1466 2107 suppeditabant.unde
1489 2062 1600 2094 cuivis

167 2106 374 2139 Latinarum
389 2108 558 2151 gentium,
577 2120 727 2153 quarum
750 2115 850 2143 tanta
873 2109 1069 2142 multitudo
1096 2115 1132 2142 et
1152 2109 1306 2142 varietas
1332 2114 1395 2148 est,
1422 2119 1514 2153 quae
1529 2109 1603 2140 Ro-

167 2163 291 2185 manos
336 2160 577 2198 oppugnatum
613 2155 712 2196 ibat,
753 2156 847 2189 illud
883 2166 926 2188 ex
958 2156 1065 2188 saeris
1104 2156 1236 2188 litteris
1265 2166 1435 2199 usurpare
1470 2155 1604 2187 licebat

171 2206 405 2243 „persecutus
435 2201 757 2245 comprehendam,
781 2203 897 2246 spolia
921 2201 1088 2243 dividam,
1116 2201 1267 2246 explebo
1292 2202 1448 2234 animum
1471 2212 1602 2241 meum,

171 2245 331 2278 occidam
356 2246 475 2290 gladio
499 2258 602 2288 mee,
631 2248 875 2282 dominabitur
901 2260 1026 2282 manus
1050 2250 1161 2281 mea.”
1187 2249 1309 2293 itaque
1332 2248 1438 2281 multi
1464 2247 1604 2280 medio-

170 2292 221 2324 cri
245 2303 353 2324 manu
385 2294 538 2327 collecta
576 2300 613 2328 et
647 2297 774 2339 exiguo
812 2297 976 2340 equitatu
1002 2295 1179 2328 conducto
1202 2296 1241 2327 in
1265 2296 1441 2327 Romanos
1467 2294 1602 2326 insulas

170 2348 208 2370 se
234 2339 485 2381 insinuabant,
524 2341 659 2385 quippe
698 2343 794 2374 omni
826 2342 961 2375 auxilio
998 2342 1199 2375 destitutas.
1230 2346 1269 2374 et
1291 2343 1431 2386 piratae
1457 2340 1603 2385 quidem

171 2383 404 2427 Genuenses,
429 2386 593 2420 homines
619 2388 783 2421 vilissimi
808 2394 844 2422 et
877 2388 1106 2422 abiectissimi
1123 2414 1132 2429 ‚
1161 2399 1228 2421 nec
1252 2388 1291 2420 in
1317 2399 1387 2420 una
1411 2398 1448 2419 re
1473 2387 1605 2430 prima-

170 2429 227 2469 rii,
251 2431 290 2464 in
314 2432 386 2464 alia
403 2443 487 2466 vero
507 2434 720 2475 secundarii,
738 2435 800 2468 sed
817 2435 861 2467 ab
885 2436 983 2468 omni
1005 2441 1105 2480 parte
1127 2434 1315 2467 miserrimi
1341 2439 1376 2467 et
1398 2432 1605 2465 infelicissi-

170 2476 231 2515 mi,
252 2476 284 2508 V
305 2478 466 2512 rotundis
494 2480 644 2514 navibus
671 2487 706 2514 et
720 2481 830 2514 XXIV
847 2481 1051 2515 triremibus
1071 2482 1285 2526 comparatis
1306 2491 1370 2524 per
1385 2483 1604 2511 mercaturae

177 2523 331 2566 speciem
365 2524 404 2556 in
429 2525 569 2559 Cretam
594 2528 835 2568 traiecerunt,
875 2528 1008 2561 deinde
1046 2529 1220 2560 insulares
1246 2527 1425 2559 hostiliter
1449 2525 1604 2568 aggressi

170 2569 283 2601 totius
315 2570 452 2603 insulae
485 2572 653 2606 facillime
686 2581 769 2607 sunt
792 2575 910 2619 potiti.
946 2580 1032 2607 tunc
1063 2576 1169 2607 etiam
1194 2573 1306 2606 Iconii
1330 2572 1494 2615 princeps
1523 2570 1606 2602 Cai-

171 2614 338 2647 chosroes
365 2615 519 2650 Attanae
541 2631 634 2652 arma
662 2621 798 2661 intulit,
822 2621 922 2654 inani
949 2633 1012 2665 spe
1036 2622 1134 2654 urbis
1159 2621 1272 2664 primo
1294 2619 1428 2660 impetu
1458 2616 1606 2660 capien-

173 2660 240 2694 dae
264 2667 457 2705 concepta,
494 2669 535 2697 ut
562 2676 654 2709 quae
680 2668 757 2711 ipsa
792 2669 884 2700 tueri
911 2679 989 2700 sese
1012 2678 1085 2700 nou
1108 2671 1239 2710 posset.
1268 2674 1390 2696 verum
1417 2663 1493 2695 eius
1519 2673 1606 2695 con-

171 2707 254 2740 silio
279 2708 439 2750 cognito,
467 2709 755 2745 Aldobraudinus
778 2713 876 2746 urbis
902 2713 1066 2745 dominus
1091 2718 1126 2744 et
1152 2714 1227 2743 eius
1256 2711 1293 2742 in
1321 2707 1605 2741 administranda

173 2765 209 2787 re
244 2754 389 2800 public-a
428 2756 514 2790 socii
551 2768 615 2803 per
643 2758 776 2802 legatos
803 2771 824 2792 a
858 2759 992 2804 Cypriis
1028 2759 1163 2793 auxilia
1199 2757 1406 2792 Latinorum
1440 2754 1602 2801 peditum
