1838 3210
282 213 301 247 1
316 191 387 249 58
696 208 927 252 mamm
965 208 1276 252 cnoNtA'rAss

234 310 619 361 ΒΚλιτζασθλάνην
655 309 726 350 ἒπί
751 315 836 358 τοῖς
874 308 1192 357 πολυταλάντοις
1220 310 1304 350 τῶν
1325 309 1550 363 θησαυρῶν
1578 306 1638 359 οἷς
1666 309 1691 365 ἦ

275 376 467 427 βασιλεία
491 372 708 424 Ῥωμαίων
734 375 1015 429 περιερρέετο,
1059 376 1102 415 ἐν
1129 371 1191 415 ἔνι’
1213 376 1293 415 τῶν
1321 371 1420 414 κατὰ
1450 373 1496 413 τό
1527 374 1695 428 α’ρχεΐον

275 438 574 491 λαμπροτάτων
613 436 834 491 ἀνδρώνων
870 436 962 492 ἑξῆς
999 440 1251 479 διατέθεικεν
1290 434 1368 478 ὅσα
1396 435 1527 495 τούτῳ
1561 455 1694 493 παρα-

272 504 451 555 σχέσθαι
480 502 596 555 δῶρα
638 503 849 556 προέθετο.
905 499 957 557 ἦν
983 504 1030 545 δὲ
1057 504 1184 544 ταῦτα
1211 501 1368 557 χρυσός
1395 516 1440 542 τε
1468 500 1541 543 καί
1565 498 1694 556 ἄργυ-

273 581 344 620 ρος
371 567 616 618 κεκομμένος
660 568 720 615 εἰς
758 565 962 620 νόμισμα,
1008 569 1080 608 καί
1104 569 1305 622 τρυφῶσα
1330 564 1482 621 ἐσθής,
1510 564 1732 622 ἄργύρεάό

272 645 317 670 τε
346 627 567 682 ἐκπώματα
590 633 664 672 καί
690 631 913 687 Θηρίκλειαι
942 630 1116 688 χρύσεα,
1139 630 1212 672 καί
1239 629 1387 672 ὄθόναι
1404 634 1483 672 τῶν
1497 633 1542 681 ἐξ
1567 631 1698 685 ὑπερ-

270 692 435 750 ηφάνου
473 694 611 750 ὑφῆς,
640 690 758 738 ἄλλοι
778 711 823 737 τε
851 697 996 749 κόσμοι
1023 697 1227 751 ἐξαίρετοι
1244 729 1256 748 ,
1278 697 1500 748 Ῥωμαίοις
1526 697 1603 749 μὲν
1626 695 1700 738 καί

271 760 382 800 ,πάνυ
410 758 676 814 εὐπόριστοι,
709 762 876 803 σπάνιοι
908 763 954 803 δὲ
982 759 1096 816 παρὰ
1121 760 1354 815 βαρβάροις
1381 760 1523 809 αὐτοῖς
1549 759 1622 803 καί
1645 759 1696 803 τοὶ

272 823 404 866 πολλὰ
442 825 550 879 μηδὲ
597 824 755 868 &aaaron
811 824 952 867 εἰσιών
999 821 1074 867 οὖν
1105 823 1127 865 ὅ
1154 825 1348 878 βασιλεὺς
1379 825 1453 866 τόν
1480 825 1696 880 ἀνδρῶνα,

271 888 344 931 καί
387 888 460 931 τὸν
500 888 722 932 οουλτάνον
752 891 883 932 ἐκεῖσε
922 890 1326 942 μεταπεμψάμενος,
1353 885 1473 944 ἤρετο
1496 892 1538 932 εἰ
1564 893 1762 947 δωρη-κιο

270 955 404 1008 θῆναί
430 952 467 995 οἱ
491 956 572 995 τοῦ
599 953 800 1008 παρόντος
838 954 1026 1008 βούλοιτο
1051 955 1284 1010 θησαυροῦ.
1340 955 1417 999 τοῦ
1435 956 1487 996 δὲ
1513 957 1698 1005 εἰπόντος

272 1018 329 1067 ὥς
357 1019 535 1073 αἱρεῖται
574 1015 687 1068 ὅσοις
714 1017 846 1061 αὕτὸν
883 1017 1122 1074 δωρήσηται
1146 1018 1362 1072 βασιλεύς,
1392 1015 1521 1068 αὖθις
1545 1018 1699 1074 ἐπήγα·

226 1099 339 1137 ςγεν
364 1082 411 1124 εἴ
443 1099 506 1132 τις
533 1086 615 1125 τῶν
641 1081 877 1126 α’ντιποὶλων
901 1083 1152 1136 Ῥωμαίοις,
1193 1083 1328 1125 αὐτοῦ’
1357 1085 1489 1126 ταῦτα
1521 1100 1697 1127 κενωσα-

268 1149 396 1201 μένου
423 1149 481 1196 εἰς
509 1147 664 1199 ξενικὸν
687 1151 761 1190 καί
786 1147 966 1191 ἐνδαπὸν
991 1148 1245 1204 στράτευμα,
1274 1148 1489 1202 ύπενὲγκοι
1515 1145 1566 1191 ἂν
1592 1146 1699 1199 ὅλως

268 1212 344 1267 τήν
369 1214 458 1254 κατ’
499 1214 655 1254 ἐκείνου
693 1213 773 1254 τῶν
799 1211 1015 1266 Ῥωμαίων
1053 1210 1198 1267 ὁρμήν.
1260 1215 1337 1254 τοῦ
1365 1215 1410 1255 δὲ
1437 1215 1697 1268 ἅγασαμὲνου
1717 1224 1764 1265 15

269 1279 341 1319 καί
365 1274 546 1326 εἰπόντος
587 1277 643 1326 ὥς
681 1278 722 1319 εἰ
746 1277 956 1326 δεσπόζων
992 1274 1044 1332 ἦν
1070 1276 1289 1319 τοσούτων
1296 1276 1549 1332 χρημάτων,
1590 1276 1700 1332 εἶχεν

270 1339 323 1384 ἂν
349 1341 480 1383 πάλαι
507 1340 553 1383 τὸ
582 1341 715 1404 κύκλῳ
742 1343 937 1395 πολέμιον
973 1345 1032 1392 εἰς
1058 1340 1240 1397 ’ὑπήκοον
1265 1344 1378 1400 αὐτῷ
1401 1346 1698 1396 μεταθέμενος,

268 1408 603 1462 ,,φιλοτιμοῦμαι’
624 1422 671 1448 σε
718 1411 801 1456 τοῖς
830 1409 962 1449 nauem
1005 1423 1110 1463 φησι
1136 1406 1355 1460 βασιλεύς,
1386 1408 1481 1460 »ἵνα
1510 1410 1583 1449 καί
1605 1409 1699 1450 τού-

271 1472 351 1525 μὸν
383 1472 535 1525 εἰδείης
572 1469 806 1528 φιλόδωρόν
840 1487 885 1513 τε
933 1467 1022 1524 ἅμα
1056 1473 1128 1513 καί
1151 1469 1464 1526 μεγαλόδωρον,
1496 1472 1600 1514 &aad
1631 1473 1702 1515 καὶ

270 1534 380 1578 ὅσων
406 1535 496 1579 ἐστι’
520 1534 660 1591 κύριος
684 1533 911 1591 χρημάτων
931 1533 952 1576 ὃ
977 1535 1179 1584 τοιούτοις
1208 1538 1280 1578 καί
1306 1535 1517 1586 τοσούτοις
1534 1540 1605 1580 ἕνα
1621 1540 1700 1580 ‹50⁰-
1712 1560 1764 1586 20

270 1600 515 1658 ρούμενος.”
583 1600 606 1641 ὅ
651 1602 696 1642 δὲ
725 1598 838 1655 ἥσθη
867 1616 911 1642 τε
951 1602 1022 1642 καί
1047 1602 1188 1655 ἐξέστη
1218 1602 1269 1656 τῇ
1293 1602 1586 1659 α’πομαγδαλιᾷ
1617 1606 1700 1646 τῶν

270 1663 521 1721 χρημάτων,
557 1665 810 1720 τυφλώττων
847 1663 952 1720 πρὸς
979 1666 1147 1719 κέρδος,
1185 1665 1256 1706 καί
1280 1669 1449 1718 βασιλεῖ
1469 1666 1542 1721 την
1567 1666 1701 1722 Σεβά-

273 1746 414 1772 στειαν
442 1731 514 1770 καί
549 1727 625 1783 τήν
663 1728 814 1783 ταύτης
849 1727 994 1783 χώραν
1021 1731 1318 1783 παρασχέσθαι
1345 1730 1699 1785 κατεπηγγείλατο.

275 1794 296 1835 ὗ
326 1792 534 1849 Μανουὴλ
584 1795 630 1835 δὲ
669 1792 743 1848 τήν
782 1793 1010 1847 ὑπόσχεσιν
1046 1792 1202 1848 ταύτην
1246 1795 1434 1847 α’σμὲνως
1462 1794 1699 1851 δεξάμενος,

364 1911 396 1944 5.
421 1909 484 1941 καὶ
526 1907 719 1955 τρυφῶσα]
750 1909 878 1952 βλατία
913 1911 1036 1955 χρυσᾶ
1072 1910 1134 1942 καὶ
1169 1908 1325 1955 ἑξάμιτα
1351 1911 1413 1943 καὶ
1437 1910 1543 1955 ἕτερα
1572 1912 1700 1956 platta

363 1956 525 1989 ποικίλα
552 1958 614 1987 καὶ
649 1955 801 1996 unqu}
827 1955 862 1987 Β.
985 1957 1035 1992 ι3.
1060 1955 1336 2003 κενωσαμένου]
1375 1955 1551 2002 ρὀγειίσει
1569 1959 1622 1996 εἰς
1645 1960 1701 1999 ξε-

363 2000 476 2036 νικὸν
503 2002 564 2033 καὶ
590 1994 714 2035 ἰδικόν
750 2001 785 2033 Β.

274 2108 361 2140 tiam
377 2110 556 2139 ostentare
575 2105 695 2146 vellet,
719 2105 893 2151 quicquid
910 2105 1140 2139 Clizasthlani
1166 2105 1312 2138 daturus
1327 2110 1412 2146 erat,
1434 2106 1473 2139 in
1485 2107 1702 2151 splendidis-

275 2154 363 2186 simo
381 2151 536 2196 quodam
554 2152 680 2195 palatii
704 2153 862 2185 conclavi
890 2152 1016 2185 ordine
1040 2152 1215 2196 exposuit.
1242 2162 1283 2184 ea
1309 2152 1408 2184 fuere
1436 2159 1579 2187 moneta
1594 2166 1702 2188 aurea

276 2205 384 2243 atque
408 2202 585 2241 argentea,
612 2197 787 2230 delicatae
811 2204 949 2238 vestes,
977 2203 1142 2242 argentea
1168 2198 1297 2241 pocula
1325 2202 1362 2230 et
1378 2198 1567 2232 Thericlea
1595 2212 1701 2235 aurea

275 2251 313 2278 et
336 2245 407 2278 tela
432 2243 665 2276 subtilissima
679 2245 822 2288 aliaque
847 2250 1054 2276 ornamenta
1080 2244 1230 2284 eximia,
1258 2244 1422 2277 Romanis
1447 2252 1574 2289 paratu
1599 2248 1701 2282 sacil-

276 2293 382 2330 lima,
409 2290 472 2322 sed
503 2300 579 2321 rara
613 2290 709 2334 apud
742 2290 912 2322 barbaros
954 2296 990 2323 et
1012 2290 1183 2334 pleraque
1211 2301 1395 2334 nunquam
1420 2292 1508 2326 visa.
1533 2292 1571 2325 id
1595 2294 1703 2338 igitur

276 2338 443 2371 conclave
475 2336 652 2378 ingressus
686 2336 873 2369 Sultanum
911 2337 1078 2375 accersit,
1102 2335 1277 2379 numquid
1304 2346 1347 2367 ex
1372 2346 1414 2368 eo
1440 2337 1608 2372 thesauro
1637 2340 1703 2373 do-

274 2384 354 2417 nari
382 2382 450 2415 sibi
474 2381 563 2414 velit
579 2387 690 2425 rogat.
714 2382 950 2427 respondente
970 2382 1033 2415 illo
1057 2381 1094 2414 id
1113 2381 1183 2414 sibi
1207 2382 1281 2414 fore
1299 2388 1481 2426 acceptum
1500 2385 1598 2428 quod
1625 2387 1701 2431 ipse

277 2429 445 2468 dedisset,
470 2438 588 2460 rursus
603 2428 807 2472 interrogat,
835 2429 864 2460 si
879 2439 954 2460 eam
974 2428 1161 2472 pecuniam
1177 2428 1214 2460 in
1237 2428 1388 2460 militem
1414 2428 1646 2464 domesticum
1666 2439 1703 2467 et

278 2482 462 2509 externum
484 2479 663 2517 erogaret,
688 2475 844 2519 nunquis
870 2474 1026 2506 hostium
1051 2485 1154 2506 suum
1181 2474 1353 2517 impetum
1373 2475 1548 2509 sustinere
1571 2485 1700 2522 posset.

278 2533 357 2555 cum
386 2531 469 2554 vero
496 2519 558 2552 ille
591 2531 664 2552 non
689 2521 766 2552 sine
790 2520 1027 2553 admiratione
1061 2520 1210 2552 dixisset
1233 2531 1282 2560 se,
1307 2520 1336 2551 si
1363 2525 1501 2554 tantum
1527 2525 1701 2567 pecuniae

278 2567 485 2606 habuisset,
511 2565 580 2597 iam
609 2566 696 2598 olim
719 2565 839 2599 hostes
871 2577 993 2599 omnes
1018 2566 1247 2599 subacturum
1270 2566 1400 2606 fuisse,
1425 2568 1559 2608 „haec”
1582 2571 1702 2616 inquit

278 2613 423 2657 „omnia
445 2611 513 2645 tibi
542 2611 655 2652 dono,
680 2618 721 2645 ut
744 2618 780 2645 et
801 2613 1082 2646 munificentiam
1107 2623 1222 2644 meam
1249 2612 1366 2652 noris,
1395 2618 1431 2646 et
1453 2617 1596 2659 quantis
1621 2609 1702 2662 opi.¹

277 2661 346 2695 bus
373 2658 509 2705 polleat
530 2658 559 2691 is
593 2658 656 2702 qui
680 2659 741 2691 uni
765 2664 904 2692 tantum
929 2658 1062 2699 donat,
1096 2659 1298 2691 coniicias.’'
1323 2658 1352 2691 is
1375 2670 1458 2692 vero
1484 2667 1520 2694 et
1546 2663 1699 2697 laetatus

280 2713 317 2740 et
352 2704 618 2749 obstupefactus
662 2710 698 2737 et
719 2706 892 2749 pecuniae
926 2705 1122 2750 cupiditate
1148 2715 1271 2737 caecus
1295 2715 1330 2737 se
1358 2704 1563 2749 imperatori
1589 2709 1701 2743 Seba-

280 2754 384 2788 stiam
406 2763 486 2786 cum
509 2750 713 2786 suburbano
733 2762 813 2797 agro
839 2751 1061 2786 redditurum
1083 2751 1283 2797 pollicetur.
1313 2761 1384 2796 qua
1409 2763 1445 2786 re
1469 2753 1614 2790 Manuel
1637 2765 1700 2788 cu-
