1838 3210
473 164 543 205 DE
586 163 840 207 MANUELE
883 160 1141 204 COMNENO
1167 160 1618 214 Lm.1v.191

202 279 266 319 yet
305 280 375 306 και
422 265 647 330 παρίστησι
682 260 733 304 τά
763 259 984 314 δαιμόνια,
1029 259 1228 314 συχνάκις
1255 259 1626 314 α’ναπυνθανόμενα

203 331 272 385 ἐφ’
294 307 713 386 οτωπροσκέκληνται,
734 343 801 368 και
831 325 876 367 τὸ
895 325 1208 378 ἐπιταττόμειον
1235 323 1534 367 ἐπισπεύδοντα
1557 340 1628 366 πε-

203 410 383 449 ρατουν,
412 409 479 434 και
509 389 738 447 προθύμως
767 391 927 444 δρῶντα
958 389 1001 432 τὸ
1028 388 1306 442 κελευόμενον.
1339 390 1414 431 οὐκ
1441 389 1513 432 ἐπὶ
1536 391 1630 432 τοτ’·-

201 475 288 508 τοις
305 461 350 501 δὲ
377 457 500 512 μόνον
521 455 684 512 Ἀαρών
703 456 957 510 συνείληπτο,
989 454 1092 496 ἄλλα
1115 458 1183 508 καί
1209 452 1268 497 ὅτι
1296 457 1500 508 βασιλέως
1526 456 1630 497 ἐνιό-

166 528 296 570 5πιον
325 521 569 576 §aufidum
597 520 647 570 ἃς
670 522 716 562 ἐκ
743 521 826 562 τῶν
857 518 1066 572 δυσμόθεν
1095 522 1229 562 ἐθνῶν
1256 519 1502 580 ἀφικόμενοι
1531 522 1630 575 πρέ·-

199 593 311 642 σβεις
339 587 528 640 ἐκόμιζον
557 585 761 640 ἀγγελίας,
790 587 863 627 καί
886 584 944 639 μή
979 587 1296 639 δυσαχθοῦντας
1323 585 1432 640 ὀρῶν
1454 586 1557 639 πρὸς
1579 585 1629 628 τὰ

201 657 279 696 τοῦ
318 655 526 707 βασιλέως
555 649 794 706 θελήματα,
832 648 1069 705 ἐπιπλήττει
1094 650 1256 698 τούτοις
1282 652 1326 692 ἐν
1355 654 1432 708 μιᾷ
1458 654 1540 694 τῶν
1566 652 1630 693 αι’.

199 718 356 773 τήσεων
391 717 448 766 ὥς
485 714 589 771 πρὸς
612 715 690 765 τὰς
735 716 980 763 καταθέσεις
1007 711 1321 768 ἑτοιμορρόποις
1349 731 1392 757 τε
1418 718 1491 758 καί
1518 714 1630 757 εὐκό-

200 788 305 838 λοις,
333 782 406 824 καί
430 782 681 835 ὑποτίθησιν
720 776 943 822 ἀντιτεῖναι
975 779 1079 835 πρὸς
1104 777 1150 821 τὸ
1179 781 1262 821 τῶν
1292 780 1535 834 ζητημάτων
1562 798 1633 836 τη·

143 850 373 892 ιονικαῦτα
406 848 669 902 προκείμενον
697 844 770 886 καί
792 844 853 899 μὴ
882 845 1037 901 ῥᾳδίως
1064 841 1173 886 οὕτω
1202 846 1272 886 καί
1298 847 1343 887 ἐκ
1370 843 1533 901 πρώτης
1559 863 1632 888 κα-

199 914 502 964 θυπενδοῦναι,
537 910 595 959 ὥς
636 910 831 951 ἐντεῦθεν
869 910 1172 964 κερδανοῦντας
1213 910 1286 951 καί
1326 909 1472 965 φιλίαν
1501 913 1631 963 μείζω

198 981 245 1022 ἐκ
274 980 479 1031 βασιλέως
497 977 574 1018 κᾶκ
590 977 672 1018 ταῖν
696 971 961 1029 ὁμογλώττων
989 977 1118 1016 πλείω
1148 974 1288 1029 τιμήν.
1344 977 1417 1017 καί
1439 975 1528 1018 τότε
1554 978 1632 1029 μὲν
1644 979 1676 1012 P·
1691 980 1737 1025 96

198 1041 224 1099 ἧ
255 1042 436 1094 διάλεξις
467 1043 698 1093 διελέλυτο,
737 1040 946 1096 α’φώρατα
972 1041 1032 1096 τιῖἰ
1061 1042 1234 1092 βασιλεῖ
1255 1043 1411 1095 θεμένη
1438 1039 1488 1082 τὰ
1518 1057 1631 1084 τοια-
1646 1047 1682 1080 V.
1700 1059 1741 1093 77

200 1110 246 1151 δι’
269 1110 343 1150 τοῦ
368 1105 531 1162 Ἀαρών
557 1105 814 1160 εἰσηγήματα
833 1106 906 1146 καί
931 1106 987 1160 τῷ
1007 1106 1079 1157 τῆς
1109 1105 1326 1146 διαλέκτου
1357 1103 1545 1162 διαφόρῳ
1581 1106 1629 1148 ni

142 1173 382 1227 ιόἔκθεσμα
409 1173 628 1223 σκέμματα
656 1169 945 1211 συσκιάσασα·
1000 1167 1104 1210 κατὰ
1132 1167 1262 1221 μόνας
1292 1171 1338 1211 δὲ
1365 1169 1418 1211 τιὶ
1451 1174 1631 1226 προβλη-

197 1240 326 1281 θέντα
356 1239 437 1279 τῶν
465 1232 706 1290 ζητημάτων
735 1234 761 1289 ἦ
795 1235 960 1287 βασιλίς
991 1233 1280 1287 α’ναπεμπάζει
1321 1233 1466 1291 φρενί,
1493 1239 1631 1278 Λατι-

196 1303 259 1353 νίς
286 1298 395 1344 οὖσα
423 1300 466 1343 τὸ
498 1303 613 1355 γένος
642 1301 715 1342 καί
741 1301 824 1341 τῶν
851 1301 1080 1353 λεγομένων
1109 1299 1292 1355 ἄκριβαῖς
1320 1306 1534 1353 συνιεῖσα,
1561 1304 1633 1343 καί

196 1366 476 1410 α’νακαλύπτει
515 1366 648 1407 πάντα
679 1367 735 1422 τῷ
768 1360 929 1406 ἄνακτι.
997 1363 1020 1405 ὅ
1056 1366 1091 1405 δ’
1134 1366 1206 1406 ἐπί
1241 1370 1323 1415 τοῖς
1363 1366 1632 1420 η’κουσμὲνοις

197 1430 485 1488 ἀγανακτήσας
515 1432 650 1479 κακῶς
689 1431 764 1495 τὸν
797 1425 966 1485 Ἀαρών
998 1429 1162 1485 τίθησι,
1214 1432 1298 1472 τῶν
1327 1446 1372 1472 τε
1399 1430 1632 1487 ὀφθαλμῶν

135 1517 187 1543 20
198 1497 245 1541 τὸ
278 1501 368 1555 φαῖς
387 1497 646 1552 α’μαυρώσας
673 1498 830 1551 καὶτῆς
863 1496 1012 1545 ου’σίας
1039 1495 1173 1551 πάσης
1199 1495 1504 1552 ἀποστερήσας.
1562 1513 1632 1537 κα-

197 1562 363 1619 κοεργός
391 1564 430 1604 δ’
458 1559 517 1604 (ὃν
550 1562 573 1602 o‘
597 1560 795 1615 Ἀαρών,
825 1564 895 1604 καί
932 1563 1116 1616 λιχνείαν
1145 1558 1313 1618 φύσεως
1341 1561 1439 1617 περὶ
1462 1561 1514 1603 τὰ
1543 1565 1633 1615 χεί-

197 1646 320 1685 ριστα
353 1629 587 1682 δυστυχῶν,
615 1629 659 1676 ἐς
690 1624 865 1684 ὕστερον
894 1629 1034 1683 ἐνῆγεν
1049 1625 1322 1682 Ἀνδρόνικον
1351 1626 1670 1682 τυραννήσαν-Β

199 1711 251 1737 τα
286 1692 345 1749 μή
381 1696 509 1749 μέχρι
547 1694 622 1736 τοῦ
660 1691 869 1735 ἐκκόπτειν
900 1691 995 1741 τοὺς
1035 1691 1284 1748 ὀφθαλμούς
1313 1691 1386 1747 την
1413 1695 1494 1734 τῶν
1521 1695 1632 1734 α’ντι-

197 1758 365 1815 φρόνων
407 1758 547 1815 ἐκείνῳ
586 1757 792 1812 τιμωρίαν
816 1760 1028 1812 περιιστᾶν
1052 1760 1139 1799 ἀλλ’
1169 1755 1197 1811 ἢ
1223 1755 1408 1799 θάνατον
1438 1755 1632 1799 ἁπάντων

133 1829 184 1871 25
196 1825 570 1879 καταψηφίζεσθαι
607 1819 635 1878 ἢ
668 1825 922 1878 βαρυτέραις
957 1821 1223 1877 ἐκμοχλεύειν
1259 1821 1503 1876 κολάσεσιν,
1532 1820 1632 1865 ἑαυ-

289 1926 320 1948 2.
345 1911 636 1965 ἐπισπεύδοντα]
660 1911 939 1955 ἐπισπέρχοντα
965 1912 1004 1944 Α.
1121 1912 1155 1954 4.
1184 1911 1418 1958 συνείληπτο]
1441 1910 1567 1957 ῃτιατο
1593 1914 1630 1946 Α.

288 1961 321 1994 6.
349 1961 411 1991 καὶ
433 1971 485 2004 μη
510 1957 608 2005 δυσ]
636 1957 854 1993 εὐενδότους
878 1957 916 1990 Α.
1052 1961 1083 1992 8.
1096 1956 1398 2004 ἑτοιαορρεπέσι
1421 1945 1461 1991 A‘.
1578 1961 1629 1994 13.

287 2005 481 2038 διαλέλυτο
505 2004 544 2037 Α
658 2005 708 2038 18.
735 2004 1024 2049 ηκουτισμένοις
1044 2005 1086 2036 A.

196 2097 282 2119 num
308 2083 531 2124 adducebat,
559 2083 711 2116 subinde
722 2083 1020 2128 interrogantium
1045 2094 1107 2115 eur
1133 2083 1295 2116 accersiti
1314 2089 1443 2124 essent,
1469 2095 1509 2117 ac
1535 2085 1631 2118 iussa

196 2132 364 2165 alacriter
389 2131 654 2175 exequentium.
689 2141 756 2163 nec
779 2141 850 2162 una
874 2130 965 2162 haec
994 2140 1099 2162 causa
1127 2129 1198 2162 fuit
1222 2141 1284 2162 cur
1311 2130 1631 2174 comprehendere-

197 2184 256 2211 tur
284 2179 428 2218 Aaron,
461 2177 524 2210 sed
561 2178 626 2210 illa
643 2177 752 2210 etiam
785 2177 942 2209 accessit.
970 2188 1048 2209 cum
1074 2175 1362 2209 occidentalium
1388 2178 1549 2221 gentium
1576 2178 1633 2211 le-

197 2225 357 2269 gationes
382 2229 578 2268 exponeret
600 2229 636 2256 et
662 2223 886 2267 imperatoris
901 2223 1081 2257 voluntati
1108 2233 1166 2255 eas
1190 2234 1262 2255 non
1289 2224 1456 2267 refragari
1482 2225 1632 2263 videret,

198 2273 236 2304 in
261 2282 331 2303 una
365 2271 609 2315 postulatione
642 2270 776 2314 legatos
802 2269 968 2314 obiurgat
992 2275 1033 2302 ut
1056 2269 1206 2301 nimium
1231 2269 1277 2302 ad
1300 2270 1396 2302 iussa
1422 2271 1632 2315 exequenda

197 2323 363 2362 paratos,
388 2322 582 2361 monetque
606 2321 647 2349 ut
673 2316 906 2350 adversentur
933 2326 1052 2360 neque
1077 2321 1149 2348 tam
1176 2316 1282 2348 facile
1306 2318 1567 2350 assentiantur:
1595 2318 1633 2350 id

197 2365 292 2397 enim
323 2364 373 2396 cis
397 2364 495 2396 lucro
525 2363 620 2403 fore,
644 2363 887 2407 maioremque
926 2365 1076 2407 gratiam
1114 2362 1211 2406 apud
1238 2363 1488 2407 imperatorem
1519 2365 1634 2397 initu-

198 2421 254 2443 ros
279 2415 315 2443 et
340 2421 359 2442 a
386 2410 457 2443 suis
492 2409 727 2454 popularibus
753 2410 833 2453 plus
860 2409 1006 2442 honoris
1042 2414 1304 2442 consecuturos.
1330 2421 1371 2442 ac
1393 2415 1470 2443 tum
1494 2410 1533 2443 id
1558 2411 1633 2443 col-

198 2455 358 2500 loquium
406 2456 620 2500 diremptum
659 2461 714 2488 est
748 2457 964 2500 imperatore
987 2455 1033 2488 ob
1062 2455 1182 2488 Latini
1214 2457 1390 2488 sermonis
1414 2457 1631 2501 imperitiam

199 2502 288 2546 quid
320 2502 455 2535 dictum
491 2508 585 2535 esset
619 2503 815 2546 ignorante.
841 2508 1020 2535 caeterum
1044 2502 1252 2546 imperatrix
1277 2503 1425 2536 natione
1443 2504 1571 2536 Latina
1595 2510 1632 2536 et

200 2549 369 2581 sermonis
392 2549 490 2582 illius
514 2549 750 2593 peritissima,
777 2549 971 2593 propositis
997 2548 1270 2594 quaestionibus
1294 2550 1441 2582 seorsim
1466 2549 1630 2582 conside-

201 2594 310 2634 ratis,
333 2594 538 2639 imperatori
564 2596 712 2640 exponit
739 2594 881 2637 omnia3
909 2595 972 2640 qui
998 2595 1050 2627 ira
1079 2600 1276 2628 commotus
1300 2596 1434 2629 Aaroni
1459 2602 1496 2628 et
1516 2596 1630 2629 visum

200 2644 239 2672 et
265 2650 385 2674 omnes
413 2641 598 2674 facultates
629 2642 744 2686 eripit
769 2641 831 2673 sed
858 2642 908 2682 is,
933 2647 974 2675 ut
996 2641 1103 2674 homo
1127 2642 1309 2675 maleficus
1335 2647 1372 2675 et
1397 2647 1524 2675 natura
1546 2653 1630 2686 pro—

200 2696 331 2730 pensus
360 2686 406 2719 ad
430 2687 585 2727 scelera,
619 2694 698 2732 post
730 2693 854 2720 auctor
873 2688 966 2728 suit,
992 2687 1194 2721 Andronico
1234 2688 1303 2722 iam
1330 2699 1444 2721 rerum
1469 2699 1533 2732 per
1558 2689 1629 2720 vim

200 2732 343 2777 potito,
367 2738 407 2766 ut
438 2734 686 2767 excaecatione
725 2733 822 2767 haud
848 2739 1037 2768 contentus
1071 2734 1291 2769 adversarios
1320 2740 1382 2767 aut
1406 2735 1512 2779 plane
1535 2735 1628 2768 occi-
