1838 3210
428 184 499 222 DE
539 181 794 222 MANUELE
830 180 1091 224 coMNENo
1139 182 1235 223 Lm.
1276 185 1347 224 v1.
1495 165 1602 238 237

171 297 269 326 στον
301 281 642 335 κατατροπωθειή
675 279 747 322 καί
771 279 1002 334 κράτιστον,
1033 281 1201 323 κάκεῖνα
1232 281 1389 338 ῥᾳὸάυς
1416 282 1606 336 παραλύ-

167 364 258 391 σειν
286 348 487 402 οἰόμενοι,
517 344 629 388 καθὰ
653 348 725 387 καί
749 348 822 387 ἐπί
843 343 1252 401 ὅράκοντοςκόραῖμεν
1277 345 1487 401 γινόμενον
1516 349 1607 403 (τῆς

169 411 253 468 γάρ
279 413 464 468 κεφαλῆς
502 413 793 466 συντριβείσης
831 411 905 454 καί
932 410 954 452 ὃ
993 410 1136 462 λοιπὸς
1167 415 1463 467 συννεκροῦται
1487 412 1608 463 ὁλκὸς

171 481 246 519 τοῦ
270 475 483 534 σώματος)
514 473 543 532 ἢ
565 477 639 518 καί
664 478 725 518 ἐπ’
753 474 1039 531 ἀκροπόλεως·
1096 477 1250 533 ταύτης
1275 476 1354 533 γάρ
1383 480 1610 535 ἐξαιρεθεί-

138 552 249 598 5σης
280 545 352 585 καί
380 542 403 597 ἦ
435 540 556 596 λοιπὴ
587 541 707 591 πόλις
733 541 790 591 ὥς
820 539 1029 596 κατάκρας
1051 542 1215 585 ἁλοῦσα
1243 543 1294 585 τά
1326 543 1504 586 οἴκτιστα
1536 547 1608 587 πέ-

172 611 317 650 πονθε.
375 607 448 649 καί
474 604 674 660 βασιλευς
698 609 776 660 μὲν
804 604 999 656 πολλάκις
1034 606 1344 663 α’πεπειράσατο
1370 611 1452 652 τῶν
1479 612 1610 653 ἐκεῖσε

171 672 450 728 (Ῡυσπαρόδων
477 670 588 714 ὁδῶν
616 671 715 722 τούς
741 674 984 728 βαρβάρους
1006 675 1276 728 μεταστῆσαι,
1308 677 1380 716 καί
1406 675 1534 726 πολύς
1560 673 1611 732 ἦν

170 742 410 794 ἐγκεᾲιενος
441 742 526 788 τοῖς
555 737 627 778 ὑπ’
653 737 783 779 αὐτὸν
803 737 1060 790 ἐξομαλάιειν
1075 737 1151 793 τὴν
1177 740 1340 782 δίοδον·
1396 741 1476 795 οὔχ
1503 741 1612 796 ὁρῶν

171 807 219 847 δὲ
247 804 301 846 τά
330 803 436 846 κατὰ
477 801 632 845 σκοπὸν
673 803 974 858 προβαίνοντα,
1020 806 1094 845 καί
1130 801 1186 854 ὥς
1228 806 1442 848 α’πολεῖται
1487 807 1612 850 οῦδὲν

114 877 288 925 ιομεῑον
315 872 453 924 μένων
489 868 592 911 κατὰ
628 867 778 923 χώραν
818 865 884 911 οἷα
915 872 1002 911 τῶν
1041 873 1224 925 Περσῶν
1263 871 1617 929 ἐπικρατεστέρων

171 938 242 980 clei
262 937 488 992 γινομένων
517 935 574 985 ὥς
611 937 655 987 ἐξ
687 935 939 990 ὑπερδεξίων
975 937 1228 989 μαχομένων
1246 970 1258 990 ,
1288 938 1480 991 ἐσβάλλει
1508 938 1613 995 πρὸς

119 1055 122 1057 Α
170 1001 268 1052 τοὺς
297 1000 474 1045 ἐνώπιον
501 997 617 1059 αὐτῷ
648 1003 870 1053 πολεμίους
899 1003 990 1054 μετ’
1020 1002 1165 1054 ὀλίγων
1201 1004 1284 1044 τῶν
1315 1004 1422 1060 ἄμφ’
1445 1005 1612 1056 ἐκεῖνον,

172 1068 245 1110 καί
269 1074 354 1116 τοῖς
382 1073 541 1116 λοιποῖς
569 1069 616 1108 δὲ
638 1065 866 1122 ὑποτίθησι
895 1065 1044 1118 σώζειν
1063 1069 1175 1123 σφᾶς
1203 1067 1262 1116 ὥς
1288 1069 1457 1118 ἕκαστος
1486 1067 1614 1111 δύνα-

171 1151 264 1176 ται·
295 1136 427 1189 μηδὲν
453 1132 534 1189 γάρ
562 1131 748 1188 χρηστὸν
777 1134 822 1173 ἐκ
851 1133 934 1174 τῶν
957 1134 1002 1174 ἐν
1029 1127 1129 1185 ὄψει
1154 1140 1383 1176 κατανοεῖν.
1439 1136 1513 1176 καί
1535 1139 1615 1189 βα-

114 1199 313 1250 ιόσιλεὺς
340 1202 420 1253 μὲν
444 1197 501 1249 ὥς
525 1199 570 1240 ἑκ
596 1196 831 1253 γαλεάγρας
859 1199 932 1253 τῆς
951 1196 1045 1240 τότε
1063 1196 1190 1241 αὕτόν
1218 1200 1482 1256 διειληφυίας
1509 1204 1614 1257 βαρ-

169 1267 346 1322 βαρικῆς
363 1263 563 1317 ἑξώλισθε
582 1261 796 1320 φάλαγγος
811 1263 915 1317 μετὰ
929 1262 1150 1319 τραύματα
1168 1264 1299 1307 πολλὰ
1313 1267 1388 1307 καί
1403 1267 1614 1319 μώλωπας
1625 1283 1659 1317 Ρ,
1676 1295 1686 1317 1
1701 1295 1742 1330 ¹9

170 1338 385 1387 συνεχεῖς,
429 1330 504 1381 οὓς
528 1329 611 1372 α’πὸ
641 1332 773 1387 ’ξιφῶν
802 1330 957 1386 ἐπλήγη
986 1332 1059 1372 καί
1086 1332 1292 1387 σιδηρέων
1314 1333 1501 1387 κορυνῶν
1528 1330 1612 1375 ὖπό

170 1401 254 1441 τῶν
285 1395 571 1452 περιστάντων
599 1395 730 1438 αυ’τὸν
762 1397 945 1452 Περσῶν
971 1394 1247 1451 τυπτόμενος,
1289 1396 1383 1439 ἐπεὶ
1406 1400 1480 1440 καί
1506 1394 1613 1441 οὕτω

174 1467 229 1506 δι’
257 1460 357 1506 ὅλου
389 1465 467 1505 τοῦ
495 1460 688 1515 σώματος
715 1462 1043 1516 τετραυματιστο
1072 1460 1131 1512 αἶς
1159 1461 1231 1505 τὸν
1254 1464 1333 1516 μὲν
1357 1462 1515 1518 θυρεὸν
1541 1480 1615 1506 πε-

109 1533 220 1584 αορί
247 1545 327 1572 που
361 1528 460 1578 τούς
486 1526 706 1583 τριάκοντα
751 1526 866 1582 ἔχειν
894 1526 1185 1583 ἐμπεπηγότας
1212 1528 1458 1583 διψητικοὺς
1488 1531 1617 1583 αἳμα-

173 1612 241 1647 τος
270 1595 459 1647 ὀϊστούς,
491 1590 617 1636 αὐτὸν
648 1596 693 1636 δὲ
722 1596 822 1649 μηδ’
850 1589 1095 1648 οἷνορθαῖσαι
1123 1590 1230 1644 ὅλως
1261 1591 1472 1637 δυ’νασθαι
1498 1611 1615 1651 περι-

174 1667 404 1716 τραπεῖσαν
434 1658 511 1714 τὴν
541 1657 720 1715 κόρυθα.
762 1657 868 1713 πλὴν
895 1660 968 1701 καί
993 1655 1102 1700 οὕτω
1133 1658 1248 1714 παρὰ
1278 1659 1404 1709 δόξαν
1431 1659 1507 1709 τὰς
1531 1662 1615 1703 τῶν
1628 1668 1671 1704 V.
1684 1682 1726 1715 97

177 1724 405 1781 βαρβάρων
434 1727 580 1780 διέδρα
615 1724 766 1778 λαβάς,
813 1722 891 1766 ὑπὸ
923 1725 1030 1766 θεοῦ
1057 1724 1318 1779 φρουρηθείς
1347 1728 1424 1766 τοῦ
1450 1725 1524 1768 καί
1549 1727 1620 1768 ἐπὶ

178 1790 366 1849 κεφαλὴν
402 1789 531 1833 πάλαι
555 1790 696 1844 Δαβίδ
737 1792 781 1831 ἕν
813 1790 949 1847 ἡμέρᾳ
989 1790 1171 1842 πολέμου
1199 1787 1533 1844 ἑπισκιάζοντος,
1562 1791 1620 1841 ὥς

276 1906 308 1941 3.
337 1900 460 1948 ὁλκὸς]
492 1901 609 1944 ἄγκος
631 1901 668 1933 Β.
744 1902 776 1933 8.
802 1899 1052 1946 ἐξομαλίσειιν]
1081 1898 1226 1946 ὁμαλὴν
1246 1901 1408 1943 ποιῆσαι
1432 1901 1470 1933 Β.
1564 1911 1619 1935 22.

273 1947 343 1992 τήν
367 1948 531 1995 κόρυθα]
558 1942 599 1982 τὸ
629 1946 825 1989 κασείδιον
849 1947 886 1979 Β.
1016 1949 1072 1979 25.
1097 1946 1271 1992 διέδρασε
1295 1948 1335 1980 A.

182 2053 300 2096 ssigata
334 2050 414 2083 illas
447 2059 594 2095 quoque
628 2059 665 2081 se
690 2048 796 2081 facile
820 2052 1048 2092 superaturos
1077 2047 1274 2092 putabant,
1318 2048 1621 2093 quemadmodum

181 2100 219 2132 in
246 2097 474 2143 serpentibus
505 2095 666 2130 videmus
690 2095 808 2140 capite
846 2095 1000 2127 contrito
1026 2105 1096 2126 una
1124 2095 1233 2127 etiam
1258 2094 1438 2140 reliquum
1462 2097 1620 2140 corporis

181 2151 334 2179 tractum
369 2143 502 2184 emori,
539 2148 577 2176 et
600 2153 680 2176 arce
711 2147 934 2187 expugnata,
974 2140 1101 2174 urbem
1138 2141 1306 2174 hostibus
1343 2142 1510 2176 resistere
1546 2153 1621 2175 non

181 2203 296 2238 posse.
322 2192 517 2236 imperator
540 2200 626 2223 vero
660 2189 729 2222 etsi
752 2200 861 2233 saepe
889 2187 1063 2221 barbaros
1087 2198 1132 2221 ex
1158 2188 1332 2233 angustiis
1356 2188 1430 2222 illis
1459 2188 1621 2233 depelle-

183 2250 221 2272 re
250 2244 304 2272 est
333 2242 482 2271 conatus
507 2242 544 2270 et
567 2237 642 2269 suis
674 2236 769 2269 viam
806 2235 1059 2280 complanare,
1099 2240 1222 2268 tamen
1246 2246 1326 2268 cum
1353 2245 1433 2268 eum
1453 2239 1621 2268 conatum

181 2297 256 2319 non
283 2283 474 2318 succedere
501 2293 613 2329 seque
637 2293 753 2328 aeque
770 2283 981 2327 periturum,
1007 2281 1251 2315 crescentibus
1268 2281 1424 2315 subinde
1438 2282 1622 2315 Persarum

182 2332 340 2372 viribus,
366 2337 408 2364 ut
426 2331 490 2376 qui
519 2342 538 2364 e
564 2330 751 2375 superiore
768 2330 849 2362 loco
867 2333 1079 2373 pugnarent,
1098 2329 1129 2361 si
1159 2333 1339 2369 maneret,
1364 2339 1406 2362 ac
1425 2329 1456 2362 si
1475 2340 1623 2373 progre-

184 2378 351 2419 deretur,
379 2389 460 2411 cum
478 2377 602 2422 paucis
617 2387 709 2422 quos
724 2387 846 2410 secum
861 2375 1031 2415 habebat,
1053 2381 1150 2409 recta
1173 2376 1213 2409 in
1236 2375 1358 2409 hostes
1383 2375 1515 2417 fertur;
1541 2386 1623 2408 cae-

185 2430 354 2470 terosque
381 2429 506 2458 monet
527 2429 570 2457 ut
601 2423 757 2469 quisque
780 2423 933 2456 salutem
957 2427 1125 2467 quaerat,
1162 2427 1204 2456 ut
1227 2422 1363 2467 possit:
1383 2433 1421 2456 se
1445 2422 1541 2456 enim
1566 2422 1623 2454 ni-

186 2471 241 2504 hil
266 2472 353 2505 boni
378 2482 521 2516 sperare
543 2481 649 2516 posse
677 2481 722 2503 ex
743 2470 788 2503 iis
812 2480 906 2515 quae
929 2469 1062 2503 videat.
1087 2475 1197 2514 atque
1224 2469 1276 2502 ita
1298 2473 1382 2513 post
1404 2468 1518 2502 multa
1543 2467 1623 2500 vul-

188 2528 274 2550 nera
296 2523 333 2551 et
353 2519 500 2559 vibices,
517 2516 665 2551 ensibus
690 2522 727 2551 et
747 2517 873 2550 ferreis
902 2517 1011 2550 clavis
1035 2515 1141 2556 faeta,
1163 2526 1207 2548 ex
1229 2515 1418 2548 barbarica
1443 2515 1507 2548 illa
1533 2514 1624 2558 pha-

189 2563 316 2607 lange,
337 2570 510 2610 tanquam
536 2564 717 2609 decipula,
741 2558 796 2597 e'st
818 2564 961 2609 elapsus
976 2589 986 2602 ‚
1010 2563 1062 2596 sic
1087 2561 1235 2607 quidem
1257 2568 1335 2596 toto
1361 2572 1510 2607 corpore
1536 2571 1625 2593 con-

189 2610 417 2652 vulneratus,
444 2616 487 2645 ut
513 2616 614 2645 scuto
640 2611 718 2644 eius
742 2611 885 2645 circiter
908 2610 1005 2644 XXX
1029 2606 1179 2654 sagittae
1207 2609 1459 2648 inhaererent,
1485 2612 1522 2640 et
1545 2607 1623 2650 ipse

192 2656 364 2691 cassidem
388 2657 575 2691 decussam
588 2658 755 2692 attollere
778 2669 853 2691 non
867 2662 1001 2702 posset.
1024 2661 1147 2690 tamen
1170 2656 1230 2690 vel
1256 2657 1308 2689 sic
1329 2655 1398 2688 deo
1425 2651 1625 2687 defenden-

192 2707 252 2743 te,
288 2704 352 2748 qui
385 2704 424 2737 in
461 2704 520 2738 die
558 2705 649 2739 belli
673 2710 782 2750 caput
803 2706 900 2744 eius,
938 2702 1242 2750 quemadmodum
1266 2703 1354 2735 olim
1380 2699 1528 2734 Davidis
1545 2724 1556 2740 ,
1582 2704 1623 2732 ut

193 2750 270 2794 ipse
293 2750 332 2783 in
356 2749 502 2785 Psalmis
522 2752 679 2794 fatetur,
703 2750 955 2791 custodiebat,
983 2749 1200 2784 mirabiliter
1231 2748 1466 2783 barbarorum
1496 2756 1623 2781 manus
