1878 3230
311 184 382 223 DE
420 180 614 225 Ammo
654 183 850 226 lsAAcn
890 183 1090 228 ANGEu
1127 185 1212 225 m.
1253 185 1354 226 Lm.
1378 186 1432 226 11.
1498 165 1612 221 635

183 280 427 333 ἀντιστάτας
465 282 676 338 η’μῦνατο,
716 279 824 326 ἄλλα
863 281 1133 338 πολυτρόπως
1160 281 1358 339 πρότερον
1383 287 1617 338 βασανίσας

182 345 425 401 οἰκτρότατα
454 345 562 391 οὕτω
598 351 675 391 τοῦ
707 351 779 403 ζῆν
806 349 1038 402 ἐστέρησεν·
1098 347 1145 390 ὃν
1174 350 1253 402 μὲν
1289 349 1369 405 γὰρ
1417 351 1619 405 διακεχα-

180 411 318 462 λακώς
342 411 594 467 καχλάζοντι
619 415 758 468 λέβητι
786 415 861 454 καί
886 415 978 462 θείς
1005 415 1078 455 ἐπὶ
1112 416 1241 456 κανοῦ
1281 414 1472 470 καθάπερ
1508 421 1621 458 σῖτον

179 479 419 534 ἐκπέπομφε
444 484 528 529 τοῖς
556 481 745 532 οἰκείοις,
774 477 823 521 ὃν
851 478 898 520 δὲ
925 477 1144 532 η’κοντικώς
1171 480 1232 528 εἰς
1257 479 1399 534 πυρὰν
1426 482 1619 528 drame?-

142 547 259 589 5σαν
287 541 601 597 ἓπταπλασίως,
642 542 690 585 ὃν
717 546 764 586 δὲ
792 543 1069 593 ἑνσακκεύσας
1095 543 1169 587 καί
1193 546 1249 601 τῷ
1277 548 1401 604 βυθῷ
1430 549 1503 601 τῆς
1536 550 1658 591 &ce-c

178 610 336 664 λάσσης
371 611 660 665 παραπέμψας
690 610 897 664 ἐξὲτριψε.
953 607 1026 650 τὸν
1065 611 1112 650 δέ
1149 625 1196 663 γε
1239 610 1503 666 πρωτουργὸν
1543 614 1618 657 τοῦ

178 676 498 729 συστρέμματος
516 673 708 729 καὶπρὸς
727 671 951 729 ἡγεμονίαν
980 675 1218 728 ε’πιλεγέντα
1247 679 1461 735 βαρυτέρᾳ
1489 693 1618 730 uum-

177 741 248 797 (nigt
276 743 358 782 τῶν
389 743 545 782 λοιπῶν
574 739 812 782 ὗπεδίκασε·
868 742 1022 796 στέφος
1052 740 1131 796 γὰρ
1160 741 1205 782 ὲκ
1229 746 1392 795 χαλκοῦ
1418 741 1617 794 ἐπιτάξας

176 806 392 859 γενέσθαι,
430 807 676 860 ε’γκαρσίους
707 804 804 859 ἕχον
846 805 953 855 ὀπὰς
994 805 1089 855 ἴσας
1126 811 1212 855 τοῖς
1250 809 1428 862 πέρασι,
1457 812 1616 862 περιτί-

118 884 164 911 10
177 873 278 926 θησι
305 873 430 914 τοῦτο
454 874 510 930 τῷ
542 870 769 925 α’ντάραντι
796 878 943 927 χεῖρας
970 871 1138 930 ἐκείνῳ,
1167 870 1308 914 ἔπειτα
1338 875 1505 927 τέτρασι
1540 890 1615 927 με-

173 938 326 990 γίστοις
355 937 546 992 ἓστορσιν
574 937 617 985 ἐς
646 935 693 978 τὸ
720 938 949 990 διαμπερὲς
986 939 1327 992 διαβεβλημένοις
1364 941 1417 996 τῇ
1454 943 1616 995 κεφαλῇ

174 1003 386 1058 ἐνερείσας
414 1001 458 1044 τὸ
486 1000 672 1056 διάδημα
701 999 809 1044 οὕτω
837 1003 1019 1058 διαφῆκε
1047 1004 1260 1057 βαδίζειν,
1291 1003 1452 1056 ,,ὲ’χεις”
1488 1004 1617 1047 εἰπών

173 1064 253 1120 υὃν
281 1068 479 1121 ἐδίωκες,
506 1063 702 1124 ς’ἱνθρωπε
720 1099 733 1120 ,
763 1070 995 1124 στέφανον·
1054 1068 1210 1124 φθόνος
1237 1070 1374 1119 ου’δείς
1390 1103 1403 1122 ,
1426 1071 1615 1112 α’πόλαυε

173 1135 248 1175 τοῦ
278 1134 433 1189 ἐφετοῦ
459 1148 527 1175 σοι
557 1133 652 1174 λίαν
692 1132 766 1175 καί
799 1134 1162 1188 περισπουδάστου
1202 1134 1463 1189 χρήματος.”
1516 1134 1539 1176 ὅ
1569 1137 1617 1177 δὲ

116 1200 413 1253 ι5σκοτοδίνης
442 1199 646 1253 πλησθεὶς
668 1198 742 1240 καί
765 1198 925 1254 πρηνὴς
954 1199 1093 1241 πεσών
1116 1198 1223 1252 μετὰ
1258 1198 1400 1254 βραχύ
1443 1200 1617 1254 ἐτεθνή-

176 1279 254 1318 κει,
284 1267 344 1321 τῷ
373 1265 525 1322 οἰκτρῷ
545 1264 685 1323 ἐκείνῳ
714 1263 1000 1320 ἔναπορρήξας
1026 1263 1329 1320 στεφανώματι
1355 1264 1432 1319 τὴν
1456 1264 1613 1320 ψυχήν.

175 1329 280 1371 κατὰ
323 1331 371 1372 δὲ
398 1328 472 1385 τήν
499 1325 657 1372 ἅλωσιν
695 1332 767 1385 τῆς
795 1332 984 1378 Σικελίας
1023 1328 1197 1384 ἀπήχθη
1232 1333 1332 1383 μεθ’
1362 1328 1516 1386 ἐτέρων
1549 1333 1615 1372 αι’-

170 1395 395 1448 χμάλωτος
421 1397 496 1438 καί
521 1394 548 1451 ἦ
576 1394 766 1450 θυγάτηρ
792 1396 1000 1437 Ἰσαακίου
1029 1397 1108 1436 τοῦ
1135 1394 1468 1451 αὐτοκράτορος,
1507 1391 1559 1451 ἧς
1586 1396 1660 1451 ἧι)

173 1463 315 1515 κλῆσις
341 1459 523 1516 Εἰρήνη,
551 1461 625 1503 καὶ
662 1460 997 1516 προσαρμόζεται
1043 1463 1240 1519 Φιλίππῳ
1279 1462 1336 1518 τῷ
1367 1463 1443 1504 τοῦ
1486 1462 1614 1516 ῥηγὸς

111 1547 162 1574 20
173 1526 429 1580 Ἀλαμανιάς
452 1528 646 1585 α’δελφιῑί,
678 1528 724 1569 ἐκ
751 1530 956 1582 πορνικαῖν
987 1529 1134 1582 φυέντι
1159 1523 1420 1581 σπερμάτων,
1453 1526 1614 1579 ἀποβα-

174 1594 308 1634 λοῦσα
337 1590 445 1648 αὕτη
470 1591 638 1649 θανάτῳ
659 1591 732 1634 τὸν
761 1591 806 1635 ἐκ
826 1593 1058 1647 παρθενίας
1085 1591 1158 1633 καί
1181 1590 1384 1645 πρότερον
1403 1590 1615 1644 σύνευνον,

175 1656 221 1707 ὂς
249 1659 322 1701 καί
346 1657 595 1714 ἐτυράννησε
623 1660 813 1706 Σικελίας
850 1656 958 1710 μετὰ
989 1655 1119 1712 μόρον
1158 1659 1233 1699 τοῦ
1259 1656 1443 1706 τεκόντος
1484 1656 1616 1699 αὐτὸν

180 1726 352 1781 Ταγκρέ.

265 1849 298 1872 2.
324 1836 368 1873 ὃν
391 1837 476 1885 μὲν]
501 1832 569 1873 τὸν
590 1838 662 1884 μὲν
686 1835 760 1882 γὰρ
784 1837 826 1872 ἐν
854 1838 974 1882 λέβητι
996 1838 1124 1881 χαλκοῦ’
1144 1836 1288 1890 ἒᾳιρσας
1314 1837 1377 1869 καὶ
1403 1836 1613 1874 καταλύσας

263 1886 316 1922 εἰς
350 1885 464 1918 λέπτα
489 1883 616 1929 ὥσπερ
643 1886 876 1925 κανείσκιον,
900 1882 978 1917 ἀπὸ
1001 1884 1136 1917 τούτου
1161 1894 1202 1917 τα
1229 1884 1323 1929 μέλη
1345 1883 1491 1928 ἔπεμπε
1514 1882 1613 1927 πρὸς

262 1930 351 1968 τούς
379 1931 498 1964 αὐτοῦ
531 1937 733 1976 συγγενεῖς.
760 1932 796 1963 Β.
937 1932 970 1964 6.
995 1942 1109 1976 πρωτ.
1132 1932 1197 1963 καὶ
1220 1932 1453 1975 πρωταίτιον
1477 1932 1546 1964 τοῦ
1573 1931 1610 1963 B.

268 1990 320 2035 ιο).
344 1977 509 2056 τέέρασι]
533 1977 626 2025 μετὰ
662 1980 837 2023 καρφίων
871 1977 1050 2023 μεγάλων
1082 1976 1278 2024 τεσσάρων
1312 1976 1613 2022 κατακαρφώσας

263 2035 353 2059 αυτο
412 2049 422 2060 .

171 2145 251 2167 cum
277 2133 546 2172 antevertinset,
573 2131 803 2165 insidiatores
828 2141 902 2164 non
928 2131 1048 2175 gladio
1073 2132 1237 2176 punivit,
1271 2131 1336 2165 sed
1362 2131 1470 2164 variis
1494 2126 1614 2165 modis

170 2179 425 2214 miserabiliter
451 2179 671 2213 excruciatos
699 2178 892 2211 interfecit.
927 2189 1009 2211 nam
1037 2178 1147 2212 alium
1181 2179 1335 2212 ferventi
1371 2190 1466 2223 aqua
1504 2189 1612 2211 exco-

170 2232 267 2260 ctum
292 2227 332 2259 in
355 2226 510 2259 canistro
537 2236 602 2270 pro
626 2225 736 2258 missu
768 2224 815 2257 ad
843 2235 925 2258 suos
949 2225 1100 2265 remisit,
1131 2226 1240 2258 alium
1274 2226 1313 2258 in
1344 2224 1527 2269 ingentem
1553 2236 1613 2258 ro-

169 2284 252 2317 gum
277 2273 454 2313 coniecit,
479 2274 591 2306 alium
615 2272 718 2305 culeo
746 2272 904 2305 insutum
931 2273 971 2305 in
994 2271 1146 2306 fundum
1173 2272 1280 2306 maris
1306 2272 1452 2305 abiecit.
1482 2272 1612 2305 sactio-

168 2321 226 2352 nis
252 2331 338 2353 vero
362 2319 561 2365 principem
589 2324 626 2352 et
660 2330 778 2362 regem
804 2318 984 2352 delectum
1008 2320 1161 2363 graviori
1187 2319 1366 2364 supplicio
1403 2318 1608 2352 destinavit.

169 2365 275 2400 iussit
297 2367 394 2399 enim
417 2377 583 2399 coronam
609 2377 757 2398 aeneam
794 2365 874 2398 fieri
903 2376 982 2398 eum
1010 2371 1166 2410 quatuor
1198 2366 1460 2406 foraminibus,
1501 2375 1611 2410 quam

171 2411 249 2445 eius
271 2413 381 2456 capiti
408 2413 561 2445 totidem
590 2413 726 2457 magnis
760 2411 868 2444 clavis
895 2411 1028 2452 affixit,
1063 2417 1174 2457 atque
1205 2414 1256 2447 ita
1291 2411 1475 2446 hominem
1507 2411 1611 2444 abire

170 2458 278 2491 iussit
302 2458 359 2491 his
389 2458 508 2493 verbis
536 2458 696 2500 ‚‚habea‚
736 2458 869 2499 homo,
900 2469 1069 2492 coronam
1095 2470 1204 2504 quam
1235 2464 1386 2493 venatus
1425 2470 1474 2492 es.
1501 2468 1610 2492 nemo

169 2503 241 2537 tibi
266 2504 421 2538 invidet:
446 2505 565 2539 fruere
590 2517 704 2550 usque
730 2505 821 2538 adeo
847 2504 1052 2539 desiderata
1080 2507 1151 2539 re.’'
1178 2507 1208 2539 is
1231 2517 1317 2539 vero
1342 2506 1518 2550 vertigine
1542 2502 1610 2535 ob-

171 2555 251 2583 orta
274 2550 374 2583 humi
408 2552 595 2597 prolapsus
620 2553 729 2597 paulo
756 2557 839 2598 post
862 2553 900 2584 in
925 2551 1123 2585 miserabili
1148 2553 1213 2585 illo
1238 2552 1441 2586 diademate
1468 2550 1608 2594 expira-

169 2597 232 2630 vit.
260 2601 364 2640 capta
386 2595 528 2639 Sicilia,
570 2611 641 2632 una
675 2611 755 2632 cum
793 2599 944 2632 caeteris
972 2600 1075 2632 Irene
1100 2600 1228 2632 Isaacii
1264 2598 1490 2643 imperatoris
1533 2595 1610 2627 filia

170 2643 312 2687 captiva
335 2646 390 2675 est
411 2642 565 2679 abducta
597 2651 634 2680 et
666 2645 842 2691 desponsa
876 2645 988 2678 notho
1013 2646 1115 2679 fratri
1151 2646 1244 2688 regis
1269 2644 1501 2678 Alemanniae
1525 2641 1611 2674 Phi-

170 2690 290 2771 }ippo,
316 2688 444 2721 amisso
469 2691 587 2734 priore
616 2693 790 2738 coniuge,
815 2692 878 2737 qui
907 2697 989 2737 post
1013 2691 1152 2728 obitum
1178 2690 1358 2726 'tancredi
1381 2689 1494 2735 patris
1518 2687 1614 2723 sici-.

188 2735 243 2776 iae
266 2735 469 2781 imperarat.
