1838 3210
463 194 535 233 ma
578 190 835 233 MANUELE
874 188 1137 232 comm-,No
1163 190 1262 241 Lm.
1286 191 1358 230 vx.
1519 167 1630 225 255

194 293 365 352 γμάτων
394 290 417 333 ὅ
445 296 577 347 τίπερ
609 290 823 345 κράτιστον
850 288 1080 346 παραδοιῗς,
1105 283 1180 331 καί
1203 290 1498 342 συνεκπέμψας
1526 288 1640 345 αὕτιῇ

192 361 268 405 τὸν
302 357 651 413 Καντακουζηνόν
678 355 912 411 Μανουὴλ,
942 352 1078 411 ἄνδρα
1107 355 1204 409 περὶ
1231 353 1306 405 τὰς
1332 355 1504 410 πράξεις
1531 350 1637 409 οἷγα-

194 427 275 470 θόν
299 426 372 468 καί
395 429 603 480 γενναῖον,
636 424 710 464 καί
735 419 904 475 ἑτέρους
930 423 1012 464 τῶν
1053 423 1124 464 ε’πί
1151 421 1274 475 δόξης
1295 417 1535 482 Ῥωμαίων,
1566 436 1679 469 ,ια-Β

194 492 248 536 τά
276 492 360 535 τῶν
387 493 431 533 ἐν
455 491 513 548 τῷ
537 486 711 544 Χάρακι
740 485 935 543 Τούρκων
962 486 1131 543 ἀφίησι·
1191 491 1322 528 κεῖται
1357 487 1404 528 δὲ
1433 485 1455 527 ὅ
1486 483 1642 541 Χάραξ

159 553 317 607 δοῦτος
347 555 500 610 μεταξὺ
526 551 712 608 Λάμπης
738 553 810 594 καί
836 554 915 593 τοῦ
942 554 1016 606 τῆς
1034 549 1177 607 Γραὸς
1205 553 1245 592 Γ
1243 549 1436 600 άλακτος.
1462 548 1539 600 τοὶς
1566 551 1642 592 δυ·-

198 622 343 678 νάμεις
370 621 510 664 τοίνυν
548 616 774 671 α’ναλαβων
810 614 1072 672 Ἀνδρόνικος
1108 619 1256 670 πρῶτα
1281 617 1362 668 μὲν
1403 617 1463 666 εἷς
1492 613 1538 658 τὰ
1570 617 1645 670 τῆς

199 688 340 745 Γραὸς
369 683 655 742 παρεμβάλλει
683 681 825 736 Γάλα,
863 681 1004 724 ἔπειτα
1035 684 1075 723 δ’
1098 683 1230 724 ἐκεῖσε
1259 679 1312 723 τά
1339 679 1547 736 ὑποζύγια
1574 680 1650 723 καί

195 754 275 810 τὴν
305 750 434 807 ἄλλην
464 747 698 804 ἀποσκευήν
725 748 1006 802 καταθέμενος
1036 743 1194 790 ἄνεισιν
1213 750 1258 796 ἐς
1284 752 1420 789 νέωτα
1439 746 1543 802 πρὸς
1572 747 1646 789 τὸν

197 819 407 874 Χάρακα,
445 816 615 872 κούφως
653 811 916 869 ὦπλισμένην
959 813 1068 868 ἔχων
1097 810 1174 868 τήν
1204 813 1418 869 στρατιάν.
1476 813 1528 854 οὗ
1554 827 1647 867 γεν-

139 903 188 931 m
200 891 315 930 ναῖον
345 886 392 927 δέ
421 899 463 924 τι
506 881 667 937 δράσας
701 880 791 922 οὐδ’
822 875 938 931 ἄξιον
978 881 1055 921 τοῦ
1084 879 1284 921 τοσούτου
1312 875 1647 934 στρατεύματος,

197 949 225 993 ὃ
253 951 479 1007 τηνικαῦτα
508 946 708 1002 ἐπήγετο,
750 942 857 988 ἀλλὰ
887 942 1187 1001 συμμετρήσας
1215 943 1262 986 τὸ
1292 942 1410 1000 ἔργον
1435 945 1649 999 βοσκημά-

198 1034 283 1060 των
325 1016 535 1072 ἁρπαγαῖς
581 1013 654 1055 καί
697 1013 932 1066 ποιμνίταις
983 1013 1135 1065 ὀλίγοις
1181 1009 1403 1066 Τούρκοις,
1452 1009 1650 1066 περιδεὴς

198 1085 358 1126 ἐκεῖθεν
401 1083 635 1123 α’πονοστεῖ.
667 1077 952 1134 ἐπιφανέντων
990 1075 1072 1132 γάρ
1103 1078 1149 1118 ἐκ
1183 1078 1266 1119 τῶν
1294 1072 1471 1119 ὄπισθεν
1505 1075 1651 1126 νυκτὸς

198 1147 429 1204 βαρβάρων
457 1145 579 1188 τινῶν
607 1147 680 1187 καί
705 1142 971 1199 βοησάντων,
999 1141 1059 1198 μῆ
1090 1142 1320 1196 ἀναμείνας
1352 1137 1379 1197 ἢ
1406 1140 1453 1184 τὸ
1489 1145 1690 1197 πλῆθοςο

141 1217 284 1260 ιδτῶν
311 1211 511 1256 ἐπιόντων
547 1207 820 1261 κατεξετάσαι
851 1205 882 1264 ἢ
925 1207 1023 1258 τούς
1056 1208 1124 1250 ὑπ’
1159 1207 1290 1250 αὐτὸν
1320 1208 1379 1258 εἷς
1406 1206 1549 1263 μάχην
1576 1223 1649 1250 κα-

201 1279 536 1335 ταστησάμενος,
576 1277 692 1325 α’νείς
727 1273 799 1318 τὸν
841 1275 1135 1331 ὖπεκφέροντα
1179 1275 1304 1317 ἵππον
1332 1273 1406 1316 καί
1430 1275 1558 1330 χερσί
1579 1275 1652 1317 καί

200 1347 301 1388 ποσί
329 1344 402 1387 καί
441 1344 564 1400 φωνῇ
604 1340 706 1396 πρὸς
743 1340 789 1384 τὸ
820 1343 1033 1398 φέρεσθαι
1074 1342 1201 1392 ὀξέως
1233 1338 1468 1396 διήγειρεν,
1498 1342 1548 1382 ου’
1574 1339 1651 1395 τῆν

201 1413 245 1461 ἐς
272 1409 519 1466 στρατήγιον
561 1411 778 1465 φέρουσαν
821 1406 980 1450 ὁδεύων
1017 1409 1110 1450 ἀλλ’
1136 1407 1245 1450 εὕθύ
1279 1410 1353 1463 τῆς
1378 1409 1462 1449 τῶν
1489 1408 1653 1450 Χωνῶν

203 1475 410 1532 ὥρμηκώς
437 1472 608 1524 πόλεως.
664 1472 768 1517 ἰδών
800 1475 847 1516 δὲ
871 1472 943 1516 τὸν
971 1475 1099 1517 ἵππον
1126 1473 1201 1516 καὶ
1225 1475 1477 1531 πορρωτέρω
1496 1479 1653 1529 χωρεῖν

138 1563 191 1590 20
202 1541 351 1598 ἔχοντα
381 1542 477 1584 οὐδ’
502 1543 635 1583 ἐκεῖσε
663 1538 737 1582 τὸν
771 1539 927 1596 δρόμον
950 1541 1132 1596 ἵστησιν,
1160 1536 1255 1582 ἄλλ’
1282 1541 1327 1590 ἐς
1356 1537 1433 1595 τὴν
1461 1542 1505 1582 ἐν
1535 1542 1655 1595 Φρυ-

202 1609 272 1668 γίᾳ
301 1609 557 1650 Λαοδίκειαν
585 1603 679 1648 ὅλον
707 1608 914 1648 συντείνει
937 1605 984 1648 τὸ
1017 1606 1252 1662 πρόθυμον.
1307 1604 1357 1648 τὸ
1389 1607 1434 1649 δὲ
1454 1602 1654 1662 στράτευ·

203 1691 265 1727 μα
311 1671 414 1728 πρὸς
444 1672 520 1727 τὴν
566 1671 732 1726 α’θρόαν
777 1674 854 1713 τοῦ
882 1669 1084 1727 ἡγεμόνος
1121 1671 1368 1729 α’φάντωσιν
1394 1673 1655 1728 ἐκταραχθὲν

206 1736 426 1780 διαλύεται
446 1740 517 1793 τῆς
536 1738 768 1787 συντάξεως
797 1735 870 1778 καί
896 1735 976 1779 σύν
998 1737 1142 1779 ου’δενί
1170 1735 1306 1795 κόσμῳ
1326 1740 1520 1792 τρέπεται
1549 1737 1654 1794 πρὸς

206 1803 368 1860 φυγήν,
400 1805 483 1846 τῶν
512 1800 768 1858 θρεμμάτων
797 1801 871 1844 καί
896 1803 983 1843 ταῖν
1012 1803 1294 1856 αἰχμαλώτων
1322 1803 1549 1859 ἀφέμενον.
1579 1804 1655 1847 τά·

143 1871 194 1913 25
204 1887 264 1925 χα
293 1872 332 1912 δ’
366 1865 419 1911 ἂν
445 1868 519 1911 καί
543 1865 710 1917 ἑαυτοῖς
735 1865 1019 1922 συμπεσόντες
1047 1869 1308 1922 ἐμαχέσαντο
1330 1866 1542 1923 Ῥωμαῖοι
1582 1886 1656 1911 νυ-

300 1971 333 2004 5.
355 1966 494 2016 μεταξὺ
523 1968 588 2011 τῆς
614 1969 644 2002 λ.
669 1969 709 2002 A.
809 1981 861 2004 ιι.
887 1966 982 2002 α’λλιὶ
1013 1967 1147 2016 συμμ.]
1171 1967 1343 2014 ἁρπάξας
1366 1969 1479 2017 ὀλίγα
1514 1970 1656 2018 πρόβα-

297 2028 343 2052 τα
367 2018 432 2050 καὶ
454 2014 655 2053 πιστικοὺς
677 2016 714 2048 Β.
840 2027 890 2053 12-
915 2014 1122 2064 ἁρπαγαῖς]
1151 2016 1302 2062 α’γέλαις
1328 2017 1368 2050 Λ.

207 2119 390 2164 pugnavit.
416 2117 473 2150 cui
497 2128 576 2150 cum
601 2116 842 2150 Orientalium
867 2117 1052 2162 copiarum
1076 2123 1215 2163 partem
1233 2119 1408 2164 optimam
1435 2117 1596 2153 dedisset
1621 2125 1659 2154 et

209 2166 364 2211 legatum
394 2165 600 2197 Manuelem
627 2164 915 2197 Cantacuzenum
951 2164 1198 2206 adiunxisset,
1235 2166 1350 2198 virum
1383 2166 1421 2198 in
1455 2166 1563 2199 rebus
1596 2177 1658 2210 ge-

210 2212 331 2245 rendis
356 2217 562 2251 strenuum,
598 2222 670 2243 una
696 2222 776 2243 cum
802 2211 882 2243 aliis
918 2211 1121 2244 illustribus
1144 2213 1335 2253 Romanis,
1361 2212 1498 2245 Tui-cos
1523 2212 1659 2246 Chara-

209 2270 316 2292 cenos
337 2259 444 2291 iussit
469 2257 652 2290 invadere.
675 2258 706 2290 is
732 2257 872 2291 Charax
889 2258 985 2291 inter
1000 2259 1167 2303 Lampem
1194 2265 1230 2292 et
1255 2259 1450 2304 Graosgala
1475 2260 1565 2293 situs
1592 2266 1656 2294 est.

208 2305 434 2339 Andronicus
475 2305 588 2349 copiis
611 2306 804 2349 assumptis
840 2305 879 2338 in
902 2305 1155 2350 Graosgalacte
1182 2306 1336 2350 primum
1361 2311 1655 2347 castrametatur,

210 2351 344 2385 deinde
370 2352 540 2384 iumentis
572 2356 608 2383 et
633 2352 782 2396 reliquis
808 2351 1077 2396 impedimentis
1115 2352 1168 2384 ibi
1195 2353 1328 2386 relictis
1359 2353 1552 2386 Characem
1576 2365 1659 2387 cum

211 2399 283 2433 levi
315 2404 494 2431 armatura
518 2398 669 2431 invadit.
698 2397 762 2431 sed
789 2399 892 2430 nullo
932 2399 1092 2432 facinore
1122 2399 1221 2432 edito
1246 2399 1346 2444 quod
1369 2405 1470 2433 tanto
1496 2401 1657 2434 exercitu

212 2445 358 2489 dignum
396 2450 514 2485 esset,
551 2445 662 2489 raptis
695 2450 836 2478 tantum
858 2445 1058 2490 pecudibus
1091 2451 1128 2479 et
1151 2447 1273 2491 paucis
1299 2446 1426 2479 Turcis
1452 2447 1658 2492 pastoribus

211 2491 399 2532 abductis,
428 2491 591 2536 trepidus
619 2491 705 2524 inde
735 2492 878 2536 refugit.
901 2503 983 2525 nam
1003 2504 1083 2525 cum
1110 2503 1148 2526 se
1175 2498 1285 2526 noctu
1311 2493 1450 2526 Turcae
1477 2505 1555 2526 cum
1583 2494 1658 2526 cla-

213 2537 371 2570 moribus
398 2538 661 2579 ostendissent,
685 2549 759 2571 non
784 2544 939 2583 quantus
966 2551 1089 2572 eorum
1125 2545 1220 2573 esset
1246 2551 1416 2573 numerus
1442 2540 1656 2585 expectavit,

213 2595 287 2616 non
314 2595 395 2617 suos
420 2584 465 2617 ad
483 2596 638 2629 pugnam
661 2585 850 2626 instruxit,
879 2585 942 2618 sed
967 2597 1100 2631 equum
1126 2591 1164 2620 et
1186 2587 1353 2619 manibus
1380 2592 1416 2621 et
1439 2586 1595 2631 pedibus
1618 2592 1658 2619 et

213 2641 300 2662 voce
337 2629 383 2662 ad
413 2631 679 2664 velocissimum
719 2643 859 2664 cursum
891 2633 1077 2673 incitavit,
1118 2634 1247 2667 necin
1281 2639 1395 2667 castra
1421 2633 1484 2666 sed
1513 2633 1655 2666 Chonas

215 2676 430 2721 woperavit.
454 2683 491 2710 et
514 2679 600 2722 quia
624 2688 755 2723 equum
779 2689 920 2711 currere
948 2679 1085 2713 diutius
1104 2691 1209 2724 posse
1236 2680 1403 2720 videbat,
1427 2691 1473 2712 ne
1497 2678 1548 2711 ibi
1573 2679 1657 2723 qui-

218 2721 299 2759 dem
323 2733 463 2755 cursum
497 2723 659 2764 inhibet,
695 2724 759 2758 sed
793 2724 965 2769 Phrygiae
1000 2726 1214 2759 Laodiceam
1253 2726 1449 2759 contendit.
1474 2725 1655 2758 enimvero

219 2768 396 2802 exercitus
421 2769 608 2814 inopinata
633 2770 733 2804 ducis
760 2771 924 2805 absentia
945 2778 1191 2806 consternatus
1217 2774 1293 2806 acie
1319 2773 1436 2806 soluta
1462 2774 1572 2805 effuse
1598 2771 1653 2806 su-
