1878 3230
419 181 489 224 DE
527 180 850 226 ANDRomco
891 179 1153 226 coMNENo
1190 178 1286 224 Lm.
1326 183 1360 223 1.
1492 157 1605 238 399

171 280 331 324 σάντων
371 277 531 335 ἑώρακε
570 285 759 325 συνιέντα
803 279 830 338 ἢ
875 284 1117 338 ε’κζητοῦντα
1157 281 1255 323 θεὸν
1299 281 1404 323 ἄλλά
1448 280 1608 331 πάντας

173 344 487 402 ἆχρειωθὲντας
509 350 582 391 καί
607 347 712 404 πρὸς
739 347 841 405 ἔργα
858 351 1119 398 ἑκκλιναντας
1147 345 1340 402 ἄθεσμα,
1368 346 1611 391 ἐδικαίωσεν

174 411 328 461 αὖτοὺς
357 413 436 466 μὲν
466 415 757 469 ἐκμυκτηριεῖν
784 415 988 470 ἔκτρῖψαί
1009 429 1055 456 τε
1083 416 1155 456 καί
1179 412 1360 469 ταράξαι
1386 416 1446 471 τῷ
1475 414 1611 472 οἰκείῳ

173 480 325 536 θυμῷ,
366 476 440 533 τὴν
472 480 519 521 δὲ
545 478 619 521 τοῦ
650 481 802 522 οἰκείου
838 482 944 522 λαοῦ
989 486 1268 534 κατοικτεῖραι
1302 479 1503 533 κάκωσιν,
1540 483 1614 522 κατ’

137 542 334 594 5τούτοις
370 545 618 598 ἐλευθερίαν
655 544 908 598 βραβεύσειν
954 546 999 587 ἐν
1050 541 1108 602 τῷ
1151 551 1352 599 προσχεῖν
1390 545 1616 601 άκηδιῶντι

173 610 407 663 πνεύματι,
432 606 507 651 καί
533 610 716 663 καρδιάῖν
740 607 798 664 μὴ
830 612 1112 660 §gau-Quaem
1138 609 1393 666 σύντριμμα.
1450 614 1623 664 κολοβοῖ

172 677 335 728 τοίνυν,
375 673 433 724 ὥς
483 671 626 728 οἶμαι,
666 672 737 716 διὰ
787 674 884 724 τοὺς
934 675 1152 724 ἐκλεκτούς
1191 675 1270 730 τήν
1306 676 1506 731 χρονικὴν
1535 677 1661 720 τῶνῐ)

175 739 393 783 ἅπεύκτων
418 737 673 795 παράτασιν·
730 742 804 782 καί
829 738 910 783 ὅσα
939 746 1024 790 τοῖς
1052 743 1346 795 ,Βαβυλωνίοις
1375 743 1617 796 διηπείλησε

174 805 382 862 πρότερον
413 805 490 847 οὐκ
516 805 714 861 ἑλεήσασι
740 804 816 862 τήν
842 806 955 849 Σιών
981 808 1054 850 καί
1079 805 1178 856 τούς
1206 805 1328 856 vimis·
1356 807 1488 862 αὐτῆς
1519 806 1619 856 τούς

113 869 415 928 ιοτρυφεροὺς
441 869 512 913 καὶ
537 869 611 922 τᾶς
641 873 881 927 θυγατέρας
908 874 954 914 ἐν
978 873 1179 930 α’παγωγῇ
1208 872 1281 916 καὶ
1318 873 1586 931 αἰχμαλωσίᾳ
1603 903 1617 925 ,

173 940 312 980 ταῦτα
337 939 411 980 καί
434 937 579 987 adron,-
606 939 652 979 ἐν
668 938 824 993 α’καρεῖ
845 938 1049 993 ἐπήνεγκε·
1104 941 1178 980 καί
1193 937 1453 990 ἐνδοξάζεται
1472 937 1619 994 κύριος

174 1003 232 1053 ὥς
271 1003 468 1045 οὐδέποτε
509 1004 577 1059 ἐφ’
613 998 676 1053 οἷς
712 1002 758 1045 τὸ
800 1002 994 1059 τηνικάδε
1031 1005 1186 1060 καιροῦ
1222 1003 1271 1046 τὸ
1315 1005 1464 1047 οἰκεῖον
1503 1001 1620 1054 ἔλεος

174 1066 505 1122 ἐθαυμάστωσε,
533 1073 817 1125 μαρτυρικοῖς,
847 1069 904 1118 ὥς
921 1067 1064 1123 ἔοικεν,
1092 1072 1375 1127 ἔπικαμφθείς
1401 1074 1620 1124 λιτασμοῖς

174 1136 248 1176 καί
255 1135 385 1189 ειῖχῆς
397 1133 603 1183 ἑπακουὸς
614 1132 832 1189 γενόμενος
841 1133 917 1176 τοῦ
931 1133 1014 1177 ταῖν
1025 1135 1361 1177 Θεσσαλονικέων
1375 1136 1618 1190 α’ρχιερέως·

96 1194 228 1254 Διδῆν
256 1202 296 1241 ‹5’
320 1194 443 1249 οὗτος
472 1197 495 1241 o‘
516 1198 646 1249 πολύς
669 1201 716 1242 ἐν
743 1199 849 1258 λόγῳ
876 1203 951 1242 καί
976 1201 1105 1258 α’ρετῇ
1134 1202 1457 1256 διαβεβοημένος
1485 1200 1621 1242 ἁπαν-

175 1265 287 1322 ταχῇ
310 1263 562 1318 Εὗστάθιος,
588 1259 629 1323 ᾧ
652 1264 727 1307 καί
751 1265 799 1307 τὸ
828 1264 910 1307 άπὸ
930 1268 1138 1315 συνέσεως
1157 1268 1236 1319 μὲν
1253 1268 1479 1319 ἐπιπρεπὲς
1505 1266 1621 1317 α’ξιέ-

174 1346 321 1372 παινον
347 1329 420 1371 καί
456 1330 482 1385 ἧ
515 1332 762 1386 πολυπειρία
789 1329 1013 1386 θαυμαστή
1045 1347 1107 1382 τις
1145 1332 1220 1373 καί
1259 1329 1532 1386 α’ξιάγαστος,
1569 1329 1614 1373 τὰ

175 1397 224 1441 δὲ
251 1395 366 1451 παρὰ
397 1394 500 1438 πολὺ
529 1398 610 1439 τῶν
638 1391 779 1439 ἄλλων
814 1398 860 1439 ἐν
899 1398 1039 1451 λόγοις
1074 1397 1320 1453 ὖπερτερεῖν
1356 1397 1431 1439 καί
1465 1398 1619 1453 σοφίας

177 1460 341 1518 πάσης,
388 1459 521 1518 ὁπόση
553 1478 598 1504 τε
627 1462 814 1518 ἡμετέρα
841 1465 915 1504 καί
956 1460 1034 1518 ὅση
1061 1464 1141 1506 τῶν
1176 1461 1395 1519 θύραθεν,
1431 1463 1617 1519 κρατῆρα
1631 1473 1664 1507 Ρ.
1680 1473 1743 1519 ¹98

112 1544 167 1571 ao
180 1526 288 1572 εἶναι
313 1529 532 1585 περιχειλῆ
557 1527 603 1571 τὸ
631 1526 881 1571 οἰκειότατον
901 1530 1040 1586 ἐκεινῳ
1066 1528 1140 1571 καί
1165 1530 1372 1584 ἐξαίρετον
1396 1523 1450 1584 ἧν
1476 1545 1616 1583 χαρα-

180 1595 406 1651 κτήρισμα.
465 1589 584 1644 οὗτος
619 1593 700 1649 γάρ
733 1597 1116 1649 συγκακουχεῖσθαι
1163 1597 1220 1653 τῷ
1270 1594 1406 1651 οἰκείῳ
1445 1593 1619 1651 ποιμνίῳ
1632 1602 1674 1635 V.
1692 1603 1756 1636 162

177 1658 372 1715 ἑλόμενος
400 1662 559 1713 μᾶλλον
588 1658 618 1714 ἦ
645 1659 744 1709 τούς
769 1659 1015 1713 μισθωτοὺς
1043 1662 1320 1716 ἐζηλωκέναι,
1349 1662 1394 1702 οἳ
1426 1662 1510 1702 τῶν
1545 1658 1620 1702 λύ-

178 1743 262 1769 κων
289 1728 524 1782 ἐρχομένων
563 1727 712 1775 ἐῶντες
754 1724 805 1768 τά
849 1727 1076 1781 θρέμματα
1114 1726 1485 1781 ἐκδιδράσκουσιν,
1525 1723 1620 1777 ἐξὸν

272 1859 304 1882 2.
331 1847 582 1895 ἐκκλίναντος]
611 1847 818 1891 βλέψαντας
841 1846 904 1880 ἄθ.
930 1848 1094 1892 ἔγνωκεν
1118 1849 1157 1881 Α.
1252 1850 1284 1883 3.
1310 1849 1364 1882 τῶ
1388 1848 1522 1884 ἐνδίκω
1545 1851 1621 1881 θυ-

273 1898 354 1942 μῶ,
377 1893 466 1932 τούς
490 1894 530 1930 δὲ
554 1895 775 1938 πάσχοντας
801 1893 898 1928 οὕτω
927 1898 1048 1933 κακῶς
1073 1894 1309 1940 οἰκτειρῆσαι
1335 1895 1378 1929 A.
1485 1898 1518 1932 8.
1540 1894 1622 1937 διη-

275 1941 444 1984 πειλήκει
469 1942 510 1976 Α.
604 1943 658 1976 23.
683 1941 944 1988 ἐξερχομένων
967 1942 1007 1975 Δ.

183 2049 400 2086 memorata,
425 2055 604 2089 exponere
627 2045 742 2078 visum
768 2048 831 2078 est.
855 2049 1046 2089 postquam
1073 2055 1157 2077 vero
1183 2045 1211 2077 is
1237 2044 1298 2089 qui
1323 2044 1361 2076 ln
1388 2042 1528 2076 excelso
1555 2042 1622 2076 ha-

183 2093 278 2125 bitat
302 2097 339 2125 et
360 2091 512 2124 humilia
537 2092 710 2133 intuetur,
735 2103 754 2124 e
779 2091 879 2124 caelo
907 2091 1092 2136 prospexit
1115 2102 1234 2136 neque
1260 2091 1363 2123 illum
1391 2090 1560 2123 hostilem
1585 2095 1623 2123 et

182 2140 354 2172 victorem
377 2139 615 2172 Romanorum
638 2139 843 2182 intelligere
871 2143 934 2171 aut
955 2149 1128 2183 quaerere
1156 2138 1262 2171 deum
1279 2137 1383 2178 vidit,
1408 2137 1472 2170 sed
1497 2147 1621 2170 omnes

184 2186 333 2219 inutiles
375 2196 452 2218 esse
491 2185 603 2218 factos
629 2191 666 2219 et
687 2186 836 2219 nefariis
861 2184 968 2218 rebus
993 2184 1154 2225 deditos,
1183 2183 1406 2217 subsannare
1432 2194 1493 2216 eos
1515 2184 1623 2217 insti-

182 2233 256 2267 tuit
277 2243 317 2264 ac
331 2232 540 2276 perturbare
558 2237 596 2265 et
613 2232 831 2270 exscindere,
854 2231 949 2264 iusta
972 2232 1221 2276 indignatione
1248 2235 1464 2271 commotus,
1489 2236 1526 2264 et
1548 2236 1622 2264 tam

183 2278 380 2312 crudeliter
402 2279 541 2312 afflictis
566 2279 762 2312 clementer
787 2278 993 2312 libertatem
1017 2279 1207 2312 restituere
1223 2303 1233 2319 ,
1256 2278 1385 2311 moesti
1412 2278 1559 2322 spiritus
1586 2282 1625 2310 et

185 2326 333 2360 contriti
357 2325 474 2358 cordis
500 2326 678 2359 misertus.
709 2331 857 2371 propter
882 2325 1016 2359 electos
1043 2326 1171 2370 igitur,
1213 2330 1253 2358 ut
1279 2324 1457 2365 arbitror,
1482 2323 1624 2357 acerbi-

185 2378 278 2406 tates
314 2372 396 2406 illas
430 2371 567 2406 diutius
601 2373 751 2417 grassari
774 2383 849 2405 non
880 2383 1023 2417 passus3
1062 2377 1100 2406 et
1123 2382 1216 2417 quae
1233 2371 1441 2415 Babyloniis
1465 2372 1623 2404 minatus

188 2424 266 2452 erat
302 2419 388 2452 olim
409 2444 419 2459 ,
455 2419 555 2464 quod
591 2419 711 2453 Sionis
747 2419 842 2452 nihil
875 2419 1013 2452 miserti
1038 2419 1132 2451 filios
1160 2419 1237 2451 eius
1264 2418 1438 2451 delicatos
1465 2423 1503 2451 et
1529 2418 1622 2450 filias

189 2466 228 2498 in
253 2466 458 2500 servitutem
474 2465 720 2507 abduxissent,
746 2471 927 2499 momento
954 2466 1126 2510 temporis
1151 2466 1230 2499 istis
1255 2465 1392 2506 intulit,
1418 2469 1460 2496 ut
1481 2464 1622 2497 miseri-

189 2511 311 2544 cordia
339 2513 416 2546 eius
441 2513 616 2546 mirabilis
640 2520 716 2548 tum
756 2514 787 2546 si
812 2524 979 2557 umquam
1003 2513 1091 2545 alias
1118 2512 1381 2552 celebraretur,
1405 2516 1622 2554 martyrum,

189 2564 232 2591 ut
253 2557 428 2600 arbitror,
467 2560 636 2605 precibus
678 2565 716 2593 et
749 2559 1082 2593 Thessalonicensis
1109 2559 1291 2604 pontificis
1316 2558 1464 2591 exorati.
1491 2558 1521 2589 is
1546 2560 1623 2588 erat

190 2605 400 2649 eloquentia
436 2611 474 2639 et
493 2607 627 2640 virtute
663 2606 919 2640 celeberrimus
952 2606 1180 2646 Eustathius,
1218 2605 1281 2650 qui
1305 2610 1342 2638 et
1366 2603 1558 2650 prudentia
1586 2606 1623 2633 et

189 2663 256 2684 usu
278 2662 395 2683 rerum
431 2653 589 2686 mirabili
625 2653 833 2698 praeditus,
867 2658 905 2686 et
936 2652 1098 2686 doctrina
1125 2653 1355 2698 profanarum
1383 2656 1421 2684 et
1445 2658 1622 2682 sacrarum

189 2698 390 2731 litterarum
417 2697 595 2732 uberrima
618 2700 767 2733 caeteris
796 2700 962 2733 omnibus
986 2699 1246 2739 antecellebat,
1272 2708 1386 2743 eaque
1411 2697 1511 2729 velut
1532 2694 1622 2726 insi-

189 2745 250 2790 gni
272 2750 316 2779 et
352 2744 526 2791 peculiari
554 2750 641 2780 nota
666 2745 953 2792 praedicabatur.
980 2747 1043 2792 qui
1067 2758 1150 2785 cum,
1170 2745 1298 2779 mallet
1323 2755 1402 2778 cum
1427 2751 1531 2786 grege
1555 2750 1620 2779 ⁵¹10
