1878 3230
709 174 850 215 ·mzns
890 171 1081 215 CAPTA.
1508 177 1616 233 799

176 271 220 315 τό
263 271 443 327 σύνηθες
481 268 784 324 ἀλαλάξαντες,
833 271 966 314 αὐτοῦ
1012 271 1064 326 δὴ
1102 272 1176 313 τοῦ
1213 273 1334 327 Ἐρρῆ
1372 275 1456 316 τῶν
1482 270 1620 317 ἄλλων

176 337 506 392 προεκθορόντος
534 338 607 378 καί
635 335 708 378 διὰ
738 338 878 390 μέσων
905 339 989 378 τῶν
1015 339 1168 388 τάξεων
1196 335 1269 379 τὸν
1294 337 1419 380 ἵππον
1445 339 1621 382 ἐλάσαν-

177 417 250 452 τος
269 435 293 456 ,.
313 402 636 454 ὃιασκεδάζουσι
663 401 918 455 Ῥωμαίους,
958 403 1031 444 καί
1055 407 1202 459 σφίσιν
1228 404 1479 457 ἐπικείμενοι
1512 406 1619 462 φεύ-

176 483 298 522 γουσι
337 466 471 523 φόνου
511 465 718 522 πάρεργον
754 468 969 514 πλείστους
1011 467 1174 519 ἔθεντο,
1218 464 1287 511 οἷα
1336 472 1417 512 τῶν
1458 470 1617 514 ἱππέων
1634 479 1671 513 V.
1686 482 1753 516 320

139 531 389 587 5Ῥωμαίων
418 531 500 574 ’καί
534 531 638 587 πρὸς
664 531 739 586 τὴν
766 532 934 587 πρώτην
968 531 1177 585 ἔμπτωσιν
1207 535 1289 575 τῶν
1315 539 1518 578 Λατίνων
1546 537 1620 580 καί
1629 545 1664 577 Ρ.
1679 544 1746 590 39⁰

174 597 250 654 τὴν
282 601 364 640 ταῖν
393 595 582 652 δοράτων
611 594 835 653 α’γκώνισιν
874 595 985 647 ὅλοις
1011 596 1284 653 ἀποδράντων
1312 599 1516 656 ῥυτῆρσι,
1546 603 1621 646 καί

174 664 250 713 τὰς
279 662 450 715 πεζικὰς
487 664 630 720 τάξεις,
660 662 916 719 παρεικότων
943 666 1016 720 Ρεἰς
1037 662 1226 718 κεράϊσιν
1251 672 1337 715 τοῖς
1369 666 1619 722 α’ντιμάχοις

174 730 248 771 καί
271 729 495 783 προνομήν.

283 794 376 836 Καὶ
409 795 509 850 τῇδε
536 795 615 846 μὲν
644 791 695 835 τά
728 794 823 835 κατ’
845 789 996 837 Ἀσίαν
1037 796 1230 851 ἐφέρετο·
1298 794 1349 838 τά
1387 799 1432 839 δὲ
1462 799 1619 841 Θεττα-

112 859 226 908 ωλιὶ
262 861 405 914 Τέμπη
429 857 712 914 ἐκπεριελθιὸν
737 861 967 916 μαρκέσιος
994 860 1065 916 ὑφ’
1096 858 1270 915 ἡγεμόσι
1296 859 1519 916 Ῥωμαίοις
1546 860 1620 918 ἥγε

173 923 245 967 διά
274 927 438 979 ταχέων
463 926 508 966 ἐν
536 930 622 973 τοῖς
645 923 704 980 μὴ
744 924 924 980 ὄριαίοις
950 923 1027 980 τήν
1051 924 1258 980 δύναμιν,
1289 925 1395 969 ὥστε
1421 929 1495 970 καί
1521 926 1620 971 ἕλα-

170 994 225 1033 θε
252 989 304 1033 τά
345 989 492 1032 πεδινὰ
535 992 616 1032 τῶν
656 991 935 1045 Λαρισσαίων
972 993 1159 1045 κατέχων
1203 990 1300 1042 τούς
1342 998 1436 1042 ταῖς
1472 987 1620 1049 ἄκραις

172 1058 411 1113 ἐφεστῶτας
433 1055 668 1109 Ῥωμαίους
681 1055 754 1097 καὶ
778 1054 856 1106 τάς
874 1053 1113 1111 ὑπερβολάς
1140 1060 1370 1113 τηροῦντας
1400 1059 1619 1113 ἐπιμελῶς,

175 1124 226 1165 αἳ
249 1121 320 1165 τὸν
344 1123 422 1175 μὲν
452 1119 638 1177 Πηνειὸν
677 1119 863 1174 ποταμὸν
900 1122 944 1170 ἐς
980 1122 1028 1163 τὸ
1057 1121 1311 1165 στενώτατον
1338 1122 1468 1181 πάντῃ
1498 1123 1620 1175 ξυνά-

117 1195 333 1244 ,5γουσιν,
361 1186 420 1236 αἱς
447 1186 524 1229 καὶ
548 1185 774 1240 καχλάζειν
801 1188 845 1228 έν
873 1190 1042 1235 πολλοῖς
1069 1187 1139 1229 έπί
1162 1190 1270 1242 μέγα
1299 1186 1343 1229 τὸ
1369 1188 1521 1244 ῥόθιον
1548 1188 1624 1230 καί

175 1252 254 1304 τάς
303 1249 440 1306 ὄχθας
467 1254 519 1308 τῇ
559 1254 642 1294 ταῖν
669 1252 837 1294 κτύπων
865 1251 1118 1306 ἀντιπέμψει
1146 1259 1420 1308 συνεπηχεῖν,
1449 1256 1549 1308 περὶ
1574 1256 1621 1296 δὲ

175 1318 251 1369 τὰς
275 1319 358 1361 τῶν
401 1317 512 1373 ὀρῶν
536 1315 764 1371 ὑποβάσεις
800 1319 904 1371 μίαν
935 1313 1121 1372 ἀτραπὸν
1147 1321 1471 1374 παρανοίγουσι,
1500 1335 1623 1362 συνε-

175 1386 407 1439 πτυγμένην
435 1383 505 1424 καὶ
530 1381 684 1437 ταύτην
711 1382 784 1424 καί
815 1381 1006 1438 χαλεπὴν
1031 1389 1118 1432 τοῖς
1147 1383 1398 1438 βαδίζουσι,
1429 1382 1538 1427 ὥστε
1565 1397 1661 1442 πῃΒ

175 1451 276 1506 μηδ’
301 1448 372 1492 ἐπὶ
399 1446 614 1504 τεσσάρων
639 1448 828 1490 άσπίὸων
858 1444 987 1504 αὐτὴν
1024 1448 1399 1504 άναπτύσσεσθαι,
1436 1449 1519 1492 ὑπὸ
1549 1466 1623 1492 πε-

114 1517 285 1572 αοτρῶν
324 1513 534 1556 λισσάδων
562 1513 636 1555 καί
669 1515 882 1567 ποταμίου
909 1513 1116 1570 ῥεύματος
1144 1517 1187 1564 ἐς
1218 1513 1265 1556 τὸ
1293 1513 1425 1573 πάντῃ
1454 1518 1624 1558 συνιοῦ-

178 1598 258 1624 σαν
284 1581 547 1634 στενόπορον.
621 1581 666 1622 έκ
693 1580 740 1621 δὲ
767 1581 992 1634 Λαρίσσης
1028 1575 1137 1636 ἄρας
1165 1580 1408 1636 προυχώρει
1434 1586 1519 1631 τοῖς
1547 1580 1622 1635 έμ-

178 1650 384 1702 προσθεν,
430 1643 608 1702 μηδενός
647 1646 708 1693 εἰς
734 1651 880 1700 χεῖρας
917 1646 1030 1702 αὐτῷ
1059 1648 1276 1700 προσιέναι
1303 1650 1482 1700 θαρρεῖν
1505 1646 1623 1702 ἔχον·

180 1729 264 1762 τος.
319 1712 400 1765 ὀψὲ
434 1713 481 1753 δὲ
512 1713 584 1753 καί
608 1709 731 1771 μόλις
758 1710 860 1766 περὶ
883 1709 959 1759 τὰς
977 1709 1255 1767 Θερμοπύλας
1282 1709 1406 1765 λόχον
1435 1710 1456 1752 ὅ
1488 1714 1622 1766 Σγου-

182 1778 256 1834 ρὸς
301 1781 428 1821 Λέων
467 1776 752 1830 ὖποκαθίσας,
796 1777 928 1832 μηδὲν
963 1778 1010 1818 δέ
1038 1792 1079 1818 τι
1121 1776 1194 1818 καὶ
1232 1778 1391 1832 δράσας
1416 1783 1620 1831 γενναῖον,

117 1851 172 1893 25
184 1841 289 1887 α’λλά
331 1842 404 1886 καὶ
443 1841 550 1899 πρὸς
574 1841 703 1898 μόνην
742 1839 817 1897 τήν
843 1844 926 1884 ταῖν
951 1840 1111 1885 ἱππέων
1137 1844 1339 1886 Λατίνων
1367 1837 1468 1897 ὄψιν
1498 1838 1622 1884 α’λλο-

182 2035 302 2063 tamen
339 2026 481 2070 segnius
505 2030 615 2072 atque
652 2024 812 2069 ignavius
852 2023 1087 2065 invaderent,
1122 2024 1240 2059 Latini
1266 2025 1378 2058 veluti
1406 2026 1506 2071 signo
1533 2026 1618 2060 dato

184 2074 331 2109 directis
368 2073 478 2106 hastis
519 2078 556 2106 et
587 2072 740 2105 clamore
781 2070 826 2105 de
849 2082 947 2104 more
973 2071 1136 2112 sublato,
1168 2072 1246 2117 ipso
1272 2073 1392 2105 Errico
1419 2079 1503 2107 ante
1527 2074 1620 2107 alios

186 2125 397 2166 erumpente
423 2126 459 2154 et
483 2130 548 2165 per
572 2118 728 2152 mediam
752 2117 910 2152 hostium
942 2118 1053 2150 aciem
1081 2129 1173 2163 equo
1199 2124 1468 2163 pet-rumpente,
1493 2121 1622 2153 Roma-

185 2179 251 2203 nos
275 2168 472 2212 dissipant,
509 2170 545 2199 et
579 2165 801 2210 fugientibus
838 2164 1087 2198 incumbentes
1121 2165 1294 2210 plurimos
1328 2166 1507 2200 occidunt.
1538 2178 1620 2201 nam

184 2215 334 2249 Romani
359 2214 498 2260 equites
520 2211 565 2245 ad
589 2212 740 2258 primam
763 2211 969 2245 Latinorum
994 2211 1263 2256 impressionem
1294 2218 1331 2246 et
1354 2212 1534 2247 hastarum
1564 2213 1621 2247 di-

185 2262 382 2295 rectionem
407 2260 594 2293 concitatis
634 2259 736 2304 equis
770 2258 946 2303 fugientes
971 2258 1155 2304 pedestres
1184 2259 1329 2293 ordines
1354 2258 1520 2295 hostibus
1545 2265 1622 2294 tru-

184 2307 357 2342 cidandos
385 2307 607 2352 reliquerant
631 2311 668 2338 et
691 2304 908 2350 spoliandos.

277 2355 356 2387 Hoc
387 2354 492 2387 Asiae
526 2358 641 2393 statu,
680 2351 838 2386 marchio
872 2361 938 2397 per
970 2350 1144 2385 Thessala
1175 2351 1312 2397 Tempe
1348 2352 1515 2386 Romanis
1554 2351 1622 2385 du-

187 2400 347 2434 ctoribus
385 2411 543 2445 egressus
569 2399 689 2444 copias
719 2399 759 2431 in
781 2398 870 2431 locis
888 2409 963 2431 non
984 2399 1164 2432 montanis
1190 2398 1280 2431 adeo
1307 2398 1472 2434 celeriter
1497 2398 1620 2437 duxit,

189 2453 230 2480 ut
256 2447 294 2480 in
318 2447 478 2480 Larissae
515 2446 725 2491 campestria
758 2445 963 2490 perveniret
998 2445 1129 2490 ignaris
1155 2445 1322 2478 Romanis
1358 2445 1420 2490 qui
1445 2444 1622 2481 montium

189 2493 373 2526 cacumina
397 2494 572 2527 accuratis
599 2492 759 2527 excubiis
793 2491 983 2534 tenebant3
1009 2491 1140 2537 quibus
1173 2492 1309 2525 Peneus
1332 2491 1460 2524 fluvius
1487 2490 1623 2534 ubique

190 2541 228 2572 in
254 2540 541 2583 angustissimum
578 2540 718 2573 alveum
752 2543 895 2572 coactus
921 2539 958 2572 in
985 2549 1130 2583 magnos
1156 2537 1282 2571 fluctus
1308 2537 1508 2576 attollitur,
1535 2536 1623 2580 ripis

191 2585 462 2628 resonantibus3
487 2592 525 2620 et
549 2598 671 2627 unum,
699 2596 852 2631 eumque
881 2590 1069 2631 angustum
1090 2585 1269 2619 tramitem
1298 2589 1334 2616 et
1354 2583 1508 2620 transitu
1528 2581 1625 2614 haud

191 2633 335 2666 facilem
357 2633 544 2676 aperiunt,
586 2638 627 2666 ut
649 2633 710 2666 vix
749 2633 917 2678 quaterni
951 2632 1084 2665 milites
1108 2642 1193 2676 prae
1221 2629 1369 2675 rupibus
1395 2634 1432 2662 et
1454 2629 1627 2663 torrenti-

191 2678 259 2712 bus
287 2678 427 2724 possint
461 2677 638 2712 incedere.
703 2679 842 2713 Larissa
877 2679 1054 2723 digressus
1087 2677 1239 2711 ulterius
1264 2674 1456 2722 pergebat,
1481 2675 1626 2708 nemine

193 2725 360 2760 resistere
385 2723 560 2766 audente,
586 2724 700 2758 donec
724 2736 802 2759 sero
829 2737 870 2758 ac
892 2726 952 2759 vix
969 2724 1114 2758 tandem
1142 2724 1271 2757 Scarus
1294 2722 1367 2756 Leo
1395 2722 1486 2755 circa
1510 2721 1626 2755 Ther-
