1878 3230
538 216 593 254 ιΝ
631 211 871 255 Ν-ιοΕΤΑΜ
921 213 1254 256 cnomATAM.
1507 196 1615 269 875

178 313 392 353 tundasset.
459 312 628 352 nimium
670 314 832 353 videtur
870 315 936 354 hic
974 314 1164 367 φυσικῶς
1204 322 1246 354 et
1287 328 1422 366 parum
1461 312 1620 364 ἠθικαῖς

178 367 454 420 philosophari
483 375 618 407 nostra
646 368 910 423 philosopha·
941 369 1093 423 alioqui
1128 377 1167 408 et
1207 370 1419 409 ambitioni
1458 376 1498 408 et
1538 369 1618 408 lin-

178 436 327 515 guaeP
305 435 399 462 suae
429 421 675 475 imperasset.

289 476 338 515 P.
375 475 436 524 18,
467 477 505 516 8.
560 473 707 530 βαφὴν
723 476 921 542 σιδήρου]
950 485 1085 517 utrum
1117 477 1329 531 intelligat,
1350 492 1439 517 cum
1463 478 1616 517 ferrum

177 531 350 570 candens
380 545 484 584 aqua
513 531 791 584 extinguitur,
821 547 872 571 an
902 533 1194 573 iniunctionem
1225 532 1401 587 aliquam
1437 539 1510 572 aut
1547 547 1616 571 co-

176 586 325 632 lorem,
357 599 440 624 non
473 586 570 625 satis
597 587 694 625 scio.

287 639 339 680 P.
368 653 437 688 22,
473 652 530 678 ιο.
585 639 757 689 πέλυξιν
795 634 1098 704 ἔτεροστόμοις]
1135 640 1306 681 Suidas:
1345 636 1616 707 ἑτερόστομος

177 690 341 745 φάλαγξ
363 695 582 757 καλεῖται,
613 688 641 746 ἦ
669 707 734 741 τις
770 691 992 747 πορεύεται
1021 692 1066 735 τὸ
1102 695 1180 745 μὲν
1215 693 1452 759 ἦγούμενοι
1482 691 1615 747 η’μισυ

173 747 330 798 ἔχουσα
361 747 406 787 ἐν
431 743 632 802 ειῑωνύμω
653 750 891 816 παραγωγῇ
906 779 919 799 ,
962 750 1156 789 τουτέστι
1177 747 1283 795 τούς
1323 746 1532 802 ἡγεμόνας
1571 749 1618 800 ἑξ

173 800 397 852 εὐωνύμου
417 831 430 853 ,
460 802 535 841 τοῦ
566 787 622 841 δὲ
641 801 812 868 ἡμίσεος
837 803 938 851 τούς
964 802 1174 856 ἧγειιόνας
1202 802 1246 842 ἐν
1272 804 1389 858 δεξιᾷ
1417 818 1559 856 παοα,
1561 819 1615 842 ω-

173 856 238 921 γῇ.
294 856 392 909 quid
431 863 566 896 autem
600 857 653 896 sit
689 853 960 910 ἑτερόστομος
995 859 1152 908 πέλυξ,
1193 872 1393 913 nusquam
1437 858 1614 900 invenio.

176 908 224 951 τό
257 911 394 962 ἕτερος
422 912 464 949 ἰιι
491 912 785 976 compositione
810 913 1037 967 plerunque
1064 913 1261 966 significat
1299 914 1471 953 alterum
1507 914 1614 952 dun-

174 973 285 1006 taxat
310 979 357 1004 ex
386 966 567 1015 duobus,
597 974 644 1006 ut
669 962 984 1020 ἑτερόφθαλμος
1005 968 1200 1007 coclitem.
1258 983 1332 1022 ego
1358 983 1495 1008 vocem
1531 982 1622 1006 noi»

174 1019 416 1061 intellectam
446 1021 494 1059 iis
522 1022 862 1074 interpretandam
888 1022 1074 1075 relinquo
1101 1023 1170 1076 qui
1199 1031 1447 1062 armaturam
1475 1031 1515 1061 et
1545 1038 1614 1061 ve-

172 1076 315 1115 stitum
345 1082 521 1114 veterem
550 1083 669 1129 atque
708 1079 911 1117 exoticum
948 1077 1206 1130 intelllgunt3
1255 1080 1295 1117 in
1344 1092 1424 1130 quo
1465 1084 1618 1130 genere

172 1129 446 1183 philosophari
475 1129 573 1168 mihi
601 1131 706 1172 adeo
737 1146 818 1171 ιιοιι
845 1133 958 1172 licuit
981 1161 993 1183 ,
1022 1133 1103 1171 imo
1129 1145 1261 1185 neque
1289 1132 1433 1180 libuit,
1462 1140 1506 1171 ut
1531 1146 1614 1171 ιιο-

173 1186 311 1225 stratia
341 1185 404 1222 v-ix
433 1198 634 1238 assequar.

282 1238 331 1278 P.
362 1251 434 1289 22,
464 1253 532 1278 22.
597 1238 934 1293 συνειλεγμένας]
974 1241 1124 1280 rectius
1153 1240 1299 1295 legitur
1338 1239 1613 1293 συνειλημμέ-

172 1307 270 1344 νας,
299 1293 342 1332 id
370 1293 480 1345 quod
507 1292 607 1333 alter
635 1294 760 1333 codex
789 1294 927 1333 habet.

281 1347 331 1390 P.
362 1348 429 1395 25,
462 1348 502 1387 5.
572 1344 825 1413 ἄγκοινήσει]
873 1348 1113 1415 aliquando
1136 1349 1324 1388 scribitur
1376 1348 1609 1399 α’γκωνίσει.

173 1403 302 1442 haud
313 1403 394 1442 scio
425 1417 474 1441 an
504 1417 621 1454 παρα
648 1399 718 1442 τὸν
746 1397 914 1454 ἆγκῶνα
941 1405 1010 1443 fiat
1041 1418 1110 1443 και
1139 1401 1182 1444 τὸ
1220 1400 1523 1466 ᾰγκωνιζεσθαι
1541 1434 1553 1453 ,
1588 1419 1612 1443 a

173 1465 289 1523 gestu
326 1459 507 1510 equitum
539 1458 674 1497 hastas
717 1459 759 1496 in
791 1458 950 1497 hostem
994 1459 1279 1512 diiigentium,
1324 1473 1374 1497 an
1406 1455 1522 1511 παρὰ
1562 1458 1609 1496 τὸ

176 1510 401 1551 α’νακινεῖν.

283 1565 335 1605 Ρ.
363 1565 431 1612 25,
468 1565 527 1605 15.
598 1563 790 1620 ἄγυρτία]
832 1580 1023 1630 magnum
1061 1566 1388 1632 Etymologicum
1433 1563 1616 1632 ἅμ”ρτην

173 1616 290 1670 παρὰ
317 1616 363 1659 τὸ
393 1616 575 1670 ἀγείρειν
603 1606 808 1670 deducits
826 1619 874 1659 τὸ
900 1599 1107 1673 περιιέναι
1140 1620 1215 1660 καί
1250 1624 1507 1673 περινοστεῖν
1545 1618 1616 1659 ἐπι

173 1676 262 1728 νίκῃ
294 1669 318 1727 ἢ
343 1669 470 1737 ετέρω
496 1687 574 1712 τινι
603 1650 798 1728 rotodtm’,
830 1682 871 1715 et
878 1676 1187 1744 interpreta’tur
1212 1690 1294 1714 non
1322 1683 1479 1714 tantum
1506 1673 1613 1714 (ἰλα-

175 1715 299 1778 ζόνα,
331 1724 544 1790 ψευστην,
573 1713 837 1781 λωποδύτην,
868 1730 1068 1783 ἑπαιᾙτην
1097 1729 1340 1779 duantum,
1382 1730 1452 1769 sed
1492 1731 1612 1768 etiam

173 1780 424 1836 φιλοκερὸἥ;
452 1796 686 1836 quanquam
717 1785 897 1837 reliquae
926 1787 1050 1824 etiam
1079 1787 1252 1824 virtutes
1281 1784 1366 1823 fere
1393 1786 1434 1822 in
1473 1783 1514 1822 id
1543 1798 1614 1836 ge·

174 1852 251 1877 nus
280 1837 488 1877 hominum
518 1838 703 1890 quaestui
738 1838 919 1879 deditum
947 1840 1113 1889 cadunt,
1143 1842 1210 1893 qui
1238 1846 1323 1878 tum
1347 1839 1509 1878 demum
1531 1853 1612 1877 non

174 1891 319 1931 fallunt
345 1906 472 1945 quum
501 1892 642 1932 fallere
668 1895 751 1932 sine
783 1894 1027 1934 detrimento
1055 1908 1128 1934 suo
1157 1901 1390 1947 nequeunt,
1429 1900 1474 1932 ut
1502 1900 1614 1933 recte

173 1948 326 1986 Lucani
358 1960 501 1987 versus
530 1948 581 1986 ad
608 1961 672 1987 eos
702 1962 867 2001 quoque
895 1949 1131 2013 detorqueri
1161 1955 1322 2002 queant.

391 2002 509 2040 nulla
519 2002 634 2055 fides
655 2003 866 2056 pietasque
892 2005 992 2042 viris
1019 2006 1092 2058 qui
1119 2005 1234 2042 lucra
1263 2012 1497 2049 seanuntur,

391 2056 664 2118 vaenalesque
690 2070 856 2096 manus:
887 2059 942 2096 ibi
952 2059 1061 2110 sas,
1092 2059 1159 2097 uhi
1183 2059 1372 2097 maxima
1401 2071 1558 2097 merces.

175 2117 215 2150 et
243 2110 454 2150 Ovidius
442 2124 485 2148 ιιι
517 2110 647 2150 Fastis
667 2119 934 2151 mercatorem
958 2119 1053 2152 vota
1080 2114 1289 2152 Mercurio
1311 2113 1522 2151 facientem
1550 2113 1613 2150 in·

175 2166 316 2218 ducit,
348 2173 394 2205 ut
423 2178 517 2203 cum
546 2166 718 2204 maximo
746 2166 1019 2206 emolumento
1047 2167 1134 2207 sine
1161 2166 1307 2206 fraude
1333 2181 1403 2205 sua
1433 2169 1614 2219 peieiare

175 2219 303 2261 liccat.
360 2233 462 2274 quos
498 2219 745 2270 versiculos,
784 2223 878 2274 quia
919 2221 1117 2276 elegantes
1163 2229 1258 2261 sunt
1300 2227 1341 2260 et
1383 2222 1614 2280 contagium

175 2274 256 2315 hoc
285 2276 325 2315 in
351 2288 489 2315 omnes
516 2275 604 2314 fei-e
630 2275 794 2315 ordines
821 2277 992 2328 serpsit,
1025 2277 1223 2316 ascribere
1250 2276 1365 2315 libet.

491 2338 530 2368 et
548 2331 711 2383 peragit
735 2331 855 2370 solita
859 2332 1021 2381 fallere
1049 2345 1150 2371 voce
1177 2346 1323 2385 preces.

438 2383 556 2422 ablue
579 2385 790 2438 praeteriti
811 2388 992 2439 periuria
1019 2388 1240 2440 tempori5‚
1272 2387 1400 2439 inquil
1416 2415 1427 2436 ‚

493 2439 610 2478 ablue
632 2440 853 2491 praeterita
874 2441 1039 2493 perfida
1068 2442 1194 2480 verba
1212 2441 1311 2504 fide:

436 2494 519 2532 sive
545 2506 616 2545 ego
648 2502 684 2532 te
693 2495 789 2542 jeci
814 2502 969 2543 testem,
982 2496 1151 2546 falsove
1180 2495 1309 2534 citavi

491 2562 572 2587 non
604 2549 781 2587 audimn‘
807 2551 975 2589 numina
1001 2563 1114 2589 vana
1141 2550 1272 2595 Iovis,

443 2602 527 2639 sive
554 2602 671 2641 deum
691 2604 865 2656 prudens
892 2605 1013 2643 altum
1042 2604 1239 2643 divamve
1246 2602 1389 2653 sesblli
1406 2632 1418 2651 ‚

490 2656 725 2696 abstulerint
767 2659 915 2698 celeres
942 2659 1131 2712 improba
1159 2658 1283 2695 verba
1311 2657 1431 2703 Noti3

441 2716 478 2747 el
501 2720 671 2761 per-eant
696 2714 876 2751 veniente
896 2714 962 2751 die
987 2713 1168 2766 periuria
1197 2713 1311 2750 nobis
1324 2741 1334 2756 ‚

495 2777 566 2802 nec
596 2774 731 2804 curent
757 2768 917 2819 superi,
948 2768 982 2804 si
1010 2781 1088 2819 qua
1118 2767 1263 2804 [omaus
1296 2779 1377 2806 eroz

1625 2334 1665 2367 v.
1679 2334 1747 2379 344
