1878 3230
437 178 507 219 DE
546 178 866 221 ANDROMCO
906 176 1169 222 commo
1198 179 1303 222 1113.
1343 182 1377 221 1.
1533 162 1635 218 381

218 288 362 338 οὐδεὶς
388 286 438 330 ὃν
465 294 662 345 παρεῖναι
689 291 841 346 ἐχρῆν,
868 290 1078 344 ἐξάγονται
1105 290 1220 346 παρὰ
1249 290 1373 342 δόξαν
1398 290 1479 332 τῶν
1504 293 1772 333 cvra-V-155

216 356 422 407 λεγμένων
439 352 460 396 ὅ
478 353 642 404 Δούκας
659 369 702 397 τε
715 355 790 397 καὶ
815 354 838 396 ὅ
855 353 1164 409 Μακροδούκας
1182 356 1227 397 ἐκ
1252 356 1334 398 τῶν
1352 356 1442 398 ἐκεῖ
1451 363 1531 397 που
1551 357 1642 397 ἐπι-

216 420 354 461 πέδων
392 420 650 475 οἰκημάτων,
708 420 781 462 καί
821 419 928 475 πρὸς
978 420 1054 475 τὴν
1095 416 1262 462 αι’)’λειον
1309 417 1368 471 ὥς
1409 418 1643 476 κατάκριτοι

216 484 558 538 θριαμβεύονται.
615 483 688 527 καὶ
726 484 766 527 οἱ
803 487 881 537 μὲν
924 484 981 534 ὥς
1022 483 1104 526 ὑπὸ
1149 485 1265 540 δίκην
1297 485 1579 540 α’χθησόμενοι
1615 479 1683 540 ἢῦ

179 552 205 593 5
219 548 291 591 τὸν
314 551 491 602 βασιλέα
521 546 717 601 ὄψόμενοι
739 552 821 592 τῶν
841 548 1042 607 ὑπερῴων
1056 548 1306 592 ἐκκύπτοντα
1326 549 1646 602 διεσκευάζοντο,

214 610 303 655 ἅνω
331 613 382 656 τὰ
415 608 585 666 ὄμματα
611 612 792 668 αἴροντες
817 617 891 656 καί
912 615 970 656 τώ
996 620 1113 670 χεῖρε
1141 614 1246 670 πρὸς
1273 614 1318 657 τὸ
1337 617 1415 657 τοῦ
1432 613 1647 669 σχήματος

213 677 367 732 σεμνὸν
402 678 734 734 περιβάλλοντες·
790 678 813 721 ὃ
854 681 902 722 δὲ
927 680 1378 735 “Αγιοχριστοφορίτης
1412 683 1645 737 Στέφανος,

212 740 261 786 ὃν
309 744 381 785 καὶ
418 743 864 800 ’Λντιχριοτοφορίτην
907 743 948 786 οἱ
1008 744 1105 786 τότε
1154 742 1368 798 ω’νόμαζον
1404 741 1644 799 ἄνθρωποι,

211 810 256 859 ἐς
280 808 327 852 τὸ
353 807 605 863 κατάλληλον
632 811 714 851 τῶν
743 807 876 865 ἔργων
912 809 988 864 τήν
1015 812 1159 864 κλῆσιν
1184 811 1434 864 μετάγοντες
1471 807 1538 865 (ἢν
1563 810 1644 867 γὰρ

154 874 237 919 ιοὸ
264 876 322 933 τῷ
353 869 440 916 ὄντι
467 874 764 924 ἀναιδέστατος
790 877 874 917 τῶν
892 876 1168 929 ’Λνδρονύεου
1187 874 1401 932 ὑπηρετῶν
1420 878 1492 918 καί
1509 874 1647 931 πάσης

211 941 502 994 α’νοσιουργίας
533 940 781 997 α’νάμεστος)
795 973 808 993 ,
850 942 969 983 λίθον
1007 936 1114 995 ἄρας
1152 943 1415 996 χειροπληθῆ
1453 944 1527 983 καί
1567 943 1646 983 τοῦ

210 1003 503 1059 Μακροὸούκα
530 1003 839 1059 στοχασάμενος
867 1007 942 1047 τοῦ
970 1004 1044 1047 καί
1066 1003 1402 1061 προφερεστάτου
1430 1005 1532 1049 κατὰ
1570 1009 1646 1061 κῆ-

210 1073 283 1120 δος
308 1069 526 1124 βασιλικὸν
554 1073 627 1112 καί
651 1069 697 1112 τὸ
727 1070 907 1126 γεραρὸν
932 1073 1005 1125 τῆς
1032 1069 1196 1124 ἡλικίας
1225 1070 1298 1113 καί
1319 1069 1393 1126 τήν
1418 1074 1494 1113 τοῦ
1520 1070 1645 1114 πλοῦ-

210 1151 287 1178 του
314 1134 558 1191 βαθύτητά,
585 1133 760 1192 παρῄνει
776 1138 904 1178 πᾶσιν
930 1135 990 1184 αἷς
1015 1137 1058 1184 ἐς
1085 1128 1350 1191 παράδειγμα
1379 1134 1508 1179 αὐτὸν
1534 1137 1644 1192 α’φο-

152 1204 314 1256 ιὸρᾶν,
346 1198 694 1256 περιβλεπόμενος
721 1198 888 1243 ἅπασαν
917 1199 992 1255 τήν
1018 1199 1223 1257 ὁμήγυριν
1249 1200 1321 1244 καί
1350 1200 1424 1244 τὸν
1457 1200 1514 1256 μὴ
1547 1205 1643 1243 λαϊ-

208 1269 413 1324 βολοῦντα
441 1267 674 1320 ἐρεσχελῶν
704 1268 778 1308 καί
803 1267 862 1317 ὥς
894 1262 1069 1309 ἄπιστον
1107 1269 1151 1317 ἐς
1193 1270 1371 1321 βασιλέα
1407 1270 1682 1322 κακολογῶνῡ

206 1332 280 1375 κατ’
300 1331 376 1387 τήν
399 1330 535 1387 αὕτῆν
564 1331 928 1387 καταδίκην-μετά
963 1330 1110 1389 μικρὸν
1149 1331 1379 1388 ὖποστῆναι
1419 1335 1640 1386 μέλλοντα.

205 1394 317 1454 ἦραν
349 1393 425 1440 οὖν
452 1397 524 1439 διὰ
553 1396 626 1454 τὴν
649 1396 823 1453 άπειλῆν
845 1396 998 1453 ταύτην
1026 1397 1050 1439 ὅ
1085 1394 1316 1455 άθροισμὸς
1349 1396 1511 1452 ξύμπας
1541 1415 1640 1455 χερ-

207 1463 367 1517 μάδια,
393 1465 466 1506 καί
491 1464 715 1516 κατέβαλον
741 1463 824 1505 τῶν
853 1464 1088 1518 ἀνθρώπων
1105 1495 1118 1516 ,
1157 1463 1334 1506 ἐλεεινὸν
1358 1466 1432 1506 καί
1465 1461 1640 1507 ἄπιστον

145 1548 197 1575 20
207 1530 314 1583 μετὰ
339 1527 386 1571 τὸ
413 1529 549 1578 πάθος
574 1530 742 1582 θέαμα,
774 1527 832 1577 ὥς
868 1525 1052 1584 ἀρθῆναι
1079 1527 1177 1578 τούς
1204 1532 1352 1578 λίθους
1377 1530 1422 1577 ές
1449 1529 1637 1572 κολωνόν.

206 1593 266 1652 ἔτι
297 1596 333 1636 δ’
367 1595 615 1647 ἐμπνέοντας
652 1592 750 1643 τούς
777 1591 934 1650 ἄνδρας
961 1593 1175 1650 α’ράμενοί
1201 1610 1327 1647 τινες,
1369 1590 1430 1644 οἷς
1475 1593 1526 1636 τά
1564 1599 1638 1649 τῆς

207 1657 435 1715 ὑπηρεσίας
475 1656 627 1714 ταύτης
676 1660 975 1715 ἐπετέτραπτο,
1021 1659 1094 1701 καὶ
1133 1658 1310 1715 τάπησιν
1356 1661 1637 1715 ἐνειλήσαντες

300 1788 333 1822 3.
358 1783 580 1833 οἰκημάτων]
609 1785 828 1828 διαιτὴσεων
851 1786 890 1819 Α.
1011 1787 1044 1820 5.
1061 1785 1276 1829 ’ἐκκύψοντα
1302 1785 1526 1828 ὃιηυθέτιζον
1550 1785 1636 1820 ἑαυ-

297 1830 384 1871 τοὺς
406 1835 445 1866 Α.
559 1846 593 1878 9.
617 1831 851 1880 μετάγοντες]
876 1834 1283 1880 μεταγραμματίζοντες
1308 1834 1347 1866 A.
1422 1834 1471 1866 18.
1491 1833 1632 1878 χερμά-

298 1879 617 1964 Ξῗέπέἔῖἶυςᾼααὶ
643 1879 783 1924 βώλους
807 1879 845 1912 Β.
984 1889 1038 1911 22.
1063 1878 1235 1926 τάπησιν]
1271 1879 1515 1918 ἐντυλίξαντες
1538 1877 1632 1925 μετὰ

206 2038 286 2068 ctus
302 2038 356 2067 est
379 2044 581 2074 concursus,
605 2031 704 2078 quod
726 2037 781 2067 est
803 2033 842 2066 in
866 2031 1038 2066 interiore
1053 2030 1274 2078 Philopatio,
1301 2038 1384 2079 post
1410 2033 1630 2070 destructum

204 2081 251 2114 ab
283 2080 499 2115 Andronico.
538 2091 619 2113 cum
650 2080 819 2124 frequens
850 2084 944 2112 esset
982 2085 1176 2112 conventus
1202 2091 1323 2113 eorum
1353 2082 1511 2115 omnium
1540 2094 1630 2127 quos

204 2127 329 2160 adesse
354 2126 526 2167 decebat,
550 2124 782 2159 Macroducas
809 2130 846 2159 et
857 2126 974 2158 Ducas
1001 2130 1144 2170 praeter
1165 2127 1323 2159 omnium
1352 2128 1557 2172 opinionem
1586 2140 1630 2162 ex

203 2173 355 2207 aedibus
390 2174 429 2206 in
467 2172 619 2218 planitie
655 2173 733 2206 sitis
764 2171 928 2216 producti
968 2177 1004 2204 et
1027 2172 1065 2204 in
1089 2173 1270 2206 vestibulo
1294 2173 1524 2218 triumphati,
1549 2180 1630 2209 tan-

231 2231 311 2253 uam
338 2220 377 2253 in
398 2219 572 2252 iudicium
595 2218 810 2259 abducendi,
839 2223 901 2251 aut
924 2218 1175 2262 imperatorem
1201 2230 1220 2252 e
1246 2220 1430 2264 superiore
1454 2232 1630 2254 coenacu-

202 2232 239 2299 ῗο
276 2271 546 2312 prospecturum
579 2265 709 2306 visuri,
748 2269 849 2309 gestu
875 2265 1031 2309 corporis
1055 2264 1101 2297 ad
1125 2265 1333 2310 gravitatem
1358 2267 1566 2300 confirmato
1591 2274 1629 2302 et

202 2312 365 2346 manibus
388 2312 598 2357 suppliciter
628 2310 836 2356 compositis
865 2316 1112 2356 suspexerunt.
1141 2317 1176 2344 at
1201 2312 1403 2356 Stephanus
1417 2313 1628 2357 Hagiochri-

202 2359 439 2404 stophorites,
461 2359 524 2403 qui
547 2364 624 2391 tum
651 2356 1029 2402 Antichristophorites
1053 2359 1157 2402 vulgo
1182 2357 1369 2392 dicebatur
1391 2361 1536 2392 nomine
1559 2372 1625 2405 pro

202 2405 364 2438 moribus
384 2403 551 2438 nonnihil
574 2405 760 2437 immutato
787 2405 879 2449 (erat
903 2404 998 2436 enim
1022 2403 1350 2448 impudentissimus
1374 2407 1533 2438 omnium
1551 2408 1624 2439 An·-

204 2450 341 2484 dronici
353 2452 597 2484 ministrorum
612 2456 648 2484 et
666 2451 825 2483 omnium
841 2450 1012 2483 scelerum
1032 2451 1200 2497 sentina),
1214 2451 1334 2496 lapide
1349 2458 1523 2496 quantum
1541 2453 1621 2486 vola

203 2497 367 2541 capiebat
389 2497 544 2538 sublato,
569 2502 606 2531 et
622 2497 662 2529 in
673 2496 923 2530 Macroducam
947 2496 1139 2537 destinato,
1167 2497 1230 2542 qui
1254 2503 1292 2531 et
1313 2497 1483 2531 affinitate
1507 2498 1621 2542 impe-

202 2544 353 2576 ratorios
375 2549 412 2577 et
433 2549 550 2577 aetate
566 2549 603 2576 et
617 2543 844 2588 amplissimis
867 2542 996 2587 opibus
1024 2542 1276 2584 antecellebat,
1303 2555 1425 2577 omnes
1450 2544 1621 2577 hortaba-

199 2593 261 2621 tur
283 2593 324 2622 ut
346 2600 446 2621 suum
473 2589 672 2634 exemplum
697 2590 932 2630 imitarentur,
958 2595 1072 2622 totum
1096 2589 1288 2623 concilium
1311 2591 1620 2634 circumspectans,

202 2638 239 2667 et
263 2634 326 2678 qui
347 2632 568 2679 lapidatione
589 2635 815 2676 abstinebat,
856 2635 1016 2668 dicteriis
1041 2641 1078 2668 et
1100 2636 1268 2669 conviciis
1293 2636 1470 2669 incessens
1490 2641 1530 2668 ut
1552 2638 1620 2669 im-

201 2680 357 2725 peratori
381 2681 562 2715 infidelem
590 2687 627 2715 et
647 2682 755 2727 paulo
783 2687 866 2726 post
887 2681 982 2715 idem
1007 2681 1222 2726 supplicium
1246 2682 1456 2715 subiturum.
1482 2681 1525 2714 iis
1550 2683 1619 2715 mi·-

201 2727 258 2760 nis
284 2725 399 2760 territi
432 2737 554 2761 omnes
591 2739 674 2761 saxa
701 2728 740 2762 in
764 2728 848 2762 illos
872 2728 1123 2770 coniecerunt,
1150 2733 1191 2762 ut
1211 2728 1387 2774 supplicio
1411 2733 1555 2773 peracto
1578 2729 1615 2775 (o
