1838 3210
436 180 506 220 DE
544 178 796 220 MANUELE
834 176 1096 220 COMNENO
1135 177 1232 218 tm.
1265 177 1338 218 ιιι.
1505 155 1600 222 14¹

173 273 290 325 νεται
323 278 435 335 παρά
460 294 539 331 Ιτου
572 277 853 332 στρατιώτου,
884 273 965 334 ὅτῳ
994 272 1043 332 ἦν
1072 278 1252 325 Νικαίας
1279 276 1515 329 ἐπίκλησις·
1544 271 1618 314 ιιαί

173 343 262 402 εἶχε
288 344 414 388 πάλιν
446 342 576 386 αὐτόν
591 343 820 385 κουστωδιά
854 343 1010 395 μείζων
1035 341 1110 389 καὶ,
1132 344 1286 398 χείρων
1309 341 1382 395 τῆς
1409 339 1615 394 προτέρας

172 410 344 469 φρουροὶ
366 412 441 453 καί
466 409 692 452 ποδοπέδαι
717 408 894 462 σιδηραῖ
914 410 1070 449 διπλαῖ.
1096 410 1229 450 ταῦτα
1257 401 1333 448 οὖν
1359 404 1416 456 ὥς
1431 400 1650 460 ἧγγέλθηΒ

172 480 231 534 τῷ
260 474 472 531 Μανουὴλ
497 475 589 517 κατ’
610 474 836 527 Ἀρμενίαν
857 470 921 514 ἔτι
941 471 1320 528 στρατοπεδεύοντι,
1348 473 1558 514 στέλλεται
1592 469 1615 512 ὅ

134 544 394 598 ὅλογοθὲτης
437 542 511 583 τοῦ
558 540 718 595 δρόμου
755 534 947 592 Ἰωάννης
986 537 1007 579 ὃ
1036 538 1300 593 καματηρός,
1342 538 1416 579 καί
1440 535 1516 592 τήν
1541 539 1618 583 τοῦ

173 604 349 657 ἄνακτος
385 607 463 660 μὲν
506 604 602 647 ὅσον
644 604 809 645 ου’δέπω
835 602 1068 658 παρουσίαν
1111 601 1505 658 εὖαγγελισόμενος,
1544 601 1619 650 καί

170 672 222 716 τὰ
253 673 468 725 συμβάντα
498 672 544 713 δὲ
571 668 814 724 κρειττόνως
843 667 1172 722 διασκεψάμενος
1200 671 1273 710 καί
1299 668 1616 724 παραδηλώσων

170 741 343 792 βασιλεῖ
364 738 632 792 σαφέστερον.

283 806 324 845 3.
387 801 439 844 Οἱ
467 803 504 843 δ’
532 803 757 854 Ἀντιοχεῖς
780 799 855 856 τὴν
881 794 1027 856 ἄφιξιν
1056 801 1134 842 τοῦ
1157 801 1366 854 βασιλέως
1387 799 1440 842 τὰ
1469 801 1659 855 πρῶταν
1685 812 1729 857 57

112 871 248 924 ιομὲν
276 869 498 923 ἀγαπητῶς
539 868 615 909 οιῖκ
641 868 860 920 ἐδέχοντο,
899 864 1004 907 ἀλλὰ
1034 868 1106 908 καί
1145 868 1239 908 λίαν
1269 867 1435 919 βαρέως
1464 863 1618 921 ἔφερον

170 935 245 978 κατ’
270 931 383 983 ὅπως
408 934 650 975 ἐσκέπτοντο
679 932 1023 984 α’ποπέμψαιντο·
1100 930 1157 980 ὥς
1181 932 1228 974 δὲ
1256 928 1434 973 κωλύειν
1461 930 1538 972 οὐκ
1565 924 1620 986 ἦν

171 1001 266 1043 οὐδ’
293 998 493 1043 οῗναλύειν
520 995 626 1048 ὅλως
654 996 703 1040 τά
735 998 963 1051 δεδογμένα
1002 997 1165 1054 ἐκείνῳ,
1195 992 1245 1038 οὗ
1274 996 1404 1048 μόνον
1428 998 1512 1039 τῶν
1537 1012 1619 1038 πυ-

171 1069 255 1109 λῶν
295 1066 583 1119 διεκχυθέντες
618 1061 726 1115 μετὰ
766 1065 963 1104 δουλικοῦ
1009 1060 1224 1117 σχήματος
1250 1063 1322 1103 καὶ
1349 1059 1619 1118 φρονήματος

170 1132 443 1188 ὑπηντίαζον,
489 1127 594 1172 οἷλλοὶ
626 1127 699 1170 καί
726 1126 802 1183 τὴν
829 1126 991 1170 εἴσοδον
1019 1127 1134 1184 αὐτῷ
1162 1128 1206 1176 ἐς
1230 1126 1275 1169 τὸ
1305 1124 1658 1181 πομπικώτερσνῦ

111 1203 158 1246 15
173 1197 470 1250 διεσκεύασαν,
510 1194 587 1244 τάς
612 1210 657 1237 τε
702 1191 853 1249 ἆγυιιὶς
879 1191 953 1235 καί
988 1192 1212 1249 ἆμφόδους
1240 1193 1428 1242 ἐπίπλοις
1452 1193 1524 1234 καί
1547 1189 1617 1234 τά·

169 1280 272 1320 πησι
300 1263 572 1316 διεκόσμουν,
601 1263 674 1302 καί
698 1261 880 1314 δένδρων
905 1260 1168 1314 νεοδρέπτοις
1187 1257 1318 1300 κλωσὶ
1330 1255 1616 1312 κατηγλάϊζον,

168 1328 246 1379 τοὶς
273 1332 358 1372 τῶν
396 1330 610 1382 λειμώνων
653 1329 726 1368 καί
765 1322 929 1368 ἇνθέων
976 1325 1156 1380 χάριτας
1196 1325 1240 1373 ἐς
1264 1323 1312 1366 τὸ
1354 1320 1462 1366 ἄστυ
1487 1325 1618 1377 μέσον

169 1394 507 1450 διακηπεύοντες,
549 1393 622 1434 καί
658 1389 876 1448 φιλότιμον
913 1389 1030 1447 αὐτῷ
1056 1389 1133 1445 τήν
1162 1387 1343 1445 πρόοδον
1372 1387 1618 1443 σχεδιάζω-

166 1477 256 1514 τες,
283 1462 363 1514 οὐχ
390 1457 412 1501 ὃ
441 1461 518 1512 μὲν
547 1457 570 1500 ὁ
602 1459 637 1499 δ’
673 1452 748 1510 οὔ,
774 1453 868 1499 ἀλλ’
896 1453 1069 1511 οἰκήτωρ
1113 1451 1226 1505 ἅπας
1253 1455 1528 1509 ἁπαξαπλῶς,
1557 1455 1616 1505 ὥς

105 1547 156 1574 20
167 1532 364 1582 παρεῖναι
403 1526 478 1567 καί
503 1523 639 1580 Σύρον
683 1520 905 1579 ὀψοφάγον
932 1520 1005 1562 καί
1030 1519 1181 1578 λῃστὴν
1203 1521 1393 1577 Ἰσαυρόν
1420 1524 1493 1563 καὶ
1524 1536 1614 1562 πει-

168 1591 295 1648 ρατήν
326 1593 483 1634 Κίλικα
521 1591 595 1632 καί
634 1588 810 1644 ἱππότην
841 1586 1092 1644 κοντοφόρον
1113 1587 1351 1643 Ἰταλιώτην
1376 1586 1510 1640 ὁμοῦ,
1538 1589 1613 1628 καί

167 1658 294 1700 ἵππον
333 1656 560 1711 ὑψαύχενα
599 1658 672 1698 καί
700 1652 942 1709 ὖπέραυχον
981 1651 1175 1709 φρόνημα
1207 1651 1515 1707 παρωσάμενον
1542 1653 1615 1693 καί

166 1722 302 1779 βάδην
326 1721 532 1778 παριόντα
562 1721 634 1764 τόν
661 1721 885 1776 θρίαμβον.
943 1715 1054 1774 ὄρῶν
1083 1720 1131 1760 δὲ
1157 1717 1230 1760 καὶ
1255 1717 1302 1761 τὸ
1332 1719 1379 1760 ἐκ
1406 1719 1489 1760 τῶν
1514 1720 1612 1760 Λα-

256 1840 291 1873 9,
319 1825 468 1874 ἄφιξιν]
499 1826 645 1861 ἔλευσιν
669 1825 706 1858 Β.
783 1825 834 1858 13.
859 1822 1102 1868 διαχυθέντες
1126 1823 1164 1856 A.
1250 1825 1299 1857 ι5.
1326 1821 1393 1861 τάς
1415 1832 1454 1857 τε
1488 1822 1612 1870 ῥύμας

256 1874 322 1914 τῆς
349 1874 492 1911 πόλεως
514 1875 576 1906 καὶ
599 1869 666 1908 τοὶς
692 1870 852 1916 στράτας
874 1868 968 1916 μετὰ
997 1870 1155 1913 βλατίων
1180 1874 1335 1914 χρυσῶν
1356 1871 1421 1904 καὶ
1444 1872 1612 1905 uenatum

257 1921 442 1966 ἑξαμίτων
478 1919 741 1965 κατεκόσμουν
772 1926 811 1951 τε
850 1919 914 1950 καὶ
937 1915 1191 1956 ἐκαλλώπιζον
1214 1916 1252 1949 Β.
1376 1919 1426 1953 18·
1448 1927 1611 1961 κατακη-

258 1968 440 2004 πεύοντες
462 1967 501 1999 Α.
598 1967 652 2000 23.
676 1965 742 1998 καὶ
765 1974 823 1996 om
847 1963 887 1997 A.

167 2070 247 2094 cum
274 2057 321 2091 ad
342 2057 525 2102 Melangia
550 2056 719 2096 venisset,
743 2066 764 2088 a
789 2054 907 2088 milite
932 2053 1089 2098 quodam
1116 2053 1252 2086 Nicaea
1277 2058 1402 2098 captus
1424 2052 1544 2087 denuo
1571 2053 1609 2088 in

166 2106 367 2141 custodiam
398 2105 518 2149 priore
559 2103 731 2135 maiorem
756 2106 794 2134 et
820 2100 1041 2133 acerbiorem
1066 2100 1278 2140 coniicitur,
1307 2099 1514 2144 duplicibus
1539 2100 1610 2134 ser-

166 2154 237 2187 reis
263 2151 497 2197 compedibus
525 2154 706 2182 oneratus.
731 2158 824 2193 quae
861 2158 941 2180 cum
968 2147 1130 2180 Manueli
1153 2147 1193 2179 in
1214 2147 1383 2179 Armenia
1409 2146 1527 2180 adhuc
1550 2158 1611 2180 ca-

166 2206 239 2234 stra
271 2198 421 2232 habenti
467 2197 744 2236 nuntiarentur,
783 2193 962 2227 Iohannes
1002 2194 1221 2226 camaterus‘
1248 2194 1372 2226 Dromi
1409 2193 1608 2238 Logotheta

166 2246 343 2287 mittitur,
383 2245 448 2290 qui
483 2244 735 2288 imperatorem
760 2240 971 2286 propediem
1010 2240 1210 2273 rediturum
1237 2239 1432 2281 iudicaret,
1458 2246 1495 2275 et
1518 2240 1609 2286 quid

167 2299 286 2327 actum
310 2298 405 2325 esset
431 2290 642 2334 diligentius
669 2287 894 2333 exploratum
922 2287 1156 2320 renuntiaret.

258 2342 290 2374 3.
339 2340 385 2372 At
420 2336 639 2370 Antiocheni
670 2335 849 2379 principio
889 2334 1115 2378 imperatoris
1151 2331 1306 2365 adventu
1344 2332 1494 2366 minime
1518 2333 1606 2367 laeti

166 2385 284 2431 deque
320 2397 362 2418 eo
388 2383 585 2416 amovendo
626 2382 793 2423 solliciti,
819 2392 897 2414 cum
925 2379 1120 2425 prohibere
1143 2390 1185 2412 ac
1205 2379 1386 2412 voluntati
1415 2380 1492 2413 eius
1517 2381 1608 2413 resi-

166 2437 260 2466 stere
282 2443 356 2465 non
379 2435 550 2476 possent,
575 2440 649 2462 non
673 2427 781 2461 modo
806 2427 997 2460 servilibus
1027 2425 1187 2471 gestibus
1212 2431 1322 2471 atque
1347 2425 1476 2460 animis
1504 2428 1607 2461 effusi

166 2480 278 2522 portis
301 2478 442 2511 obviam
478 2480 752 2522 processerunt,
778 2474 842 2507 sed
866 2479 902 2507 et
926 2474 1122 2517 ingressum
1148 2473 1181 2505 ei
1200 2472 1425 2516 magnificum
1452 2472 1607 2506 adorna-

167 2530 272 2565 runt,
296 2525 384 2557 vicis
417 2529 454 2557 et
488 2523 595 2556 biviis
631 2521 814 2566 tapetibus
848 2525 957 2564 atque
1000 2520 1081 2552 aliis
1119 2520 1226 2561 rebus
1253 2518 1456 2560 adornatis,
1482 2531 1524 2552 ac
1546 2521 1604 2553 via

168 2580 240 2615 qua
262 2571 476 2604 transiturus
502 2575 580 2602 erat
606 2567 810 2601 recentibus
845 2566 1013 2599 arborum
1036 2565 1229 2599 'frondibus
1258 2571 1295 2599 et
1321 2565 1481 2599 odoratis
1505 2566 1605 2599 flori-

167 2616 236 2649 bus
261 2622 446 2649 constrata.
474 2627 542 2649 nec
577 2616 767 2660 quisquam
794 2613 839 2646 ab
873 2613 939 2645 illo
968 2612 1168 2646 honorifico
1194 2623 1342 2646 occursu
1366 2612 1513 2653 aberat,
1539 2613 1604 2646 sed

168 2673 292 2695 omnes
317 2663 490 2707 inquilini
513 2662 768 2695 confluxerant.
795 2659 919 2693 aderat
942 2659 1049 2703 Syrus
1065 2659 1223 2704 gulosus,
1248 2659 1374 2693 aderat
1389 2660 1481 2692 latro
1503 2660 1604 2691 Isau-

170 2721 241 2750 ras,
269 2708 392 2741 aderat
405 2709 521 2753 pirata
534 2709 650 2741 Cilix:
676 2718 786 2752 eques
811 2706 1011 2739 lancearius
1041 2706 1190 2739 Italicus
1217 2706 1343 2739 relicto
1371 2705 1480 2738 feroci
1508 2715 1602 2750 equo

167 2756 359 2801 positaque
384 2754 492 2788 animi
508 2755 664 2788 elatione
688 2753 842 2799 pedibus
857 2752 1078 2798 triumphum
1101 2752 1350 2787 comitabatur.
1377 2763 1456 2785 cum
1482 2757 1600 2785 autem
