1878 3230
269 189 378 257 432
693 201 919 244 memma
957 199 1266 242 cnomA‘rAE

227 317 322 360 cya
350 301 546 346 παλάτιον
584 301 731 354 κηπίον
760 296 873 353 παρὰ
912 297 986 352 την
1022 293 1188 339 αὔλειον
1227 296 1445 353 μετήνεγκε
1480 305 1556 350 τοῦ
1579 305 1691 360 mend,

268 371 433 411 κάκεῖσε
464 364 517 406 τοὶ
546 366 617 418 τῆς
653 363 908 415 όμευνέτιὸος
941 362 1072 404 αὐτοῦ’
1106 361 1399 414 μετακεκόμικε
1436 364 1610 420 λείψανα
1647 372 1694 412 ὲκ

268 436 341 486 τῆς
369 433 443 474 τοῦ
474 427 717 483 ’Λγκουρίου
752 430 898 481 μονῆς,
939 425 1040 468 ἔνθα
1081 425 1224 482 πρώην
1260 428 1480 472 ἐτέθαπτο.
1543 426 1696 483 ἔξωθεν

271 499 315 538 δὲ
343 495 440 549 περὶ
468 494 543 543 τὰς
571 490 757 550 ἆρκτιρας
785 492 855 533 καί
879 495 966 534 κατ’
999 491 1154 547 ἀγορὰν
1184 496 1466 546 τετραμμένας
1501 499 1577 538 τοῦ
1617 496 1694 540 νεώ

270 563 352 602 τῶν
382 561 510 613 ἁγίων
537 556 839 613 τεσσαράκοντα
869 555 1000 605 πύλας
1028 559 1098 598 ἐπί
1115 556 1295 611 μεγάλου
1325 561 1494 609 πίνακος
1522 562 1735 616 (ἐνέστη-’5

268 641 339 667 σεν
369 622 542 677 ἑαυτόν,
577 626 653 664 οὐκ
684 624 930 676 ἐσταλμένον
963 625 1186 675 βασιλικῶς
1222 622 1320 664 ου’δὲ
1355 629 1700 681 χρυσοφοροῦντα
1728 670 1730 672 ,

269 689 324 738 (ὃς
353 685 531 741 ἄνακτα,
562 687 668 730 α’λλά
699 704 791 730 τινα
819 685 1025 729 πόλυτλαν
1059 686 1269 741 ἐργατικὸν
1300 690 1344 728 ἐκ
1383 690 1579 732 καλαίνου
1621 693 1702 744 βα-

270 758 377 812 φῆς,
410 755 676 806 ἐνδεδυμένον
702 750 940 807 ἀμπεχόνην
970 754 1012 801 ἐς
1039 752 1207 806 γλουτὸν
1236 753 1473 809 οἷμφισχιδῆ
1501 757 1701 808 καταβαί-

269 836 440 871 νουσαν,
463 821 534 861 καί
560 823 725 866 λευκαῖς
753 824 922 873 κρηπῖσι
949 816 1308 872 περιστελλόμενον
1328 817 1424 868 τούς
1443 819 1571 868 πόδας
1600 819 1702 861 ἄνα-

267 882 511 938 βαινούσαις
537 884 596 931 εἰς
622 881 796 936 γόνατα,
838 881 909 923 καί
946 883 1144 937 δρέπανον
1188 885 1443 936 περικαμπὲς
1475 886 1700 937 κατέχοντα
1719 899 1764 926 ῐο

267 951 317 1006 τῇ
347 950 484 1003 χειρί,
513 945 642 1002 βριθύ
672 946 745 988 καὶ
769 949 876 1000 μέγα
904 949 975 988 καί
999 945 1207 1001 στιβαρόν,
1235 945 1512 1002 συμμάρπτον
1538 951 1593 1005 τῷ
1612 951 1702 989 ἐπι-

269 1019 403 1056 κλινεῖ
425 1013 609 1067 σχήματι
636 1011 710 1053 καί
735 1014 961 1065 σαγηνεῧον
999 1010 1111 1068 ἐντὸς
1149 1013 1405 1065 α’γαλματίαν
1440 1006 1704 1068 μειρακίσκον

224 1080 348 1127 Βὲως
377 1077 590 1133 φάρυγγος
619 1075 693 1117 καί
726 1071 851 1129 α’)’μων
876 1075 1236 1132 προφαινόμενον,
1264 1077 1409 1129 ιἐκεῖνα
1439 1075 1511 1118 διὰ
1542 1079 1614 1131 τῆς
1645 1078 1704 1119 εἷ-

270 1140 386 1192 κόνος
403 1141 504 1190 τους
532 1141 838 1195 παροδεύοντας
863 1143 982 1193 μυῶν
1010 1142 1194 1193 α’τεχνῶς
1211 1143 1283 1182 καί
1310 1138 1517 1182 διδάσκων
1543 1133 1704 1196 στηλαῗν

272 1207 344 1249 καί
370 1207 557 1262 κύρβεων
587 1208 731 1247 πασῶν
758 1204 1018 1260 ὑψηλότερον
1046 1223 1113 1248 και
1152 1206 1282 1254 τιθεις
1317 1211 1403 1253 τοῖς
1438 1208 1703 1259 βουλομένοις
1719 1207 1766 1252 ί5

271 1271 448 1327 υπόψια,
483 1270 586 1326 α’περ
618 1287 728 1324 ειχεν
749 1270 818 1312 ἐπι
843 1287 924 1312 των
952 1271 1080 1326 ἔργων
1109 1269 1330 1325 ἠιομηκώς,
1356 1269 1427 1312 τόν
1453 1269 1704 1325 κληρονόμον

275 1336 508 1386 ἅπεκτονώς
538 1353 622 1378 και
636 1352 710 1390 την
739 1335 921 1391 αρχηντ
901 1333 988 1388 α’μα
1018 1353 1086 1376 και
1124 1353 1199 1389 την
1227 1333 1382 1377 ἄκοιτιν
1419 1335 1575 1377 ἐκείνου
1604 1332 1706 1377 ἑαυ-

272 1405 329 1460 τῶ
357 1401 730 1457 μνηστευσάμενος.
786 1399 893 1442 αλλα
922 1418 990 1442 και
1022 1402 1091 1442 ἐπι
1131 1401 1260 1449 κίονος
1299 1398 1401 1442 κατὰ
1434 1398 1480 1442 τὸ
1521 1401 1705 1454 χαλκοῦν

277 1469 484 1522 μετέωρον
509 1467 835 1542 τετράπλευρον,
871 1467 915 1507 έν
941 1459 974 1523 ᾧ
1000 1480 1147 1519 γυμιοι
1178 1466 1493 1519 περιβλημὰτων
1523 1467 1704 1520 μηλοβο-

271 1535 418 1575 λοῦσιν
450 1528 655 1586 αλλήλους
684 1529 722 1572 οἱ
745 1527 939 1586 Ἔρωτες,
969 1528 991 1571 ὃ
1019 1528 1330 1582 Ἀνεμοδοιὶλιον
1359 1532 1568 1584 κέκληται,
1603 1546 1702 1571 sav-
1715 1547 1766 1574 20

270 1597 339 1641 τὸν
368 1594 612 1651 ἀναστήσειν
641 1596 814 1648 ἐμελέτα
842 1598 1047 1648 χαλκοῦν,
1077 1598 1223 1649 καίπερ
1253 1594 1325 1644 τὰς
1351 1595 1509 1643 εἰκόνας
1535 1596 1609 1648 τῆς
1624 1598 1703 1648 βα-

272 1664 429 1711 σιλίδος
458 1658 588 1715 Ξένης
635 1663 706 1715 τῆς
746 1662 820 1702 τοῦ
859 1662 1063 1714 βασιλέως
1102 1659 1500 1714 Ἀλεξίουμητρὸς,
1541 1657 1592 1714 ἣν
1631 1657 1704 1702 διὰ

365 1785 398 1819 5.
422 1780 602 1839 μεγάλου]
625 1783 812 1838 μεγίστου
840 1781 879 1814 A.
1041 1779 1254 1827 α’νέστησεν]
1295 1779 1492 1825 ιστόρησεν
1515 1780 1552 1812 Β.
1671 1792 1704 1825 7.

365 1828 443 1862 ἄλλ’
469 1840 517 1865 ως
543 1793 701 1883 ἐργατην
724 1829 790 1860 τοῦ
816 1829 954 1872 θέρους
969 1827 1009 1861 ἐκ
1022 1830 1201 1871 γερανέου
1228 1829 1361 1883 βαᾳῆς,
1391 1830 1588 1871 φοροῦντα
1617 1824 1707 1872 ῥοῦ-

369 1887 441 1921 χον
469 1868 629 1918 σχιστόν
650 1875 766 1920 μέχρι
791 1876 854 1906 και
877 1885 950 1907 των
971 1874 1154 1917 γονάτων,
1179 1871 1253 1906 dno*
1283 1873 1322 1906 δὲ
1346 1885 1420 1907 των
1446 1872 1620 1926 γονάτων
1638 1874 1708 1918 μέ-

366 1933 434 1967 χρι
468 1923 532 1953 καὶ
562 1922 636 1954 τῶν
665 1920 793 1954 ποδῶν
827 1920 1105 1964 ἐντετυλιμένον
1129 1919 1278 1964 ἄσπρον
1301 1921 1417 1952 naver
1420 1915 1532 1975 μετὰ
1559 1920 1706 1973 λωρίων

367 1968 437 2004 ἕως
462 1967 631 2000 κάτωθεν
661 1966 954 2011 γονατιζόιιενον
987 1967 1205 2008 B.17.
1232 1965 1295 1997 απ.
1319 1967 1382 2006 τῆς
1404 1964 1522 2008 ἀρχῆς
1550 1967 1611 1998 καὶ
1635 1958 1705 2019 viv

371 2013 429 2046 ἄκ.
457 2014 494 2045 Α.
567 2023 622 2046 20.
650 2012 830 2058 κέκληται]
858 2011 960 2044 addit
986 2013 1010 2043 B
1035 2012 1073 2044 ἔι
1079 2015 1127 2044 θα
1155 2011 1296 2057 πόρναι
1317 2017 1493 2057 γυναικες
1509 2009 1614 2056 εἶχον
1638 2022 1707 2054 την

368 2062 526 2101 οἴκησιν.
642 2068 696 2090 21.
721 2058 867 2104 καίπερ]
892 2060 956 2091 καὶ
980 2062 1093 2091 ταῦτα
1122 2059 1157 2090 Β.

279 2154 404 2194 pentes
427 2147 579 2181 sinuosis
604 2146 846 2180 voluminibus
871 2148 1145 2192 amplectuntur,
1169 2147 1334 2179 mirabile
1359 2151 1469 2191 opus‘,
1495 2157 1539 2179 ex
1560 2145 1705 2179 hortulo

281 2195 399 2239 magni
425 2194 551 2238 palatii
575 2194 613 2224 in
641 2193 718 2225 eius
746 2193 872 2237 templi
895 2194 1112 2227 vestibulum
1137 2194 1347 2233 transtulit,
1376 2193 1583 2236 ibidemque
1607 2193 1707 2236 prio-

283 2242 331 2274 ris
357 2251 441 2273 suae
466 2239 624 2282 coniugis
653 2239 824 2283 reliquias
850 2250 894 2271 ex
918 2241 1062 2272 Ancurii
1081 2240 1295 2272 monasterio
1321 2239 1510 2272 translatas
1536 2239 1706 2282 reposuit.

285 2288 502 2321 extrinsecus
530 2286 629 2317 iuxta
644 2285 949 2328 Septentrionales
976 2286 1052 2318 eius
1075 2286 1199 2330 templi
1226 2286 1318 2317 fores
1343 2285 1379 2316 in
1405 2285 1556 2317 maxima
1584 2285 1708 2318 tabula

284 2340 438 2368 statuam
466 2342 564 2365 suam
591 2331 780 2363 collocavit
796 2356 805 2371 ,
830 2342 902 2363 non
934 2332 1163 2375 imperatorio
1180 2332 1318 2375 regiove
1343 2330 1490 2371 habitu,
1515 2341 1580 2363 nec
1599 2341 1707 2363 aureo

285 2385 432 2420 ornam,
458 2377 520 2411 sed
543 2378 655 2409 instar
681 2377 882 2410 aerumnosi
911 2379 1076 2422 operarii,
1100 2378 1199 2421 nigra
1224 2381 1322 2410 veste
1346 2376 1463 2409 induti
1476 2377 1570 2417 ‚fissa
1594 2387 1708 2430 usque

286 2426 334 2460 ad
357 2436 478 2465 suras,
505 2435 584 2456 cum
609 2422 700 2456 albis
726 2424 839 2456 ocreis
873 2434 986 2467 usque
1013 2424 1059 2456 ad
1090 2435 1202 2468 genua
1227 2422 1523 2464 ascendentibus3
1552 2423 1614 2467 qui
1641 2423 1710 2455 sal-

287 2483 364 2506 cem
404 2481 542 2516 gravem
582 2475 618 2502 et
642 2472 811 2513 'magnam
851 2480 956 2502 manu
982 2475 1107 2502 tenens
1133 2469 1423 2502 formosissimum
1447 2469 1711 2503 adolescentem

287 2528 401 2563 usque
429 2516 475 2550 ad
512 2516 677 2548 humeros
718 2521 754 2548 et
786 2516 904 2548 fauces
930 2517 1213 2560 prominentem,
1247 2515 1346 2548 velut
1367 2515 1586 2555 incurvatus,
1615 2526 1711 2548 com-

287 2563 488 2618 prehendat
525 2567 560 2598 et
596 2561 780 2605 implicet,
805 2573 875 2606 qua
903 2562 1056 2605 imagine
1091 2560 1401 2605 praetereuntibus
1428 2561 1621 2594 clarissime
1647 2572 1711 2594 sua

290 2611 447 2645 facinora
472 2607 602 2653 deping,
592 2607 705 2649 ebat3
730 2614 778 2647 et
803 2619 873 2652 quo
908 2608 979 2640 suis
1005 2608 1179 2640 edocebat
1205 2613 1244 2640 ut
1271 2607 1402 2639 herede
1428 2607 1568 2652 imperii
1593 2608 1708 2641 occiso

291 2667 455 2702 sponsam
478 2655 576 2688 illius
604 2653 673 2687 sibi
701 2654 927 2686 matrimonio
955 2655 1136 2686 iunxisset.
1161 2653 1288 2686 habuit
1312 2654 1417 2686 etiam
1443 2654 1480 2686 in
1508 2653 1626 2686 animo
1651 2664 1711 2686 ae·

292 2715 387 2738 ream
413 2713 511 2736 suain
534 2705 685 2734 statuam
710 2712 815 2745 super
839 2701 1004 2733 columna
1027 2702 1063 2733 in
1079 2701 1221 2733 sublimi
1247 2711 1358 2732 aeneo
1383 2701 1619 2745 tetrapleuro,
1648 2699 1710 2732 ubi

292 2750 381 2786 nudi
420 2747 615 2794 Cupidines
649 2747 763 2793 pomis
796 2758 832 2781 se
866 2747 1015 2780 invicem
1042 2752 1190 2793 petunt,
1225 2745 1323 2792 quod
1350 2746 1623 2780 Anemodulium
1650 2756 1710 2779 vo-
