1838 3210
549 178 822 220 IOHANNES
878 177 1183 221 COMNENUS.
1562 181 1599 233 9

162 277 437 332 εἰσηγούμενα
463 273 525 330 μὴ
554 272 604 317 ἂν
630 274 704 329 τήν
732 276 896 329 αἴτησιν
935 276 1064 330 αὐτῆς
1093 277 1455 332 παραβλέψασθαι
1481 277 1604 332 ἴσχυ-

163 342 314 398 ρίζετο.
391 342 523 384 ἐνίοτε
566 341 613 382 δὲ
649 340 721 380 καί
747 341 930 382 τοιοῦτόν
964 357 1003 382 τι
1033 340 1327 397 παθηνιέμενος
1353 341 1514 397 εἴρηκεν
1540 337 1605 396 »ὦ

164 408 315 461 γύναι,
343 406 512 448 κοινωνέ
538 420 611 459 μοι
646 407 796 459 λέχους
823 408 896 447 καί
923 409 1165 460 βασιλείας,
1198 409 1253 448 ου’
1276 406 1326 449 τὰ
1354 405 1455 462 πρὸς
1476 405 1606 462 χάριν

165 471 306 529 παύσῃ
352 474 422 526 τῆς
454 472 530 526 σῆς
556 467 835 526 ὕποτιθεμένη
860 486 934 523 μοι
971 470 1200 527 θυγατρός,
1241 471 1446 528 ἁρμονίαν
1464 488 1508 515 τε
1535 474 1609 514 καί

131 537 282 590 5τοὶξιν
310 538 581 592 ἐπιχειροῦσα
611 534 726 577 λύειν
753 534 986 590 ἐπαινετήν,
1018 535 1073 587 ὥς
1099 537 1215 594 εἴπερ
1235 537 1506 593 θεοβλαβείας
1532 554 1607 592 με·

167 605 396 659 τέσχηκαςς
433 601 552 656 βάλλ’
597 603 641 651 ἐς
678 601 812 656 τύχην
852 599 1040 656 ἀγαθήν·
1097 600 1127 657 ἦ
1159 607 1316 656 μᾶλλον
1344 605 1468 661 δεῦρο
1489 606 1630 660 κοινῇ>

167 668 594 720 συνδιασκεψώμεθα,
625 667 697 708 καί
718 666 967 722 γνωσόμεθα
994 666 1056 717 τίς
1083 669 1128 719 ἐξ
1157 667 1350 712 ἁπάντων
1365 672 1448 713 τῶν
1465 667 1608 726 πρώην

166 733 221 777 τὰ
247 734 466 787 Ῥωμαίων
496 735 682 788 σκῆπτρα
711 733 1041 788 παρειληφότων,
1071 732 1166 776 υἱόν
1184 733 1293 788 ἔχων
1320 733 1520 790 ἁρμόδιον
1548 732 1609 786 εἷς

168 799 331 854 οἷρχήν,
362 800 512 841 τοῦτον
535 801 614 852 μὲν
638 800 930 854 παρεβλέψατο
948 832 961 851 ,
999 798 1189 854 γαμβρὸν
1221 802 1267 841 δὲ
1297 800 1537 854 chasneto,-
1570 804 1612 844 εἰ

111 881 157 908 10
170 867 218 908 δέ
244 880 343 907 ποτε
379 868 453 907 καί
488 864 646 907 τοιόνδε
685 881 725 907 τι
755 866 1035 919 ξυμβέβηκεν,
1086 861 1136 907 οὔ
1180 865 1309 919 νόμον
1347 861 1382 907 ὦ
1409 865 1530 921 γύναι
1557 867 1605 909 τὸ

168 928 342 974 σπάνιον
367 930 620 986 ἡγησόμεθα.
676 931 740 971 ἐπ’
765 932 861 984 ε’μοί
888 932 934 972 δὲ
969 930 1042 971 καί
1065 929 1180 983 μάλα
1208 930 1396 986 καπυρόν
1421 931 1606 986 γελάσειε
1620 937 1686 972 Ρ.5

168 996 214 1040 τὸ
245 994 563 1051 Πανριόμαιον,
588 995 662 1038 καί
684 998 766 1037 τῶν
794 997 959 1052 φρενῶν
983 994 1172 1051 κριθείην
1199 995 1438 1050 ἄποπεσών,
1471 1000 1511 1040 εἰ
1534 996 1609 1054 τήν

169 1063 384 1115 βασιλείαν
410 1062 486 1103 οὐκ
510 1063 733 1110 ἐπαινετῶς
770 1060 952 1116 εἰληφώς
989 1061 1079 1103 ἀλλ’
1105 1063 1279 1115 αἴμασιν
1307 1059 1515 1116 ὁμογενῶν
1541 1064 1613 1105 καὶ

169 1128 368 1179 μεθόδοις
395 1130 705 1183 Χριστιανικῶν
744 1128 1048 1183 οἷφισταμέναις
1098 1130 1293 1181 θεσμῶν,
1323 1129 1478 1183 δεῆσαν
1508 1130 1612 1171 ταύ-

109 1192 157 1234 15
171 1210 244 1249 της
271 1194 487 1249 ἀφεικέναι
516 1190 735 1246 διάδοχον,
781 1191 853 1234 τὸν
877 1194 957 1246 μὲν
986 1194 1029 1242 ε”ξ
1058 1192 1218 1249 ὀσφύος
1249 1189 1608 1250 ἇποπεμψαιμην,

168 1258 242 1302 τόν
267 1260 316 1300 δὲ·
341 1256 574 1300 Μακεδόνα
601 1259 955 1313 εἷσοικισαίμηνξ(
979 1256 1050 1300 τόν
1062 1260 1293 1313 Βρυέννιον
1322 1256 1431 1301 οὕτω
1463 1262 1610 1314 λέγων,

168 1323 263 1368 ἐπεὶ
288 1323 359 1366 καὶ
381 1327 426 1376 ἐξ
446 1322 708 1378 ΡΟρεστιοὶδος
734 1322 926 1379 ὥρμητο·
983 1325 1062 1377 μία
1093 1326 1133 1366 δ’
1164 1322 1268 1381 αὕτη
1297 1328 1382 1366 τῶν
1407 1325 1612 1378 εὔδαιμό-

168 1406 250 1433 νων
277 1390 348 1432 καί
373 1391 602 1446 κρατίστων
628 1389 742 1445 παρὰ
769 1388 1018 1432 ,Μακεδόσιν
1045 1388 1218 1435 πόλεων.
1294 1392 1474 1433 τοιαῦτα
1504 1390 1612 1446 πρὸς

167 1454 244 1510 τήν
273 1458 523 1510 βασίλισσαν
553 1455 732 1512 Εἰρήνην
753 1457 968 1511 ἐμβριθαῖς
997 1455 1020 1496 ὃ
1049 1455 1231 1508 Ἀλέξιος
1259 1454 1463 1512 φάμενος,
1497 1453 1613 1509 ὅμως

105 1534 156 1561 20
168 1523 240 1564 καί
281 1520 408 1564 πάλιν
433 1520 507 1564 τὸν
543 1523 748 1576 μηδαμῶς
775 1521 1006 1564 α’πειπόντα
1035 1521 1369 1577 ὖποκρινόμενος,
1398 1524 1514 1577 διῆγε
1537 1521 1614 1579 τήν

166 1593 343 1642 γυναῖκα
393 1587 672 1642 σκηπτόμενος
726 1588 794 1629 αἐἰ
830 1587 904 1630 τὸν
944 1585 1244 1640 σκεπτόμενον·
1327 1583 1380 1642 ἦν
1414 1586 1493 1644 γάρ
1515 1619 1527 1641 ,
1575 1588 1615 1629 εἰ
1623 1597 1648 1629 Β

167 1654 246 1695 καί
281 1669 343 1702 τις
385 1649 537 1708 ἄλλος,
576 1656 806 1709 κρυψίνους
842 1654 863 1695 ὃ
909 1652 1013 1709 οἷνήρ
1059 1648 1202 1707 οὗτος,
1229 1655 1302 1696 καί
1329 1653 1460 1710 σοφὸν
1487 1654 1612 1708 ἡγού-

167 1733 290 1772 μενος
335 1719 406 1761 οἷεί
447 1716 493 1761 τό
533 1722 772 1776 περίεργον,
812 1721 922 1774 μηδὲ
960 1718 1013 1762 τοὶ
1054 1718 1184 1761 πολλοὶ
1222 1718 1501 1774 ἐξαγγελτικὸς
1536 1721 1614 1761 τοῦ

170 1787 359 1840 ποιητέου
407 1784 685 1837 δεικνύμενος.
751 1783 983 1838 ἐγγίζοντος
1019 1786 1066 1826 δέ
1113 1783 1153 1826 οἱ
1189 1787 1268 1826 τοῦ
1311 1787 1517 1841 τέρματος
1543 1786 1614 1838 τῆς

107 1848 158 1889 25
173 1851 278 1905 ζωῆς
329 1849 352 1890 ὄ
406 1850 484 1903 μὲν
530 1848 661 1892 ἔκειτο
701 1853 835 1909 πνέων
882 1847 936 1893 τά
979 1852 1150 1893 λοίσθια
1194 1850 1238 1891 ἐν
1270 1855 1355 1899 τοῖς
1391 1847 1496 1891 κατὰ
1537 1847 1614 1904 τὴν

170 1977 248 1998 rare
272 1966 343 1999 sibi
366 1976 439 1999 non
465 1965 587 2010 potuit
613 1966 702 2009 quin
726 1977 803 1999 eam
827 1966 878 1999 ita
905 1966 1162 2011 alloqueretur.
1180 1977 1225 2006 „o
1248 1964 1380 1998 mulier
1404 1969 1440 1998 et
1466 1965 1551 1998 lecti
1576 1970 1612 1998 et

170 2013 312 2057 imperii
354 2013 426 2045 mei
469 2011 670 2056 particeps,
695 2024 768 2045 non
802 2013 948 2046 taudem
986 2024 1026 2045 ea
1059 2012 1209 2045 suadere
1234 2012 1323 2044 mihi
1349 2012 1492 2045 desines
1517 2022 1611 2057 quae

169 2059 267 2091 filiae
290 2064 374 2092 tuae
399 2064 498 2103 grata
526 2063 629 2098 sunt,
666 2065 702 2092 et
726 2060 847 2092 conari
872 2065 913 2093 ut
937 2059 1024 2092 ordo
1052 2059 1288 2092 laudabiliter
1311 2059 1500 2092 institutus
1533 2064 1611 2092 tur-

168 2104 304 2138 betur?
329 2106 459 2150 quodsi
484 2105 642 2138 numinis
668 2106 820 2138 alicuius
848 2107 901 2139 ira
923 2107 1059 2151 percita
1090 2117 1144 2147 es,
1169 2106 1214 2138 ad
1231 2116 1352 2138 sanam
1368 2107 1484 2139 redito
1509 2116 1610 2138 men-

169 2156 264 2194 tem3
293 2162 334 2184 ac
358 2153 478 2197 potius
506 2162 644 2184 mecum
669 2152 893 2186 considerato
921 2165 966 2185 an
990 2153 1085 2186 ullus
1101 2164 1268 2197 ,unquam
1297 2163 1341 2184 ex
1365 2152 1610 2198 superioribus

169 2199 408 2231 Romanorum
436 2198 735 2243 imperatoribus,
759 2211 838 2232 cum
858 2200 971 2232 filium
998 2200 1147 2244 imperio
1176 2199 1346 2231 idoneum
1369 2200 1541 2239 haberet,
1567 2209 1610 2231 eo

169 2245 333 2289 neglecto
358 2256 527 2290 generum
551 2246 774 2290 praetulerit.
801 2258 841 2279 ac
873 2252 914 2280 ut
937 2245 1133 2290 aliquando
1160 2246 1232 2278 tale
1258 2246 1443 2291 quippiam
1472 2245 1613 2278 accide-

171 2292 240 2333 rit,
269 2292 367 2336 quod
387 2303 465 2324 raro
491 2293 625 2325 factum
651 2298 714 2334 est,
742 2304 806 2338 pro
835 2293 913 2337 lege
941 2292 1147 2325 habendum
1172 2303 1245 2325 uon
1270 2293 1355 2325 erit:
1379 2304 1399 2325 a
1426 2303 1482 2325 me
1508 2302 1613 2337 prae-

171 2338 315 2379 sertim,
342 2339 405 2383 qui
429 2350 507 2371 cum
535 2350 681 2383 regnum
705 2339 802 2372 haud
834 2339 1070 2372 laudabiliter
1094 2339 1157 2372 sed
1182 2338 1355 2372 caedibus
1380 2344 1612 2384 cognatorum

170 2389 209 2416 et
231 2385 432 2417 rationibus
458 2386 502 2418 ab
529 2386 703 2418 institutis
732 2386 1017 2419 Christianorum
1043 2386 1172 2418 alienis
1201 2387 1427 2430 occnpnrim,
1458 2386 1526 2418 toti
1543 2387 1611 2418 Ro-

168 2442 275 2463 mano
299 2432 450 2476 imperio
479 2432 566 2464 risui
593 2433 659 2465 sim
683 2433 825 2466 futurus
853 2439 889 2465 et
911 2443 975 2478 pro
1000 2434 1128 2465 insano
1155 2431 1342 2465 habendus
1358 2458 1367 2473 ,
1394 2432 1424 2465 si
1455 2433 1493 2465 in
1517 2431 1610 2464 ‹leli-

168 2476 357 2510 beratione
383 2479 640 2520 successionis,
668 2490 834 2522 germano
859 2480 935 2512 filio
961 2478 1171 2524 repudiato,
1196 2478 1430 2512 Macedonem
1452 2479 1490 2511 in
1517 2478 1610 2511 solio

170 2524 383 2556 collocar0.“
409 2525 460 2558 sic
488 2531 606 2558 autem
631 2526 838 2570 appellabat
860 2527 1076 2569 Bryennium
1094 2525 1284 2558 Orestiade
1309 2526 1417 2559 beata
1446 2530 1483 2558 et
1505 2535 1609 2568 prae-

171 2571 390 2603 stantissima
406 2571 495 2604 urbe
512 2572 747 2605 Macedoniae
770 2572 972 2605 oriundum.
999 2573 1130 2617 quibus
1146 2571 1263 2605 verbis
1293 2583 1371 2605 cum
1396 2573 1522 2604 Irenae
1546 2581 1610 2615 pe-

171 2615 338 2649 titionem
375 2619 527 2661 graviter
552 2619 757 2659 refutasset,
794 2625 914 2652 tamen
941 2618 1073 2651 deinde
1098 2629 1179 2651 eum
1211 2629 1295 2663 prae
1337 2630 1374 2651 se
1400 2615 1518 2651 ferens
1546 2616 1610 2660 qui

171 2660 450 2707 haudquaquam
484 2671 665 2708 negasset,
704 2666 891 2698 mulierem
917 2671 1090 2710 perpetua
1109 2664 1383 2698 deliberationis
1411 2663 1612 2697 simulatio-

171 2718 217 2740 ne
245 2707 455 2752 differebat,
498 2713 632 2756 quippe
668 2711 796 2753 homo,
827 2713 855 2744 si
881 2713 1071 2757 quisquam
1096 2711 1206 2752 alius,
1231 2711 1365 2744 occulti
1389 2710 1522 2750 animi,
1548 2711 1613 2754 qui

171 2754 385 2799 sapientiam
423 2757 458 2789 in
486 2757 746 2791 disshnulando
783 2759 937 2804 positam
967 2764 1062 2792 ratus
1085 2769 1168 2792 raro
1199 2757 1391 2791 admodum
1408 2783 1416 2797 ‚
1439 2755 1532 2803 ⁸quid
1560 2756 1613 2790 fa-
