1878 3230
507 161 578 201 DE
617 157 830 202 isAAclo
871 159 1090 201 ANGELO
1134 160 1233 201 Lm.
1275 163 1328 202 11.
1499 140 1607 208 543

167 261 296 316 μανοί
325 259 368 302 τό
405 259 574 304 Ἰκόνιον
602 258 881 312 κατασχόντες
907 261 1052 303 τούτου
1080 262 1157 313 μὲν
1184 261 1300 310 ἑντὸς
1342 262 1416 302 ου“κ
1449 262 1611 303 εἰσεδυ-

168 344 272 380 σαν,
300 326 406 368 κατὰ
439 327 484 368 δὲ
520 324 597 380 τὴν
625 323 705 377 ἔξω
731 328 952 380 λεγομένην
979 326 1100 368 πόλιν
1127 326 1412 382 ηὐλίσθησαν,
1448 323 1612 369 ἄνωθεν

168 395 253 435 τῶν
283 390 490 445 δωμάτων
514 390 589 440 τάς
618 391 798 439 αὐλαίας
828 391 1069 445 πηξάμενοι.
1125 391 1198 433 καί
1220 394 1352 448 μηδὲν
1381 393 1521 448 ἕτερον
1547 389 1612 433 ὅτι

167 458 225 514 μὴ
255 457 304 501 τά
336 456 442 512 πρὸς
472 455 520 499 τό
565 458 640 510 ζῆν
667 453 881 511 ἐπιτήδεια
909 458 981 497 καί
1018 456 1126 509 μόνα
1164 459 1323 500 ἐκεῖθεν
1358 457 1611 501 ἑνσκευασά-

101 514 111 525 ⁰
129 525 285 578 5μενοι
313 526 390 566 τοῦ
415 521 559 576 πρόσω
587 520 764 575 εἴχοντο.
823 520 929 562 κατὰ
959 523 1004 564 δὲ
1032 521 1107 576 τήν
1135 521 1341 575 α’νάβασιν
1362 522 1514 578 ταύτην
1542 526 1608 566 λέ-

166 590 291 644 γεταί
317 605 410 632 τινα
437 587 674 640 Ἀλαμανὸν
702 586 906 641 πελώριον
932 586 977 628 τὸ
1005 590 1152 641 σῶμα,
1182 587 1257 642 τήν
1286 589 1410 642 ἰσχύν
1440 587 1606 644 α’παρά-

165 659 341 708 μιλλον,
371 657 453 696 τῶν
482 650 708 709 ὁμοφύλων
744 651 815 694 ἐπὶ
839 656 1030 695 πλεῖστον
1065 654 1399 710 ἀπολειφθῆναι,
1434 657 1506 696 καί
1534 653 1605 696 τὸν

164 723 243 774 μὲν
270 721 499 773 α’νειμένοις
534 720 780 761 στέλλεσθαι
808 719 952 773 ποσίν,
980 720 1027 761 ἐκ
1057 721 1133 761 τοῦ
1154 722 1333 773 χαλινοῦ
1370 719 1442 761 τόν
1478 721 1603 762 ἵππον

165 787 392 842 ἒφὲλκοντα
411 787 464 841 τῇ
490 782 703 842 ὅὸοιπορίᾳ
733 783 980 841 κεκμηκότα,
1004 786 1085 827 τῶν
1113 786 1150 827 δ’
1181 786 1226 837 ἐξ
1247 784 1430 841 Ἰσμαήλ
1454 786 1602 841 α’θροι-

105 867 153 894 ιο
165 853 319 907 σθῆναι
346 849 445 905 περὶ
468 847 602 892 αὐτόν
629 849 736 904 ὑπὲρ
774 849 873 900 τοὺς
909 849 1188 905 πεντήκοντα,
1227 851 1473 905 κρατίστους
1511 849 1740 906 {flavam

163 916 322 966 πάντας
349 918 423 957 καί
446 915 524 965 τὰς
553 917 709 965 οἰκείας
738 914 873 966 τάξεις
902 917 1197 966 α’πολιπόντας.
1253 915 1293 959 οἱ
1319 919 1396 970 μὲν
1436 914 1512 960 οὖν
1545 917 1602 968 ὥς

162 985 208 1033 ἐς
235 983 439 1024 κύκλωσιν
468 980 598 1023 αὐτόν
625 981 883 1038 διειληφότες
911 982 1216 1037 περιετόξευον,
1253 982 1276 1024 ὅ
1316 985 1364 1026 δὲ
1392 985 1449 1041 τῷ
1487 985 1640 1041 εὕρεΐο

161 1046 280 1092 σάκει
308 1046 556 1100 σκεπόμενος
583 1049 655 1089 καί
680 1050 733 1104 τῇ
758 1049 840 1089 τῶν
867 1043 1006 1089 ὅπλων
1031 1051 1206 1103 θαρρῶν
1235 1049 1496 1105 στεγανότητι
1534 1066 1601 1104 γε-

162 1113 303 1170 γηθώς
330 1110 580 1168 ἐπορεύετο,
624 1114 843 1162 α’τίνακτος
880 1112 986 1155 κατὰ
1020 1116 1165 1169 πρῶνα
1207 1112 1236 1170 ἦ
1275 1115 1478 1171 πρόβολον
1519 1122 1603 1164 τοῖς

105 1180 152 1222 15
165 1182 242 1222 τοῦ
259 1181 525 1235 βαρβαρικοῦ
549 1180 705 1221 ἐκείνου
724 1177 921 1233 ξυλλόγου
948 1177 1136 1234 βλήμασι
1156 1183 1228 1223 καί
1255 1176 1313 1223 ὧν
1338 1179 1412 1222 καί
1438 1183 1603 1223 δεικνύ-

162 1261 301 1300 μενος.
359 1245 416 1295 aig
442 1247 480 1288 δ’
509 1246 675 1287 ἐκείνων
700 1260 764 1294 τις
790 1245 972 1299 γενναῖόν
999 1261 1040 1287 τι
1068 1245 1241 1300 δράσειν
1264 1246 1371 1301 ὑπὲρ
1402 1247 1501 1296 τούς
1529 1243 1603 1289 ἅλ-

163 1316 263 1361 λους
288 1309 634 1365 ἐπαγγειλάμενος
661 1311 842 1353 α’πὲθετο
869 1313 948 1364 μὲν
974 1309 1019 1353 τό
1047 1311 1162 1362 τόξον
1194 1311 1251 1362 ὦς
1282 1313 1358 1354 οὐκ
1385 1312 1602 1368 ὀνήσιμον,

163 1375 242 1432 τήν
269 1379 306 1419 δ’
343 1374 523 1432 ἐπιμήκη
554 1374 775 1430 μάχαιραν
804 1375 1002 1432 ἐξερύσας
1029 1377 1104 1419 καί
1127 1376 1195 1420 τὸν
1221 1380 1346 1420 ΐππον
1375 1379 1418 1428 ἐς
1447 1377 1604 1433 δρόμον

165 1438 279 1494 ἇνείς
304 1443 567 1496 ἀγχωμάλως
592 1442 664 1484 καί
689 1442 864 1492 ἐνώπιος
881 1443 1042 1501 ἐνωπίῳ
1071 1445 1129 1501 τῷ,
1150 1439 1380 1503 Ἀλαμανῷ
1405 1445 1603 1497 ἐπεβάλε-

102 1518 154 1549 2o
165 1523 211 1550 το
238 1508 456 1562 μάχεσθαι
477 1541 490 1561 ,
517 1507 644 1557 αὐτὸς
669 1511 747 1560 μὲν
776 1505 856 1550 ὅσα
883 1511 957 1550 καί
984 1505 1221 1564 ἀκρώρειαν
1250 1505 1376 1563 ὅρους
1398 1507 1432 1564 ἢ
1458 1511 1603 1565 sindpe-

165 1572 268 1616 άντα
299 1572 478 1628 χάλκεον
505 1572 625 1615 ἔπαιε
648 1574 721 1615 τὸν
749 1574 1008 1627 Ἀλαμανόν,
1036 1575 1058 1616 ὅ
1088 1578 1134 1617 δὲ
1162 1575 1208 1617 τὸ
1240 1579 1358 1632 ξίφος
1385 1579 1605 1628 σπασάμε-

164 1655 235 1689 νος
259 1639 414 1697 παχείᾳ
442 1640 514 1680 καί
540 1640 702 1696 ἧρωϊκῇ
727 1639 843 1693 χειρὶ
867 1640 998 1694 βριθὺ
1034 1644 1106 1682 καί
1142 1645 1250 1696 μέγα
1294 1643 1367 1683 καί
1403 1641 1604 1697 στιβαρόν

166 1704 336 1760 πλήττει
371 1704 442 1747 τόν
470 1706 594 1746 ἵππον
621 1706 873 1758 ἐπιδοχμίως
901 1706 1001 1760 περὶ
1038 1707 1139 1755 τούς
1171 1706 1326 1760 πόδας,
1363 1710 1435 1750 καί
1474 1704 1647 1764 ἄμφωῐ)

167 1769 263 1820 τούς
289 1772 573 1826 ἐμπροσθίους
602 1770 659 1820 ὦς
681 1770 773 1813 οὐδ’
793 1767 925 1826 άγροῧ
950 1787 1011 1820 τις
1037 1771 1192 1826 χόρτον
1217 1772 1430 1826 ἀπέτεμεν.
1488 1773 1545 1822 οἷς
1568 1775 1605 1814 δ’

261 1893 292 1915 2.
319 1880 516 1925 ηὐλίσαντο
542 1883 580 1916 A.
651 1890 656 1895 ·
686 1885 719 1918 6.
745 1895 830 1917 τινα
858 1885 932 1917 τῶν
956 1882 1159 1930 α’λαμανῶν
1183 1885 1223 1918 Α.
1317 1883 1602 1932 α’παράμιλλον]

259 1929 578 1974 ἀπροσπέλαστον
603 1930 642 1962 Α.
741 1932 791 1966 13.
817 1931 861 1976 τῇ
886 1931 954 1964 τοῦ
980 1931 1155 1974 θώρακος
1178 1934 1214 1963 θ.
1239 1932 1277 1964 Α.
1353 1945 1402 1976 ¹9·
1428 1934 1477 1976 τῷ
1499 1932 1604 1965 Ἀλα-

256 1976 366 2022 μανῷ
394 1987 451 2008 om
476 1977 515 2009 A.
563 1977 620 2012 23.
643 1976 744 2024 περὶ]
771 1975 865 2011 κατὰ
896 1977 935 2010 A.
994 1979 1047 2022 24.
1070 1977 1344 2026 ἐμπροσθίους]
1369 1978 1542 2023 πρόσθεν
1566 1980 1604 2012 Α.

258 2021 457 2071 α’πέιεμεν]
485 2022 701 2058 α’ποδιεῑλεν
727 2026 766 2056 Α.

168 2125 232 2148 suo
258 2113 434 2147 duntaxat
458 2114 563 2147 horto
589 2115 767 2148 efferrent.
795 2114 983 2148 Alemanni
1008 2126 1090 2148 vero
1116 2117 1237 2148 Iconio
1262 2115 1370 2160 potiti
1395 2115 1520 2148 urbem
1550 2117 1607 2149 in-

167 2161 268 2206 gredi
290 2161 496 2201 noluerunt,
524 2161 587 2194 sed
610 2161 649 2194 in
674 2163 777 2194 tectis
804 2161 969 2195 suburbii
995 2162 1074 2195 fixis
1101 2163 1356 2203 tabernaculis,
1381 2173 1447 2195 nce
1470 2163 1545 2195 ulla
1569 2174 1607 2196 re

168 2208 241 2242 alia
268 2207 338 2240 nisi
364 2208 411 2240 ad
437 2208 548 2241 vitam
571 2208 743 2241 tuendam
769 2210 978 2242 necessariis
1001 2209 1085 2242 inde
1101 2210 1233 2250 ablata,
1249 2215 1417 2253 coeptum
1440 2210 1510 2242 iter
1523 2215 1608 2243 sunt

195 2254 362 2287 rosecuti.
385 2255 423 2287 in
459 2254 527 2287 hac
554 2255 785 2299 expeditione
825 2256 947 2289 ferunt
969 2256 1205 2289 Alemannum
1238 2255 1417 2301 quendam
1457 2267 1607 2300 corpore

168 2301 307 2345 lugenti
333 2306 369 2334 et
392 2300 520 2334 robore
542 2301 678 2335 invicto
703 2300 930 2347 praeditum,
956 2303 1147 2348 populares
1173 2314 1255 2335 suos
1280 2303 1387 2346 longo
1412 2303 1607 2336 intervallo

170 2353 352 2388 secutum,
377 2347 601 2392 pedetentim
626 2349 839 2389 incessisse,
865 2359 997 2393 equum
1022 2349 1223 2383 trahentem
1251 2361 1295 2382 ex
1319 2349 1451 2382 itinere
1477 2349 1606 2392 fatiga-

170 2399 259 2426 tum.
295 2395 494 2427 Ismaelitas
520 2406 604 2428 vero
637 2395 779 2429 circiter
809 2396 1098 2440 quinquaginta,
1131 2397 1226 2429 viros
1258 2396 1491 2436 fortissimos,
1531 2396 1606 2428 suis

170 2440 388 2474 stationibus
423 2447 587 2484 evagatos
614 2442 716 2475 illum
740 2441 902 2486 undique
937 2443 1075 2487 sagittis
1110 2443 1270 2487 petiisse.
1309 2447 1490 2475 caeterum
1523 2453 1605 2474 eum

170 2486 246 2519 lato
273 2492 372 2519 scuto
396 2492 530 2520 tectum
558 2494 594 2521 et
617 2489 785 2522 firmitate
810 2488 964 2522 thoracis
988 2490 1118 2523 fretum
1134 2490 1286 2524 alacrem
1310 2489 1521 2534 perrexisse,
1546 2489 1604 2520 ni-

171 2531 248 2565 hilo
272 2533 382 2576 magis
414 2533 645 2567 barbarorum
674 2536 757 2568 telis
785 2541 1000 2582 commotum
1025 2548 1132 2581 quam
1163 2537 1192 2569 si
1225 2547 1330 2581 rupes
1359 2540 1462 2568 esset.
1494 2545 1605 2566 unum

171 2584 293 2612 autem
333 2581 480 2613 caeteris
516 2581 783 2623 iactantiorem‚
822 2581 963 2615 abiecto
1000 2584 1123 2616 inutili
1160 2594 1265 2623 arcu,
1302 2582 1447 2626 longum
1483 2591 1605 2612 ensem

171 2624 380 2665 strinxisse,
402 2631 439 2658 et
461 2628 639 2662 concitato
667 2639 761 2674 equo
786 2629 982 2663 comminus
1015 2630 1118 2663 illum
1154 2636 1195 2663 ut
1227 2628 1510 2674 promontorium
1541 2632 1605 2659 aut

173 2683 315 2705 aeream
338 2672 538 2705 columnam
562 2674 680 2718 gladio
704 2676 931 2720 percussisse.
955 2677 1190 2710 Alemannum
1206 2687 1290 2710 vero
1308 2674 1441 2719 gladiO,
1457 2672 1519 2717 qui
1539 2671 1604 2705 he-

174 2719 307 2756 roicam
331 2717 492 2751 dextram
520 2718 679 2762 deceret,
715 2722 838 2757 ambos
863 2723 1059 2756 anteriores
1090 2723 1199 2768 pedes
1234 2721 1377 2756 hostilis
1403 2719 1487 2763 equi
1524 2724 1602 2752 tan-
