1878 3230
309 203 380 244 ΒΕ
419 200 616 242 Ammo
659 200 853 244 1sAAc11
897 202 1097 243 Auem
1140 203 1224 244 ΡΒ.
1263 204 1358 243 Lm.
1383 206 1416 243 1.
1498 184 1609 256 599

182 302 287 356 δῆλα
335 300 384 343 τοὶ
425 302 718 353 ξυνενεχθέντα
762 303 1024 356 παραχρῆμα
1067 308 1201 343 ποιεῖ·
1281 300 1405 350 αυτὸς
1441 303 1487 343 δὲ
1513 300 1611 350 τούς

181 368 499 419 συναραμένους
539 365 655 422 αὐτῷ
692 368 767 421 ’τῆς
812 363 945 421 ἀρχῆς
974 366 1233 420 δεξιού,ιιενος
1258 369 1330 421 τῆς
1356 382 1400 409 τε
1427 368 1612 420 σπουδῆς

180 428 480 484 ἇμειβόμενος,
520 432 592 471 καί
625 429 672 471 τό
715 430 860 473 λοιπὸν
906 430 1019 473 ἅπαν
1062 435 1222 487 πλῆθος
1261 430 1510 487 θεραπεύων
1547 427 1652 473 ὅτιΟ

179 511 225 535 τε
257 493 449 548 α’σμένως
478 495 774 550 προσεχώρησε
813 495 887 537 καί
913 498 1035 537 ου’δέν
1066 513 1108 537 τι
1139 498 1453 550 διεστασίασεν,
1485 493 1615 552 ἦρξα-

141 569 225 608 5το
254 559 312 615 μη
342 560 423 602 οὖν
450 559 556 618 λόγῳ
585 560 657 601 καί
683 558 796 611 τάξει
825 560 910 602 τινῐ
927 559 1035 602 ἄλλα
1053 560 1159 615 πρὸς
1189 561 1262 615 την
1290 560 1467 604 ἑκάστου
1497 561 1616 616 αἴτη-

176 627 243 666 σίν
273 642 316 666 τε
343 627 416 667 καί
439 624 584 681 ἔφεσιν
613 625 848 666 διαδιδόναι
870 624 922 666 τὰ
944 625 1154 680 χρήματα,
1177 626 1310 668 ὁπόσα
1335 626 1615 682 ἐκστρατεύων

176 689 351 744 ἐπήγετο
375 690 587 739 Ἰσαάκιος.
613 688 770 731 τούτων
789 691 829 731 δ’
842 690 1162 746 ὑπορευσάιτων
1175 693 1226 748 τῇ
1250 690 1394 749 α’σώτῳ
1423 694 1496 734 καί
1519 692 1616 734 ἄνο-

173 755 280 812 μοίῳ
306 757 488 812 διανομῇ
529 755 655 809 γηδια
693 754 943 810 καρποφόρα
971 758 1044 797 καί
1079 756 1304 810 δημοσίους
1332 756 1617 812 συνεισφοροὶς

174 826 348 874 παρεῖχε
378 826 462 868 τοῖς
487 822 763 874 αἰτουμένοις.
821 821 875 869 ὥς
907 823 942 862 δ’
973 823 1226 863 ἐπιλελοίπει
1255 821 1329 863 καὶ
1356 823 1501 874 ταῦτα,
1529 827 1617 871 τοῖς

116 912 162 938 10
174 888 257 927 ταῖν
283 885 530 938 ἆξιωμάτων
556 886 722 942 ἐπεφύη
740 891 959 940 λαμπροῖς,
988 890 1061 929 καί
1087 889 1162 930 νῦν
1192 888 1296 928 κιῖπί
1320 885 1479 935 τούτοις
1507 885 1614 937 ἑξαί·

174 967 259 1004 ρων
286 951 334 992 οὗ
356 950 475 992 τόνδε
503 947 531 1005 ἢ
560 951 677 992 τόνδε
692 954 774 993 τῶν
790 952 1029 1005 ἐλλογίμων,
1059 946 1086 1006 ἢ
1115 950 1277 1006 α’νάγων
1297 955 1358 1000 εἰς
1384 953 1456 993 τὸν
1483 966 1614 1006 προσ-

171 1019 252 1071 εχῆ
282 1017 454 1070 βαθμὸν
485 1015 559 1058 καὶ
585 1016 796 1071 ἀνάλογον,
826 1015 932 1058 ἀλλὰ
962 1014 1117 1070 πάντα,
1148 1016 1222 1058 καί
1246 1016 1314 1059 τὸν
1342 1020 1524 1072 βραχέος
1552 1034 1614 1058 τι·

169 1082 362 1134 μιόμενον
390 1080 464 1135 τήν
488 1081 614 1135 τιμὴν
653 1084 727 1123 καί
751 1080 818 1124 τὸν
847 1081 946 1123 οὐδέ
973 1097 1070 1124 ποτε
1097 1083 1173 1136 τῆς
1195 1082 1360 1137 πρώτης
1387 1083 1655 1136 ἦξιωμένονῙ)

173 1148 402 1199 βαθμῖδος,
430 1148 501 1188 ε’·πί
530 1145 604 1202 την
631 1146 829 1189 α’νωτάτω
859 1148 932 1188 καί
957 1150 1194 1203 κορυφαίαν
1218 1149 1487 1200 μετεωρίζων
1519 1143 1615 1188 ἆνε-

111 1213 352 1265 Ῑόβιβαζεν,
381 1209 438 1260 ὥς
469 1207 576 1253 εἶναι
602 1212 646 1254 τὸ
678 1211 909 1263 πολύτιμον
929 1207 1078 1264 ἄτιμον
1108 1212 1180 1253 καί
1194 1211 1239 1254 τὸ
1259 1210 1478 1268 φιλότιμον
1506 1207 1614 1266 ἔχα-

169 1292 230 1331 ρι.
289 1278 434 1318 πολλοὶ
461 1278 507 1318 δὲ
539 1278 614 1318 καί
653 1275 948 1330 ὖποβιβασμόν
976 1275 1051 1332 την
1082 1273 1231 1320 ἄνοδον
1257 1273 1411 1336 ᾤοντο,
1445 1276 1501 1326 ὥς
1529 1277 1615 1330 ὀψέ

166 1357 270 1382 ποτε
299 1343 469 1390 δικαίως
498 1341 718 1396 ἠξιωμένοι
746 1337 804 1384 ὦν
833 1338 952 1384 ἄλλοι
981 1345 1078 1397 παρ’
1108 1338 1226 1394 ἇξίαν
1258 1343 1610 1398 προηυμοιρήκει-

166 1422 269 1459 σαν,
297 1407 500 1456 κάκείνοις
536 1406 612 1463 την
641 1407 775 1462 αὐτην
802 1407 928 1463 τιμήν
966 1408 1319 1464 συγκληρούμενοι
1349 1405 1407 1451 ὧν
1432 1411 1611 1464 ἠξιωμέ-

169 1487 252 1513 νων
277 1474 399 1526 τιμῆς
427 1473 549 1514 αὖτοί
577 1471 938 1528 παραβλεπόμενοι
962 1468 1102 1524 ἄδοξοι
1137 1475 1364 1535 ἐκρίθησαν
1389 1476 1609 1529 τιμηέστε-

105 1563 155 1590 20
169 1551 248 1591 ροι.
303 1533 356 1592 ἦν
388 1538 435 1579 δὲ
461 1539 535 1579 καί
559 1537 583 1592 ἦ
613 1540 754 1592 κτῆσις
781 1535 1030 1593 πρόχειρος·
1089 1537 1137 1580 ὃν
1165 1538 1242 1593 γάρ
1273 1556 1334 1588 τις
1361 1538 1608 1594 προσήνεγκε

165 1599 325 1657 χάρτην
352 1604 411 1660 τῷ
437 1606 624 1656 βασιλεῖ’,
652 1603 805 1644 αὐτίκα
831 1600 1161 1658 ὑπεσημαίνετο,
1189 1601 1267 1646 κᾶν
1295 1607 1492 1653 σολοίκως
1519 1602 1607 1658 εἶχε

164 1667 240 1722 τῆς
269 1666 487 1723 φράσεως,
529 1663 606 1709 κᾶν
634 1667 657 1709 ὅ
685 1670 907 1723 προτείνων
942 1671 1072 1711 ἐδεῖτο
1098 1672 1396 1712 ναυτίλλεσθαι
1423 1671 1502 1723 μὲν
1529 1670 1606 1725 τήν

261 1781 312 1805 n.
337 1771 445 1805 τόνδε
473 1767 493 1813 ἢ
527 1770 650 1819 τόνδε]
678 1770 745 1806 τὸν
773 1771 902 1806 ἄδεῖνα
925 1774 993 1808 καὶ
1024 1772 1092 1809 τόν
1117 1773 1244 1809 werra
1268 1775 1305 1807 Β.
1405 1776 1456 1809 15.
1479 1774 1528 1811 «εἷς
1551 1774 1604 1809 εἶ-

255 1818 331 1865 ναι]
359 1818 518 1863 ἔβλεπον
554 1818 688 1855 ἄλλους
710 1819 887 1858 ἄναξίους
912 1819 1022 1856 ὄντας
1059 1813 1129 1862 τὴν
1165 1814 1286 1863 αὐτὴν
1307 1821 1466 1858 ἐκείνοις
1489 1820 1603 1867 τιμὴν

255 1866 341 1906 ἴσην
363 1867 549 1910 φέροντας
571 1867 635 1899 καὶ
652 1865 833 1910 ὄφᾳιίκια,
865 1868 929 1899 καὶ
952 1860 1015 1899 διὸ
1037 1866 1148 1901 τοῦτο
1172 1860 1213 1902 τὸ
1237 1865 1288 1914 μοὶ
1315 1865 1382 1910 τᾶν
1403 1865 1519 1915 τιμὴν
1542 1867 1603 1904 δέ-

253 1914 394 1956 χεσθαι
418 1911 579 1954 αὐτούς,
603 1909 648 1955 ἦν
679 1912 808 1950 αὐτοῖς
835 1915 947 1947 τοῦτο
970 1912 1061 1960 τιμή
1083 1914 1122 1946 Β.

163 2018 200 2046 et
222 2017 262 2045 ut
285 2023 345 2046 eos
370 2023 519 2057 quorum
545 2025 613 2058 ope
639 2019 675 2047 et
703 2013 821 2047 studio
849 2015 1033 2059 imperium
1058 2020 1268 2049 consecutus
1294 2019 1368 2047 erat
1394 2026 1596 2048 remunera-

162 2065 282 2100 retur,
308 2065 344 2092 et
369 2059 546 2104 reliquum
569 2060 705 2105 vulgus,
732 2061 829 2105 quod
851 2061 1007 2094 libenter
1031 2068 1068 2095 et
1090 2063 1175 2095 citra
1191 2061 1403 2095 seditionem
1427 2063 1596 2095 accessis-

162 2111 227 2146 set,
253 2106 291 2139 in
316 2105 428 2139 officio
455 2107 636 2147 retineret,
661 2108 738 2140 sine
763 2109 898 2140 ratione
926 2108 1001 2141 ulla
1029 2114 1066 2142 et
1092 2109 1216 2142 ordine
1241 2107 1304 2140 sed
1327 2119 1392 2153 pro
1421 2108 1595 2153 cuiusque

158 2152 334 2196 petitione
366 2158 402 2185 et
435 2152 587 2186 libidine
624 2154 811 2198 pecuniam
844 2154 1001 2198 dilargiri
1037 2156 1182 2200 coepit,
1218 2166 1322 2200 quam
1359 2155 1397 2186 in
1429 2155 1593 2187 militiam

161 2199 313 2231 Isaacius
348 2198 546 2233 advexerat.
580 2211 671 2244 quae
706 2212 785 2234 cum
807 2201 1035 2234 immoderata
1074 2207 1110 2235 et
1132 2201 1312 2246 inaequali
1338 2200 1593 2234 distributione

161 2244 356 2289 dilapidata
384 2252 497 2287 esset,
537 2247 683 2291 praedia
717 2247 897 2280 fructuosa
939 2253 975 2281 et
1001 2248 1146 2292 publica
1171 2248 1356 2291 vectigalia
1382 2247 1590 2292 petentibus

161 2289 316 2324 donavit.
341 2292 384 2325 iis
411 2303 555 2337 quoque
580 2293 850 2335 deficientibus,
873 2294 1073 2329 illustribus
1104 2294 1336 2339 dignitatibus
1358 2305 1431 2326 non
1456 2305 1591 2338 paucos

161 2347 293 2382 eosque
315 2349 388 2371 non
419 2339 532 2372 claros
562 2340 655 2373 viros
683 2341 839 2381 ornavit,
867 2346 928 2374 aut
951 2341 997 2374 ad
1028 2342 1226 2386 proximum
1260 2347 1297 2374 et
1320 2341 1590 2374 convenientem

159 2383 303 2426 gradum
326 2385 465 2418 evexit:
489 2385 552 2418 sed
579 2388 741 2431 quosvis,
771 2387 832 2432 qui
857 2398 937 2420 eum
973 2388 1145 2421 bonorem
1170 2388 1268 2432 parvi
1292 2388 1525 2420 aestimabant
1552 2392 1590 2420 et

159 2429 308 2472 primum
345 2431 488 2474 gradum
521 2433 678 2467 nondum
718 2433 1018 2475 conscenderant,
1044 2436 1081 2467 in
1109 2446 1242 2467 summo
1269 2435 1407 2477 fastigio
1435 2434 1589 2466 colloca-

159 2475 228 2515 vit,
256 2481 298 2509 ut
320 2475 528 2521 dignitatum
553 2479 755 2525 frequentia
776 2480 1023 2525 indignitatem
1048 2481 1198 2515 baberet
1217 2487 1254 2514 et
1277 2481 1372 2513 omni
1396 2480 1504 2524 gratia
1529 2491 1587 2511 ca·-

161 2526 278 2562 reret,
301 2522 412 2567 aliqui
430 2525 535 2558 etiam
559 2537 623 2558 suo
647 2526 774 2559 honori
803 2525 1009 2571 derogatum
1034 2533 1202 2571 putarent
1224 2527 1287 2560 illo
1301 2527 1446 2560 honoris
1469 2526 1586 2557 incre-

158 2573 300 2607 mento,
328 2574 369 2601 ut
391 2581 468 2603 sero
497 2571 641 2604 tandem
664 2573 741 2605 iure
765 2573 803 2605 id
826 2575 1006 2607 consecuti
1032 2574 1129 2618 quod
1152 2574 1231 2606 aliis
1255 2579 1395 2618 praeter
1420 2571 1588 2606 meritum

159 2619 243 2647 ante
280 2619 418 2658 tempus
450 2619 673 2663 contigisset,
708 2618 879 2663 dignitate
925 2631 1042 2652 secum
1087 2621 1291 2665 exaequatis
1330 2620 1395 2658 iis,
1433 2616 1584 2661 quibUS‚

159 2661 383 2705 quantumvis
418 2660 552 2697 bonore
590 2666 724 2706 auctis,
758 2667 825 2710 ipsi
849 2678 992 2711 prorsus
1029 2667 1182 2710 neglecti
1207 2666 1378 2710 dignitate
1403 2668 1587 2707 praestare

158 2704 412 2740 iudicarentur.
447 2719 564 2753 neque
589 2721 672 2744 vero
710 2711 860 2745 difficilis
898 2718 973 2746 erat
1013 2712 1156 2746 honorIs
1190 2712 1343 2756 adeptio.
1368 2708 1464 2754 quod
1490 2710 1583 2744 enim

159 2754 328 2799 scriptum
352 2754 555 2800 imperatori
594 2758 762 2799 offerres,
802 2757 840 2791 id
874 2769 893 2791 e
927 2758 1074 2802 vestigio
1107 2757 1401 2801 suhsignabatur,
1429 2756 1500 2789 sive
1523 2756 1579 2789 in-
