<?xml version="1.0" encoding="UTF-8"?>
<!DOCTYPE html PUBLIC "-//W3C//DTD XHTML 1.0 Transitional//EN"
    "http://www.w3.org/TR/xhtml1/DTD/xhtml1-transitional.dtd">
<html xmlns="http://www.w3.org/1999/xhtml" xml:lang="en" lang="en">
 <head>
  <title>
</title>
<meta http-equiv="Content-Type" content="text/html;charset=utf-8" />
  <meta name='ocr-system' content='tesseract 3.04.00' />
  <meta name='ocr-capabilities' content='ocr_page ocr_carea ocr_par ocr_line ocrx_word'/>
</head>
<body>
  <div class='ocr_page' id='page_1' title='image "./corpusscriptorum41niebuoft/corpusscriptorum41niebuoft_0422.png"; bbox 0 0 1878 3230; ppageno 0'>
   <div class='ocr_carea' id='block_1_1' title="bbox 252 187 1286 260">
    <p class='ocr_par' dir='ltr' id='par_1_1' title="bbox 252 187 1286 260">
     <span class='ocr_line' id='line_1_1' title="bbox 252 187 1286 260; baseline -0.004 -18"><span class='ocrx_word' id='word_1_1' title='bbox 252 187 369 260; x_wconf 71' lang='lat'><strong><em>392</em></strong></span> <span class='ocrx_word' id='word_1_2' title='bbox 709 198 934 241; x_wconf 71' lang='lat' dir='ltr'><strong><em>Nlcss&#39;rAE</em></strong></span> <span class='ocrx_word' id='word_1_3' title='bbox 979 197 1286 239; x_wconf 75' lang='lat' dir='ltr'>cnon&#39;rAE</span> 
     </span>
    </p>
   </div>
   <div class='ocr_carea' id='block_1_2' title="bbox 216 290 1748 1773">
    <p class='ocr_par' dir='ltr' id='par_1_2' title="bbox 216 290 1748 1773">
     <span class='ocr_line' id='line_1_2' title="bbox 261 290 1674 374; baseline -0.006 -31"><span class='ocrx_word' id='word_1_4' title='bbox 261 307 383 355; x_wconf 82' lang='grc' dir='ltr'><strong><em>αφεϊς</em></strong></span> <span class='ocrx_word' id='word_1_5' title='bbox 418 301 562 351; x_wconf 84' lang='grc' dir='ltr'><strong><em>ἑσμὲν,</em></strong></span> <span class='ocrx_word' id='word_1_6' title='bbox 604 295 674 337; x_wconf 76' lang='grc' dir='ltr'><strong><em>καί</em></strong></span> <span class='ocrx_word' id='word_1_7' title='bbox 698 295 797 337; x_wconf 79' lang='grc' dir='ltr'><strong><em>κατὰ</em></strong></span> <span class='ocrx_word' id='word_1_8' title='bbox 831 293 1049 374; x_wconf 44' lang='grc' dir='ltr'><strong><em>διάμετρον</em></strong></span> <span class='ocrx_word' id='word_1_9' title='bbox 1077 290 1394 348; x_wconf 78' lang='grc' dir='ltr'><strong><em>ἇφεστήκαμεν,</em></strong></span> <span class='ocrx_word' id='word_1_10' title='bbox 1432 294 1472 334; x_wconf 74' lang='grc' dir='ltr'><strong><em>εἴ</em></strong></span> <span class='ocrx_word' id='word_1_11' title='bbox 1498 309 1566 335; x_wconf 79' lang='grc' dir='ltr'><strong><em>και</em></strong></span> <span class='ocrx_word' id='word_1_12' title='bbox 1593 296 1674 336; x_wconf 77' lang='grc' dir='ltr'><strong><em>σώ-</em></strong></span> 
     </span>
     <span class='ocr_line' id='line_1_3' title="bbox 259 354 1673 418; baseline -0.005 -12"><span class='ocrx_word' id='word_1_13' title='bbox 259 380 363 418; x_wconf 86' lang='grc' dir='ltr'><strong><em>μασι</em></strong></span> <span class='ocrx_word' id='word_1_14' title='bbox 393 359 687 412; x_wconf 78' lang='grc' dir='ltr'><strong><em>συναπτόμεθα</em></strong></span> <span class='ocrx_word' id='word_1_15' title='bbox 715 377 784 401; x_wconf 84' lang='grc' dir='ltr'><strong><em>και</em></strong></span> <span class='ocrx_word' id='word_1_16' title='bbox 812 358 888 414; x_wconf 74' lang='grc' dir='ltr'><strong><em>τὴν</em></strong></span> <span class='ocrx_word' id='word_1_17' title='bbox 915 358 1048 413; x_wconf 72' lang='grc' dir='ltr'><strong><em>αυτὴν</em></strong></span> <span class='ocrx_word' id='word_1_18' title='bbox 1075 355 1267 406; x_wconf 80' lang='grc' dir='ltr'><strong><em>πολλάκις</em></strong></span> <span class='ocrx_word' id='word_1_19' title='bbox 1296 354 1531 411; x_wconf 77' lang='grc' dir='ltr'><strong><em>ειλῆχειμεν</em></strong></span> <span class='ocrx_word' id='word_1_20' title='bbox 1564 356 1673 411; x_wconf 83' lang='grc' dir='ltr'><strong><em>οἴκη-</em></strong></span> 
     </span>
     <span class='ocr_line' id='line_1_4' title="bbox 260 420 1672 477; baseline -0.005 -8"><span class='ocrx_word' id='word_1_21' title='bbox 260 445 338 470; x_wconf 85' lang='grc' dir='ltr'><strong><em>σιν.</em></strong></span> <span class='ocrx_word' id='word_1_22' title='bbox 394 424 493 468; x_wconf 70' lang='grc' dir='ltr'><strong><em>ὅθεν</em></strong></span> <span class='ocrx_word' id='word_1_23' title='bbox 519 424 590 467; x_wconf 83' lang='grc' dir='ltr'>καί</span> <span class='ocrx_word' id='word_1_24' title='bbox 617 422 737 467; x_wconf 78' lang='grc' dir='ltr'><strong><em>αὐτοι</em></strong></span> <span class='ocrx_word' id='word_1_25' title='bbox 760 427 837 477; x_wconf 81' lang='grc' dir='ltr'><strong><em>μὲν</em></strong></span> <span class='ocrx_word' id='word_1_26' title='bbox 867 424 1199 476; x_wconf 76' lang='grc' dir='ltr'><strong><em>ὕψαυχενοῦντες</em></strong></span> <span class='ocrx_word' id='word_1_27' title='bbox 1241 420 1291 464; x_wconf 80' lang='grc' dir='ltr'><strong><em>τὰ</em></strong></span> <span class='ocrx_word' id='word_1_28' title='bbox 1325 421 1479 472; x_wconf 79' lang='grc' dir='ltr'><strong><em>πολλά,</em></strong></span> <span class='ocrx_word' id='word_1_29' title='bbox 1521 423 1593 464; x_wconf 79' lang='grc' dir='ltr'><strong><em>καὶ</em></strong></span> <span class='ocrx_word' id='word_1_30' title='bbox 1628 421 1672 464; x_wconf 85' lang='grc' dir='ltr'>τό</span> 
     </span>
     <span class='ocr_line' id='line_1_5' title="bbox 259 482 1677 544; baseline -0.004 -11"><span class='ocrx_word' id='word_1_31' title='bbox 259 494 337 533; x_wconf 77' lang='grc' dir='ltr'><strong><em>τοῦ</em></strong></span> <span class='ocrx_word' id='word_1_32' title='bbox 353 490 569 544; x_wconf 72' lang='grc' dir='ltr'><strong><em>σχήματος</em></strong></span> <span class='ocrx_word' id='word_1_33' title='bbox 599 488 872 544; x_wconf 75' lang='grc' dir='ltr'><em>ὑπερηφάνως</em></span> <span class='ocrx_word' id='word_1_34' title='bbox 898 488 1208 542; x_wconf 75' lang='grc' dir='ltr'><strong><em>ὑποκρινόμενοι</em></strong></span> <span class='ocrx_word' id='word_1_35' title='bbox 1236 482 1394 542; x_wconf 75' lang='grc' dir='ltr'><strong><em>ὄρθιον,</em></strong></span> <span class='ocrx_word' id='word_1_36' title='bbox 1422 484 1480 535; x_wconf 73' lang='grc' dir='ltr'><strong><em>(ὃς</em></strong></span> <span class='ocrx_word' id='word_1_37' title='bbox 1506 490 1677 540; x_wconf 77' lang='grc' dir='ltr'><strong><em>πτέρναν</em></strong></span> 
     </span>
     <span class='ocr_line' id='line_1_6' title="bbox 260 547 1714 631; baseline -0.003 -36"><span class='ocrx_word' id='word_1_38' title='bbox 260 557 431 610; x_wconf 74' lang='grc' dir='ltr'><strong><em>φιλοῦσι</em></strong></span> <span class='ocrx_word' id='word_1_39' title='bbox 459 559 596 609; x_wconf 78' lang='grc' dir='ltr'><strong><em>τηρεῖν</em></strong></span> <span class='ocrx_word' id='word_1_40' title='bbox 624 555 696 595; x_wconf 84' lang='grc' dir='ltr'><strong><em>καί</em></strong></span> <span class='ocrx_word' id='word_1_41' title='bbox 721 552 1067 631; x_wconf 77' lang='grc' dir='ltr'><strong><em>περιεργάζεσθαι</em></strong></span> <span class='ocrx_word' id='word_1_42' title='bbox 1094 551 1140 594; x_wconf 86' lang='grc' dir='ltr'><strong><em>τὸ</em></strong></span> <span class='ocrx_word' id='word_1_43' title='bbox 1170 556 1279 594; x_wconf 84' lang='grc' dir='ltr'><strong><em>λεῖον</em></strong></span> <span class='ocrx_word' id='word_1_44' title='bbox 1306 554 1382 592; x_wconf 79' lang='grc' dir='ltr'><strong><em>τοῦ</em></strong></span> <span class='ocrx_word' id='word_1_45' title='bbox 1408 547 1537 606; x_wconf 74' lang='grc' dir='ltr'><strong><em>ἤθους</em></strong></span> <span class='ocrx_word' id='word_1_46' title='bbox 1563 550 1714 605; x_wconf 76' lang='grc' dir='ltr'><strong><em>ἧμῶνό</em></strong></span> 
     </span>
     <span class='ocr_line' id='line_1_7' title="bbox 259 615 1680 673; baseline -0.004 -13"><span class='ocrx_word' id='word_1_47' title='bbox 259 636 328 661; x_wconf 89' lang='grc' dir='ltr'><strong><em>και</em></strong></span> <span class='ocrx_word' id='word_1_48' title='bbox 369 619 697 672; x_wconf 80' lang='grc' dir='ltr'><strong><em>ὖποκαταβαῖνον</em></strong></span> <span class='ocrx_word' id='word_1_49' title='bbox 731 619 869 673; x_wconf 87' lang='grc' dir='ltr'><strong><em>χαμαί</em></strong></span> <span class='ocrx_word' id='word_1_50' title='bbox 904 616 975 659; x_wconf 78' lang='grc' dir='ltr'><strong><em>διὰ</em></strong></span> <span class='ocrx_word' id='word_1_51' title='bbox 1012 617 1058 659; x_wconf 80' lang='grc' dir='ltr'><strong><em>τὸ</em></strong></span> <span class='ocrx_word' id='word_1_52' title='bbox 1098 619 1173 660; x_wconf 74' lang='grc' dir='ltr'><strong><em>τοῦ</em></strong></span> <span class='ocrx_word' id='word_1_53' title='bbox 1199 615 1463 673; x_wconf 81' lang='grc' dir='ltr'><strong><em>φρονήματος</em></strong></span> <span class='ocrx_word' id='word_1_54' title='bbox 1500 618 1680 668; x_wconf 82' lang='grc' dir='ltr'><strong><em>μέτριον.</em></strong></span> 
     </span>
     <span class='ocr_line' id='line_1_8' title="bbox 239 678 1681 737; baseline -0.003 -11.944"><span class='ocrx_word' id='word_1_55' title='bbox 239 684 376 737; x_wconf 76' lang='grc' dir='ltr'><strong><em>ἡμεῖς</em></strong></span> <span class='ocrx_word' id='word_1_56' title='bbox 419 685 465 725; x_wconf 77' lang='grc' dir='ltr'><strong><em>δὲ</em></strong></span> <span class='ocrx_word' id='word_1_57' title='bbox 493 682 538 724; x_wconf 82' lang='grc' dir='ltr'><strong><em>τὸ</em></strong></span> <span class='ocrx_word' id='word_1_58' title='bbox 568 685 731 725; x_wconf 79' lang='grc' dir='ltr'><strong><em>ἐκείνων</em></strong></span> <span class='ocrx_word' id='word_1_59' title='bbox 761 684 977 737; x_wconf 81' lang='grc' dir='ltr'><strong><em>ὑπέροφρυ</em></strong></span> <span class='ocrx_word' id='word_1_60' title='bbox 1008 684 1080 724; x_wconf 85' lang='grc' dir='ltr'><em>καί</em></span> <span class='ocrx_word' id='word_1_61' title='bbox 1116 680 1160 724; x_wconf 86' lang='grc' dir='ltr'><strong><em>τὸ</em></strong></span> <span class='ocrx_word' id='word_1_62' title='bbox 1192 679 1401 736; x_wconf 88' lang='grc' dir='ltr'><strong><em>κοαπηρὸν</em></strong></span> <span class='ocrx_word' id='word_1_63' title='bbox 1439 697 1506 722; x_wconf 88' lang='grc' dir='ltr'><strong><em>και</em></strong></span> <span class='ocrx_word' id='word_1_64' title='bbox 1533 678 1681 732; x_wconf 81' lang='grc' dir='ltr'><strong><em>σεμνὸν</em></strong></span> 
     </span>
     <span class='ocr_line' id='line_1_9' title="bbox 216 743 1682 828; baseline -0.002 -40"><span class='ocrx_word' id='word_1_65' title='bbox 216 747 332 790; x_wconf 70' lang='lat' dir='ltr'>Duae</span> <span class='ocrx_word' id='word_1_66' title='bbox 358 746 434 802; x_wconf 76' lang='grc' dir='ltr'><strong><em>τήν</em></strong></span> <span class='ocrx_word' id='word_1_67' title='bbox 460 746 642 828; x_wconf 81' lang='grc' dir='ltr'><strong><em>κόρυζαν</em></strong></span> <span class='ocrx_word' id='word_1_68' title='bbox 672 744 738 790; x_wconf 83' lang='grc' dir='ltr'><strong><em>οιά</em></strong></span> <span class='ocrx_word' id='word_1_69' title='bbox 767 763 857 788; x_wconf 89' lang='grc' dir='ltr'><strong><em>τινα</em></strong></span> <span class='ocrx_word' id='word_1_70' title='bbox 895 745 1081 802; x_wconf 77' lang='grc' dir='ltr'><strong><em>κεφαλήν</em></strong></span> <span class='ocrx_word' id='word_1_71' title='bbox 1120 763 1203 788; x_wconf 84' lang='grc' dir='ltr'><strong><em>ανω</em></strong></span> <span class='ocrx_word' id='word_1_72' title='bbox 1241 745 1568 799; x_wconf 79' lang='grc' dir='ltr'><strong><em>ὑποβλεπόμενοι</em></strong></span> <span class='ocrx_word' id='word_1_73' title='bbox 1601 743 1682 786; x_wconf 84' lang='grc' dir='ltr'><strong><em>τει-</em></strong></span> 
     </span>
     <span class='ocr_line' id='line_1_10' title="bbox 259 810 1679 867; baseline -0.004 -13"><span class='ocrx_word' id='word_1_74' title='bbox 259 827 441 865; x_wconf 82' lang='grc' dir='ltr'><strong><em>νουσαν,</em></strong></span> <span class='ocrx_word' id='word_1_75' title='bbox 470 814 532 854; x_wconf 80' lang='grc' dir='ltr'><strong><em>ἐπ</em></strong></span> <span class='ocrx_word' id='word_1_76' title='bbox 563 812 693 867; x_wconf 77' lang='grc' dir='ltr'><strong><em>αυτῆς</em></strong></span> <span class='ocrx_word' id='word_1_77' title='bbox 720 829 792 866; x_wconf 81' lang='grc' dir='ltr'><strong><em>την</em></strong></span> <span class='ocrx_word' id='word_1_78' title='bbox 820 813 988 865; x_wconf 82' lang='grc' dir='ltr'><strong><em>πορείαν</em></strong></span> <span class='ocrx_word' id='word_1_79' title='bbox 1018 813 1224 864; x_wconf 70' lang='grc' dir='ltr'><strong><em>τιθέμεθα</em></strong></span> <span class='ocrx_word' id='word_1_80' title='bbox 1253 814 1435 867; x_wconf 83' lang='grc' dir='ltr'><strong><em>φλωντες</em></strong></span> <span class='ocrx_word' id='word_1_81' title='bbox 1475 812 1517 859; x_wconf 79' lang='grc' dir='ltr'><strong><em>ἐς</em></strong></span> <span class='ocrx_word' id='word_1_82' title='bbox 1555 810 1679 863; x_wconf 79' lang='grc' dir='ltr'><strong><em>δενρο</em></strong></span> 
     </span>
     <span class='ocr_line' id='line_1_11' title="bbox 261 871 1744 934; baseline -0.004 -16"><span class='ocrx_word' id='word_1_83' title='bbox 261 878 313 934; x_wconf 82' lang='grc' dir='ltr'><strong><em>τῇ</em></strong></span> <span class='ocrx_word' id='word_1_84' title='bbox 342 877 516 929; x_wconf 77' lang='grc' dir='ltr'><strong><em>δυνάμει</em></strong></span> <span class='ocrx_word' id='word_1_85' title='bbox 547 878 734 931; x_wconf 83' lang='grc' dir='ltr'><strong><em>Χριστοῦ</em></strong></span> <span class='ocrx_word' id='word_1_86' title='bbox 760 878 836 919; x_wconf 82' lang='grc' dir='ltr'><strong><em>τοῦ</em></strong></span> <span class='ocrx_word' id='word_1_87' title='bbox 863 882 1005 918; x_wconf 84' lang='grc' dir='ltr'><strong><em>πατεῖν</em></strong></span> <span class='ocrx_word' id='word_1_88' title='bbox 1037 873 1179 918; x_wconf 75' lang='grc' dir='ltr'><strong><em>ἐπάνω</em></strong></span> <span class='ocrx_word' id='word_1_89' title='bbox 1206 871 1341 931; x_wconf 72' lang='grc' dir='ltr'><strong><em>ὄφεων</em></strong></span> <span class='ocrx_word' id='word_1_90' title='bbox 1379 877 1450 917; x_wconf 80' lang='grc' dir='ltr'>καί</span> <span class='ocrx_word' id='word_1_91' title='bbox 1475 876 1680 928; x_wconf 82' lang='grc' dir='ltr'><strong><em>σκορπίων</em></strong></span> <span class='ocrx_word' id='word_1_92' title='bbox 1697 887 1744 912; x_wconf 89' lang='grc' dir='ltr'><strong><em>ιο</em></strong></span> 
     </span>
     <span class='ocr_line' id='line_1_12' title="bbox 262 934 1683 996; baseline -0.001 -13"><span class='ocrx_word' id='word_1_93' title='bbox 262 944 453 992; x_wconf 72' lang='grc' dir='ltr'><strong><em>ἐξουσίαν</em></strong></span> <span class='ocrx_word' id='word_1_94' title='bbox 477 940 751 996; x_wconf 78' lang='grc' dir='ltr'><strong><em>βραβεύοντος</em></strong></span> <span class='ocrx_word' id='word_1_95' title='bbox 780 942 850 982; x_wconf 77' lang='grc' dir='ltr'>καί</span> <span class='ocrx_word' id='word_1_96' title='bbox 886 939 929 982; x_wconf 86' lang='grc' dir='ltr'><strong><em>τὸ</em></strong></span> <span class='ocrx_word' id='word_1_97' title='bbox 961 941 1091 995; x_wconf 79' lang='grc' dir='ltr'><strong><em>μηδὲν</em></strong></span> <span class='ocrx_word' id='word_1_98' title='bbox 1125 942 1320 982; x_wconf 75' lang='grc' dir='ltr'><strong><em>ἐντεῦθεν</em></strong></span> <span class='ocrx_word' id='word_1_99' title='bbox 1362 943 1514 982; x_wconf 74' lang='grc' dir='ltr'><strong><em>παθεῖν</em></strong></span> <span class='ocrx_word' id='word_1_100' title='bbox 1546 934 1574 994; x_wconf 79' lang='grc' dir='ltr'><strong><em>ἢ</em></strong></span> <span class='ocrx_word' id='word_1_101' title='bbox 1611 938 1683 981; x_wconf 73' lang='grc' dir='ltr'><strong><em>καὶ</em></strong></span> 
     </span>
     <span class='ocr_line' id='line_1_13' title="bbox 263 1007 770 1060; baseline -0.002 -13"><span class='ocrx_word' id='word_1_102' title='bbox 263 1007 490 1060; x_wconf 67' lang='grc' dir='ltr'><strong><em>ἠδικῆσθαι</em></strong></span> <span class='ocrx_word' id='word_1_103' title='bbox 509 1007 770 1059; x_wconf 79' lang='grc' dir='ltr'><strong><em>παρέχοντος.</em></strong></span> 
     </span>
     <span class='ocr_line' id='line_1_14' title="bbox 370 1065 1681 1127; baseline -0.003 -14"><span class='ocrx_word' id='word_1_104' title='bbox 370 1071 464 1113; x_wconf 72' lang='grc' dir='ltr'><strong><em>Καὶ</em></strong></span> <span class='ocrx_word' id='word_1_105' title='bbox 494 1067 602 1127; x_wconf 81' lang='grc' dir='ltr'><strong><em>οὕτω</em></strong></span> <span class='ocrx_word' id='word_1_106' title='bbox 629 1072 727 1123; x_wconf 83' lang='grc' dir='ltr'><strong><em>μὲν,</em></strong></span> <span class='ocrx_word' id='word_1_107' title='bbox 756 1071 826 1112; x_wconf 81' lang='grc' dir='ltr'><strong><em>ἵνα</em></strong></span> <span class='ocrx_word' id='word_1_108' title='bbox 854 1073 946 1111; x_wconf 75' lang='grc' dir='ltr'><strong><em>καθ’</em></strong></span> <span class='ocrx_word' id='word_1_109' title='bbox 976 1070 1119 1124; x_wconf 78' lang='grc' dir='ltr'><strong><em>εἱρμὸν</em></strong></span> <span class='ocrx_word' id='word_1_110' title='bbox 1148 1065 1272 1120; x_wconf 74' lang='grc' dir='ltr'><strong><em>αὖθις</em></strong></span> <span class='ocrx_word' id='word_1_111' title='bbox 1300 1073 1420 1127; x_wconf 76' lang='grc' dir='ltr'><strong><em>προΐῃ</em></strong></span> <span class='ocrx_word' id='word_1_112' title='bbox 1453 1068 1498 1111; x_wconf 89' lang='grc' dir='ltr'><strong><em>τὸ</em></strong></span> <span class='ocrx_word' id='word_1_113' title='bbox 1525 1070 1681 1123; x_wconf 77' lang='grc' dir='ltr'><strong><em>λέγειν,</em></strong></span> 
     </span>
     <span class='ocr_line' id='line_1_15' title="bbox 265 1133 1683 1190; baseline -0.001 -13"><span class='ocrx_word' id='word_1_114' title='bbox 265 1137 285 1177; x_wconf 83' lang='grc' dir='ltr'>ὁ</span> <span class='ocrx_word' id='word_1_115' title='bbox 316 1133 520 1184; x_wconf 78' lang='grc' dir='ltr'><strong><em>Σικελικὸς</em></strong></span> <span class='ocrx_word' id='word_1_116' title='bbox 546 1134 721 1189; x_wconf 88' lang='grc' dir='ltr'><strong><em>στρατὸς</em></strong></span> <span class='ocrx_word' id='word_1_117' title='bbox 745 1138 816 1189; x_wconf 75' lang='grc' dir='ltr'><strong><em>τῆς</em></strong></span> <span class='ocrx_word' id='word_1_118' title='bbox 843 1135 1000 1184; x_wconf 82' lang='grc' dir='ltr'><strong><em>πόλεως</em></strong></span> <span class='ocrx_word' id='word_1_119' title='bbox 1031 1138 1332 1190; x_wconf 83' lang='grc' dir='ltr'><strong><em>Θεσσαλονίκης</em></strong></span> <span class='ocrx_word' id='word_1_120' title='bbox 1367 1134 1483 1177; x_wconf 75' lang='grc' dir='ltr'><strong><em>ἔνδον</em></strong></span> <span class='ocrx_word' id='word_1_121' title='bbox 1516 1133 1683 1188; x_wconf 78' lang='grc' dir='ltr'><strong><em>γενόμε-</em></strong></span> 
     </span>
     <span class='ocr_line' id='line_1_16' title="bbox 264 1195 1746 1257; baseline 0.001 -15"><span class='ocrx_word' id='word_1_122' title='bbox 264 1215 331 1249; x_wconf 88' lang='grc' dir='ltr'><strong><em>νος</em></strong></span> <span class='ocrx_word' id='word_1_123' title='bbox 358 1197 437 1241; x_wconf 79' lang='grc' dir='ltr'><strong><em>ὅσα</em></strong></span> <span class='ocrx_word' id='word_1_124' title='bbox 463 1198 536 1240; x_wconf 80' lang='grc' dir='ltr'><em>καί</em></span> <span class='ocrx_word' id='word_1_125' title='bbox 560 1196 628 1250; x_wconf 83' lang='grc' dir='ltr'><strong><em>οἷα</em></strong></span> <span class='ocrx_word' id='word_1_126' title='bbox 654 1199 712 1253; x_wconf 76' lang='grc' dir='ltr'><strong><em>μὴ</em></strong></span> <span class='ocrx_word' id='word_1_127' title='bbox 738 1200 821 1257; x_wconf 73' lang='grc' dir='ltr'><strong><em>θεῷ</em></strong></span> <span class='ocrx_word' id='word_1_128' title='bbox 849 1201 950 1255; x_wconf 80' lang='grc' dir='ltr'><strong><em>φίλα</em></strong></span> <span class='ocrx_word' id='word_1_129' title='bbox 977 1200 1177 1252; x_wconf 81' lang='grc' dir='ltr'><strong><em>τετέλεκε,</em></strong></span> <span class='ocrx_word' id='word_1_130' title='bbox 1203 1199 1305 1242; x_wconf 72' lang='grc' dir='ltr'><strong><em>κατὰ</em></strong></span> <span class='ocrx_word' id='word_1_131' title='bbox 1334 1199 1408 1253; x_wconf 76' lang='grc' dir='ltr'><strong><em>τήν</em></strong></span> <span class='ocrx_word' id='word_1_132' title='bbox 1435 1201 1553 1253; x_wconf 74' lang='grc' dir='ltr'><strong><em>ἕκτην</em></strong></span> <span class='ocrx_word' id='word_1_133' title='bbox 1580 1195 1683 1252; x_wconf 79' lang='grc' dir='ltr'><strong><em>ἧμέ-</em></strong></span> <span class='ocrx_word' id='word_1_134' title='bbox 1701 1202 1746 1243; x_wconf 83' lang='grc'><strong><em>15</em></strong></span> 
     </span>
     <span class='ocr_line' id='line_1_17' title="bbox 266 1261 1684 1319; baseline -0.001 -13"><span class='ocrx_word' id='word_1_135' title='bbox 266 1281 343 1319; x_wconf 89' lang='grc' dir='ltr'><strong><em>ραν</em></strong></span> <span class='ocrx_word' id='word_1_136' title='bbox 385 1266 460 1306; x_wconf 76' lang='grc' dir='ltr'><strong><em>τοῦ</em></strong></span> <span class='ocrx_word' id='word_1_137' title='bbox 494 1261 744 1318; x_wconf 68' lang='grc' dir='ltr'><strong><em>Αὐγούστου</em></strong></span> <span class='ocrx_word' id='word_1_138' title='bbox 781 1264 933 1318; x_wconf 86' lang='grc' dir='ltr'><strong><em>μηνός,</em></strong></span> <span class='ocrx_word' id='word_1_139' title='bbox 972 1266 1046 1318; x_wconf 83' lang='grc' dir='ltr'><strong><em>τῆς</em></strong></span> <span class='ocrx_word' id='word_1_140' title='bbox 1090 1267 1231 1319; x_wconf 87' lang='grc' dir='ltr'><strong><em>τρίτης</em></strong></span> <span class='ocrx_word' id='word_1_141' title='bbox 1263 1263 1563 1318; x_wconf 78' lang='grc' dir='ltr'><strong><em>ἐπινεμήσεως,</em></strong></span> <span class='ocrx_word' id='word_1_142' title='bbox 1608 1265 1684 1305; x_wconf 81' lang='grc' dir='ltr'><strong><em>τοῦ</em></strong></span> 
     </span>
     <span class='ocr_line' id='line_1_18' title="bbox 265 1325 1684 1384; baseline -0.001 -13"><span class='ocrx_word' id='word_1_143' title='bbox 265 1329 551 1384; x_wconf 78' lang='grc' dir='ltr'><strong><em>ἑξαχιλιοστοῦ</em></strong></span> <span class='ocrx_word' id='word_1_144' title='bbox 577 1325 864 1379; x_wconf 80' lang='grc' dir='ltr'><strong><em>εξακοσιοστοῦ</em></strong></span> <span class='ocrx_word' id='word_1_145' title='bbox 901 1330 1165 1382; x_wconf 81' lang='grc' dir='ltr'><strong><em>ε’νενηκοστοῦ</em></strong></span> <span class='ocrx_word' id='word_1_146' title='bbox 1192 1345 1261 1370; x_wconf 88' lang='grc' dir='ltr'><strong><em>και</em></strong></span> <span class='ocrx_word' id='word_1_147' title='bbox 1289 1331 1428 1383; x_wconf 82' lang='grc' dir='ltr'><strong><em>τρίτου</em></strong></span> <span class='ocrx_word' id='word_1_148' title='bbox 1458 1326 1576 1377; x_wconf 82' lang='grc' dir='ltr'><strong><em>ἔτους</em></strong></span> <span class='ocrx_word' id='word_1_149' title='bbox 1614 1329 1684 1381; x_wconf 83' lang='grc' dir='ltr'><strong><em>τῆς</em></strong></span> 
     </span>
     <span class='ocr_line' id='line_1_19' title="bbox 266 1389 1686 1448; baseline -0.001 -13"><span class='ocrx_word' id='word_1_150' title='bbox 266 1394 540 1447; x_wconf 80' lang='grc' dir='ltr'><strong><em>τειχομαχίας</em></strong></span> <span class='ocrx_word' id='word_1_151' title='bbox 585 1390 835 1448; x_wconf 77' lang='grc' dir='ltr'><strong><em>ἇρξαμενος,</em></strong></span> <span class='ocrx_word' id='word_1_152' title='bbox 880 1409 949 1435; x_wconf 86' lang='grc' dir='ltr'><strong><em>και</em></strong></span> <span class='ocrx_word' id='word_1_153' title='bbox 991 1392 1256 1447; x_wconf 77' lang='grc' dir='ltr'><strong><em>συμπεράνας</em></strong></span> <span class='ocrx_word' id='word_1_154' title='bbox 1298 1392 1449 1447; x_wconf 79' lang='grc' dir='ltr'><strong><em>ταύτην</em></strong></span> <span class='ocrx_word' id='word_1_155' title='bbox 1492 1389 1686 1446; x_wconf 68' lang='grc' dir='ltr'><strong><em>ἀβλαβως</em></strong></span> 
     </span>
     <span class='ocr_line' id='line_1_20' title="bbox 267 1455 1684 1532; baseline -0.001 -33"><span class='ocrx_word' id='word_1_156' title='bbox 267 1456 404 1515; x_wconf 77' lang='grc' dir='ltr'><strong><em>εαυτῷ</em></strong></span> <span class='ocrx_word' id='word_1_157' title='bbox 430 1459 559 1514; x_wconf 81' lang='grc' dir='ltr'><strong><em>πάντη</em></strong></span> <span class='ocrx_word' id='word_1_158' title='bbox 587 1474 690 1500; x_wconf 90' lang='grc' dir='ltr'><strong><em>κατα</em></strong></span> <span class='ocrx_word' id='word_1_159' title='bbox 718 1474 790 1512; x_wconf 88' lang='grc' dir='ltr'><strong><em>την</em></strong></span> <span class='ocrx_word' id='word_1_160' title='bbox 817 1458 1003 1511; x_wconf 81' lang='grc' dir='ltr'><strong><em>πέμπτην</em></strong></span> <span class='ocrx_word' id='word_1_161' title='bbox 1029 1473 1098 1499; x_wconf 89' lang='grc' dir='ltr'><strong><em>και</em></strong></span> <span class='ocrx_word' id='word_1_162' title='bbox 1129 1455 1304 1532; x_wconf 80' lang='grc' dir='ltr'><strong><em>δεκάτην</em></strong></span> <span class='ocrx_word' id='word_1_163' title='bbox 1332 1460 1408 1499; x_wconf 81' lang='grc' dir='ltr'><strong><em>τοῦ</em></strong></span> <span class='ocrx_word' id='word_1_164' title='bbox 1436 1460 1568 1499; x_wconf 57' lang='lat' dir='ltr'>adro&amp;</span> <span class='ocrx_word' id='word_1_165' title='bbox 1602 1474 1684 1510; x_wconf 85' lang='grc' dir='ltr'><strong><em>μη-</em></strong></span> 
     </span>
     <span class='ocr_line' id='line_1_21' title="bbox 254 1519 1748 1576; baseline -0.001 -9"><span class='ocrx_word' id='word_1_166' title='bbox 254 1520 351 1572; x_wconf 79' lang='grc' dir='ltr'><strong><em>νός.</em></strong></span> <span class='ocrx_word' id='word_1_167' title='bbox 410 1523 460 1563; x_wconf 85' lang='grc' dir='ltr'><strong><em>ου</em></strong></span> <span class='ocrx_word' id='word_1_168' title='bbox 489 1520 617 1576; x_wconf 89' lang='grc' dir='ltr'><strong><em>μόνον</em></strong></span> <span class='ocrx_word' id='word_1_169' title='bbox 644 1521 806 1575; x_wconf 79' lang='grc' dir='ltr'><strong><em>τοίνυν,</em></strong></span> <span class='ocrx_word' id='word_1_170' title='bbox 838 1519 894 1571; x_wconf 75' lang='grc' dir='ltr'><strong><em>ὥς</em></strong></span> <span class='ocrx_word' id='word_1_171' title='bbox 921 1521 1136 1575; x_wconf 81' lang='grc' dir='ltr'><strong><em>ἐλέγομεν,</em></strong></span> <span class='ocrx_word' id='word_1_172' title='bbox 1163 1524 1238 1563; x_wconf 81' lang='grc' dir='ltr'><strong><em>τοῦ</em></strong></span> <span class='ocrx_word' id='word_1_173' title='bbox 1265 1523 1446 1575; x_wconf 84' lang='grc' dir='ltr'><strong><em>πολέμου</em></strong></span> <span class='ocrx_word' id='word_1_174' title='bbox 1472 1520 1684 1574; x_wconf 73' lang='grc' dir='ltr'><strong><em>ἐνισταμέ-</em></strong></span> <span class='ocrx_word' id='word_1_175' title='bbox 1697 1541 1748 1565; x_wconf 80' lang='lat'><strong><em>20</em></strong></span> 
     </span>
     <span class='ocr_line' id='line_1_22' title="bbox 269 1583 1683 1640; baseline -0.002 -9"><span class='ocrx_word' id='word_1_176' title='bbox 269 1602 341 1631; x_wconf 71' lang='grc' dir='ltr'><strong><em>νου</em></strong></span> <span class='ocrx_word' id='word_1_177' title='bbox 381 1586 433 1628; x_wconf 74' lang='grc' dir='ltr'><strong><em>τὰ</em></strong></span> <span class='ocrx_word' id='word_1_178' title='bbox 475 1590 558 1629; x_wconf 74' lang='grc' dir='ltr'><strong><em>τῶν</em></strong></span> <span class='ocrx_word' id='word_1_179' title='bbox 602 1583 709 1629; x_wconf 75' lang='grc' dir='ltr'><strong><em>ὅλων</em></strong></span> <span class='ocrx_word' id='word_1_180' title='bbox 749 1585 1004 1629; x_wconf 76' lang='grc' dir='ltr'><strong><em>πεπόνθασιν</em></strong></span> <span class='ocrx_word' id='word_1_181' title='bbox 1043 1586 1081 1629; x_wconf 84' lang='grc' dir='ltr'><strong><em>οἱ</em></strong></span> <span class='ocrx_word' id='word_1_182' title='bbox 1121 1589 1437 1635; x_wconf 83' lang='grc' dir='ltr'><strong><em>Θεσσαλονικεῖς-</em></strong></span> <span class='ocrx_word' id='word_1_183' title='bbox 1473 1589 1683 1640; x_wconf 84' lang='grc' dir='ltr'><strong><em>χείριστα,</em></strong></span> 
     </span>
     <span class='ocr_line' id='line_1_23' title="bbox 270 1649 1686 1707; baseline -0.001 -15"><span class='ocrx_word' id='word_1_184' title='bbox 270 1651 372 1693; x_wconf 79' lang='grc' dir='ltr'><strong><em>α’λλοὶ</em></strong></span> <span class='ocrx_word' id='word_1_185' title='bbox 402 1650 474 1693; x_wconf 76' lang='grc' dir='ltr'><strong><em>καὶ</em></strong></span> <span class='ocrx_word' id='word_1_186' title='bbox 499 1651 646 1694; x_wconf 79' lang='grc' dir='ltr'><strong><em>τούτου</em></strong></span> <span class='ocrx_word' id='word_1_187' title='bbox 675 1649 867 1706; x_wconf 73' lang='grc' dir='ltr'><strong><em>λήξαντος</em></strong></span> <span class='ocrx_word' id='word_1_188' title='bbox 895 1654 970 1692; x_wconf 89' lang='grc' dir='ltr'><strong><em>ου’κ</em></strong></span> <span class='ocrx_word' id='word_1_189' title='bbox 997 1650 1173 1706; x_wconf 79' lang='grc' dir='ltr'><strong><em>ἔρρεψεν</em></strong></span> <span class='ocrx_word' id='word_1_190' title='bbox 1202 1650 1226 1706; x_wconf 80' lang='grc' dir='ltr'><strong><em>ἦ</em></strong></span> <span class='ocrx_word' id='word_1_191' title='bbox 1258 1650 1366 1706; x_wconf 77' lang='grc' dir='ltr'><strong><em>τύχη</em></strong></span> <span class='ocrx_word' id='word_1_192' title='bbox 1393 1650 1497 1707; x_wconf 80' lang='grc' dir='ltr'><strong><em>πρὸς</em></strong></span> <span class='ocrx_word' id='word_1_193' title='bbox 1532 1651 1577 1692; x_wconf 82' lang='grc' dir='ltr'><strong><em>τὸ</em></strong></span> <span class='ocrx_word' id='word_1_194' title='bbox 1615 1667 1686 1706; x_wconf 80' lang='grc' dir='ltr'><strong><em>φι-</em></strong></span> 
     </span>
     <span class='ocr_line' id='line_1_24' title="bbox 269 1713 1685 1773; baseline -0.001 -15"><span class='ocrx_word' id='word_1_195' title='bbox 269 1715 537 1773; x_wconf 72' lang='grc' dir='ltr'><strong><em>λάνθρωπον,</em></strong></span> <span class='ocrx_word' id='word_1_196' title='bbox 568 1717 660 1757; x_wconf 75' lang='grc' dir='ltr'><strong><em>οὐδ’</em></strong></span> <span class='ocrx_word' id='word_1_197' title='bbox 687 1717 840 1760; x_wconf 70' lang='grc' dir='ltr'><strong><em>ε’,νεῖδον</em></strong></span> <span class='ocrx_word' id='word_1_198' title='bbox 863 1718 1005 1766; x_wconf 72' lang='grc' dir='ltr'><strong><em>αὐτοῖς</em></strong></span> <span class='ocrx_word' id='word_1_199' title='bbox 1033 1716 1070 1757; x_wconf 83' lang='grc' dir='ltr'><strong><em>οἱ</em></strong></span> <span class='ocrx_word' id='word_1_200' title='bbox 1091 1715 1501 1769; x_wconf 80' lang='grc' dir='ltr'><strong><em>αἰχμαλωτεύσανῐες</em></strong></span> <span class='ocrx_word' id='word_1_201' title='bbox 1521 1713 1685 1771; x_wconf 76' lang='grc' dir='ltr'><strong><em>ἥμερον·</em></strong></span> 
     </span>
    </p>
   </div>
   <div class='ocr_carea' id='block_1_3' title="bbox 360 1831 1686 1966">
    <p class='ocr_par' dir='ltr' id='par_1_3' title="bbox 360 1831 1686 1965">
     <span class='ocr_line' id='line_1_25' title="bbox 361 1831 1686 1923; baseline -0.002 -50"><span class='ocrx_word' id='word_1_202' title='bbox 361 1850 390 1873; x_wconf 79' lang='lat'><strong><em>2.</em></strong></span> <span class='ocrx_word' id='word_1_203' title='bbox 410 1837 643 1923; x_wconf 57' lang='grc' dir='ltr'><strong><em>ἰεἰ1.ἠχ«ειιιει;)]</em></strong></span> <span class='ocrx_word' id='word_1_204' title='bbox 677 1839 918 1885; x_wconf 71' lang='grc' dir='ltr'><strong><em>κληροῦμεθα</em></strong></span> <span class='ocrx_word' id='word_1_205' title='bbox 935 1839 973 1872; x_wconf 84' lang='grc' dir='ltr'><strong><em>Δ.</em></strong></span> <span class='ocrx_word' id='word_1_206' title='bbox 1067 1838 1098 1871; x_wconf 78' lang='grc'><strong><em>3.</em></strong></span> <span class='ocrx_word' id='word_1_207' title='bbox 1123 1831 1183 1894; x_wconf 76' lang='grc' dir='ltr'><strong><em>τα]</em></strong></span> <span class='ocrx_word' id='word_1_208' title='bbox 1210 1851 1257 1876; x_wconf 84' lang='grc' dir='ltr'><strong><em>ως</em></strong></span> <span class='ocrx_word' id='word_1_209' title='bbox 1282 1851 1324 1873; x_wconf 81' lang='lat' dir='ltr'><em>w</em></span> <span class='ocrx_word' id='word_1_210' title='bbox 1349 1840 1387 1871; x_wconf 81' lang='lat' dir='ltr'><strong><em>A.</em></strong></span> <span class='ocrx_word' id='word_1_211' title='bbox 1493 1838 1524 1880; x_wconf 68' lang='grc'><strong><em>4.</em></strong></span> <span class='ocrx_word' id='word_1_212' title='bbox 1553 1837 1686 1892; x_wconf 77' lang='grc' dir='ltr'><strong><em>ὖπερη-</em></strong></span> 
     </span>
     <span class='ocr_line' id='line_1_26' title="bbox 360 1880 1684 1966; baseline -0.001 -48"><span class='ocrx_word' id='word_1_213' title='bbox 360 1883 584 1966; x_wconf 46' lang='grc' dir='ltr'><strong><em>ἓξνεαὲςὶαῗξ</em></strong></span> <span class='ocrx_word' id='word_1_214' title='bbox 640 1888 872 1931; x_wconf 75' lang='grc' dir='ltr'><strong><em>περηφανίας</em></strong></span> <span class='ocrx_word' id='word_1_215' title='bbox 905 1885 944 1918; x_wconf 83' lang='grc' dir='ltr'><strong><em>Α.</em></strong></span> <span class='ocrx_word' id='word_1_216' title='bbox 1070 1895 1119 1918; x_wconf 91' lang='grc' dir='ltr'><strong><em>ιι</em></strong></span> <span class='ocrx_word' id='word_1_217' title='bbox 1149 1881 1170 1930; x_wconf 75' lang='grc' dir='ltr'><em>ἢ</em></span> <span class='ocrx_word' id='word_1_218' title='bbox 1194 1888 1292 1932; x_wconf 76' lang='grc' dir='ltr'><strong><em>γοῦν</em></strong></span> <span class='ocrx_word' id='word_1_219' title='bbox 1315 1886 1362 1925; x_wconf 83' lang='lat' dir='ltr'><strong><em>A,</em></strong></span> <span class='ocrx_word' id='word_1_220' title='bbox 1387 1883 1408 1927; x_wconf 79' lang='grc' dir='ltr'><strong><em>ἧ</em></strong></span> <span class='ocrx_word' id='word_1_221' title='bbox 1433 1882 1555 1929; x_wconf 77' lang='grc' dir='ltr'><strong><em>μόνον</em></strong></span> <span class='ocrx_word' id='word_1_222' title='bbox 1578 1880 1617 1918; x_wconf 79' lang='grc' dir='ltr'><strong><em>τὸ</em></strong></span> <span class='ocrx_word' id='word_1_223' title='bbox 1649 1885 1684 1917; x_wconf 83' lang='grc' dir='ltr'><strong><em>Ρ.</em></strong></span> 
     </span>
    </p>
   </div>
   <div class='ocr_carea' id='block_1_4' title="bbox 267 2030 1686 2352">
    <p class='ocr_par' dir='ltr' id='par_1_4' title="bbox 267 2030 1686 2352">
     <span class='ocr_line' id='line_1_27' title="bbox 269 2030 1684 2075; baseline 0.002 -12"><span class='ocrx_word' id='word_1_224' title='bbox 269 2030 474 2063; x_wconf 82' lang='lat' dir='ltr'>inimicitias</span> <span class='ocrx_word' id='word_1_225' title='bbox 502 2030 592 2063; x_wconf 84' lang='lat' dir='ltr'>clam</span> <span class='ocrx_word' id='word_1_226' title='bbox 618 2031 728 2065; x_wconf 82' lang='lat' dir='ltr'>alunt.</span> <span class='ocrx_word' id='word_1_227' title='bbox 756 2033 786 2064; x_wconf 85' lang='lat' dir='ltr'><strong><em>si</em></strong></span> <span class='ocrx_word' id='word_1_228' title='bbox 808 2032 950 2065; x_wconf 83' lang='lat' dir='ltr'>blandis</span> <span class='ocrx_word' id='word_1_229' title='bbox 974 2032 1090 2065; x_wconf 88' lang='lat' dir='ltr'>verbis</span> <span class='ocrx_word' id='word_1_230' title='bbox 1117 2036 1152 2065; x_wconf 90' lang='lat' dir='ltr'><strong><em>et</em></strong></span> <span class='ocrx_word' id='word_1_231' title='bbox 1178 2032 1258 2065; x_wconf 91' lang='lat' dir='ltr'>oleo</span> <span class='ocrx_word' id='word_1_232' title='bbox 1275 2032 1499 2065; x_wconf 85' lang='lat' dir='ltr'><strong>mollioribus</strong></span> <span class='ocrx_word' id='word_1_233' title='bbox 1525 2036 1684 2075; x_wconf 86' lang='lat' dir='ltr'>utuntur,</span> 
     </span>
     <span class='ocr_line' id='line_1_28' title="bbox 269 2077 1685 2121; baseline 0.002 -12"><span class='ocrx_word' id='word_1_234' title='bbox 269 2077 385 2109; x_wconf 78' lang='lat' dir='ltr'>iacula</span> <span class='ocrx_word' id='word_1_235' title='bbox 410 2082 446 2109; x_wconf 84' lang='lat' dir='ltr'><strong><em>et</em></strong></span> <span class='ocrx_word' id='word_1_236' title='bbox 471 2077 643 2120; x_wconf 86' lang='lat' dir='ltr'>ancipites</span> <span class='ocrx_word' id='word_1_237' title='bbox 669 2078 779 2121; x_wconf 81' lang='lat' dir='ltr'>gladii</span> <span class='ocrx_word' id='word_1_238' title='bbox 803 2079 840 2110; x_wconf 88' lang='lat' dir='ltr'><strong><em>in</em></strong></span> <span class='ocrx_word' id='word_1_239' title='bbox 864 2080 906 2111; x_wconf 86' lang='lat' dir='ltr'><strong><em>iis</em></strong></span> <span class='ocrx_word' id='word_1_240' title='bbox 923 2078 1146 2111; x_wconf 83' lang='lat' dir='ltr'>delitescunt.</span> <span class='ocrx_word' id='word_1_241' title='bbox 1171 2083 1272 2111; x_wconf 77' lang='lat' dir='ltr'>tanto</span> <span class='ocrx_word' id='word_1_242' title='bbox 1288 2078 1486 2111; x_wconf 83' lang='lat' dir='ltr'>discordiae</span> <span class='ocrx_word' id='word_1_243' title='bbox 1510 2079 1604 2112; x_wconf 80' lang='lat' dir='ltr'>vallo</span> <span class='ocrx_word' id='word_1_244' title='bbox 1628 2080 1685 2112; x_wconf 86' lang='lat' dir='ltr'><strong><em>iu-</em></strong></span> 
     </span>
     <span class='ocr_line' id='line_1_29' title="bbox 268 2122 1686 2168; baseline 0.001 -12"><span class='ocrx_word' id='word_1_245' title='bbox 268 2123 380 2156; x_wconf 86' lang='lat' dir='ltr'>vicem</span> <span class='ocrx_word' id='word_1_246' title='bbox 405 2122 571 2166; x_wconf 82' lang='lat' dir='ltr'>dirempti</span> <span class='ocrx_word' id='word_1_247' title='bbox 596 2133 739 2164; x_wconf 81' lang='lat' dir='ltr'>sumus,</span> <span class='ocrx_word' id='word_1_248' title='bbox 765 2135 831 2157; x_wconf 91' lang='lat' dir='ltr'><strong><em>nec</em></strong></span> <span class='ocrx_word' id='word_1_249' title='bbox 855 2125 929 2156; x_wconf 87' lang='lat' dir='ltr'>ullo</span> <span class='ocrx_word' id='word_1_250' title='bbox 946 2125 1052 2157; x_wconf 89' lang='lat' dir='ltr'>modo</span> <span class='ocrx_word' id='word_1_251' title='bbox 1077 2125 1186 2156; x_wconf 80' lang='lat' dir='ltr'>animi</span> <span class='ocrx_word' id='word_1_252' title='bbox 1212 2125 1489 2168; x_wconf 81' lang='lat' dir='ltr'>coniungentur,</span> <span class='ocrx_word' id='word_1_253' title='bbox 1516 2125 1583 2158; x_wconf 77' lang='lat' dir='ltr'>etsi</span> <span class='ocrx_word' id='word_1_254' title='bbox 1607 2135 1686 2158; x_wconf 85' lang='lat' dir='ltr'>cor-</span> 
     </span>
     <span class='ocr_line' id='line_1_30' title="bbox 267 2167 1684 2214; baseline 0.002 -14"><span class='ocrx_word' id='word_1_255' title='bbox 267 2167 415 2213; x_wconf 85' lang='lat' dir='ltr'>poribus</span> <span class='ocrx_word' id='word_1_256' title='bbox 441 2168 622 2201; x_wconf 81' lang='lat' dir='ltr'>coniuncti</span> <span class='ocrx_word' id='word_1_257' title='bbox 645 2170 684 2201; x_wconf 87' lang='lat' dir='ltr'><strong><em>in</em></strong></span> <span class='ocrx_word' id='word_1_258' title='bbox 722 2170 848 2203; x_wconf 86' lang='lat' dir='ltr'>iisdem</span> <span class='ocrx_word' id='word_1_259' title='bbox 876 2170 1025 2203; x_wconf 85' lang='lat' dir='ltr'>aedibus</span> <span class='ocrx_word' id='word_1_260' title='bbox 1053 2169 1265 2203; x_wconf 80' lang='lat' dir='ltr'>habitemus.</span> <span class='ocrx_word' id='word_1_261' title='bbox 1290 2171 1346 2202; x_wconf 88' lang='lat' dir='ltr'>illi</span> <span class='ocrx_word' id='word_1_262' title='bbox 1370 2170 1580 2214; x_wconf 87' lang='lat' dir='ltr'>plerumque</span> <span class='ocrx_word' id='word_1_263' title='bbox 1607 2182 1684 2203; x_wconf 77' lang='lat' dir='ltr'>ere·</span> 
     </span>
     <span class='ocr_line' id='line_1_31' title="bbox 270 2213 1683 2258; baseline 0.002 -11"><span class='ocrx_word' id='word_1_264' title='bbox 270 2219 326 2248; x_wconf 76' lang='lat' dir='ltr'>eta</span> <span class='ocrx_word' id='word_1_265' title='bbox 351 2214 484 2247; x_wconf 87' lang='lat' dir='ltr'>cervice</span> <span class='ocrx_word' id='word_1_266' title='bbox 511 2213 678 2258; x_wconf 81' lang='lat' dir='ltr'>elatoque</span> <span class='ocrx_word' id='word_1_267' title='bbox 701 2216 802 2248; x_wconf 85' lang='lat' dir='ltr'>vultu</span> <span class='ocrx_word' id='word_1_268' title='bbox 827 2216 1032 2249; x_wconf 85' lang='lat' dir='ltr'>incedentes</span> <span class='ocrx_word' id='word_1_269' title='bbox 1057 2227 1192 2249; x_wconf 87' lang='lat' dir='ltr'>morum</span> <span class='ocrx_word' id='word_1_270' title='bbox 1215 2222 1415 2250; x_wconf 81' lang='lat' dir='ltr'>nostrorum</span> <span class='ocrx_word' id='word_1_271' title='bbox 1442 2216 1622 2251; x_wconf 84' lang='lat' dir='ltr'>levitatem</span> <span class='ocrx_word' id='word_1_272' title='bbox 1648 2223 1683 2250; x_wconf 84' lang='lat' dir='ltr'><strong><em>et</em></strong></span> 
     </span>
     <span class='ocr_line' id='line_1_32' title="bbox 272 2259 1684 2305; baseline 0.001 -12"><span class='ocrx_word' id='word_1_273' title='bbox 272 2271 315 2293; x_wconf 81' lang='lat' dir='ltr'><strong><em>ex</em></strong></span> <span class='ocrx_word' id='word_1_274' title='bbox 337 2259 511 2293; x_wconf 83' lang='lat' dir='ltr'>modestia</span> <span class='ocrx_word' id='word_1_275' title='bbox 543 2259 784 2294; x_wconf 85' lang='lat' dir='ltr'>humilitatem</span> <span class='ocrx_word' id='word_1_276' title='bbox 820 2262 979 2295; x_wconf 79' lang='lat' dir='ltr'>cavillari</span> <span class='ocrx_word' id='word_1_277' title='bbox 1018 2268 1055 2295; x_wconf 88' lang='lat' dir='ltr'><strong><em>et</em></strong></span> <span class='ocrx_word' id='word_1_278' title='bbox 1079 2263 1251 2305; x_wconf 86' lang='lat' dir='ltr'>dispicere</span> <span class='ocrx_word' id='word_1_279' title='bbox 1275 2263 1401 2295; x_wconf 86' lang='lat' dir='ltr'>solent.</span> <span class='ocrx_word' id='word_1_280' title='bbox 1426 2272 1491 2294; x_wconf 85' lang='lat' dir='ltr'><strong><em>nos</em></strong></span> <span class='ocrx_word' id='word_1_281' title='bbox 1515 2273 1598 2294; x_wconf 85' lang='lat' dir='ltr'>vero</span> <span class='ocrx_word' id='word_1_282' title='bbox 1622 2273 1684 2295; x_wconf 90' lang='lat' dir='ltr'><strong><em>eo-</em></strong></span> 
     </span>
     <span class='ocr_line' id='line_1_33' title="bbox 270 2306 1684 2352; baseline 0.001 -12"><span class='ocrx_word' id='word_1_283' title='bbox 270 2317 347 2340; x_wconf 82' lang='lat' dir='ltr'><strong><em>rum</em></strong></span> <span class='ocrx_word' id='word_1_284' title='bbox 371 2306 600 2350; x_wconf 78' lang='lat' dir='ltr'>supercilium</span> <span class='ocrx_word' id='word_1_285' title='bbox 627 2306 832 2340; x_wconf 81' lang='lat' dir='ltr'>iactantiam</span> <span class='ocrx_word' id='word_1_286' title='bbox 856 2309 986 2341; x_wconf 80' lang='lat' dir='ltr'>fastum</span> <span class='ocrx_word' id='word_1_287' title='bbox 1014 2309 1242 2341; x_wconf 81' lang='lat' dir='ltr'>insolentiam</span> <span class='ocrx_word' id='word_1_288' title='bbox 1269 2308 1408 2341; x_wconf 81' lang='lat' dir='ltr'>Christo</span> <span class='ocrx_word' id='word_1_289' title='bbox 1434 2308 1577 2352; x_wconf 85' lang='lat' dir='ltr'>auspice</span> <span class='ocrx_word' id='word_1_290' title='bbox 1600 2319 1684 2341; x_wconf 86' lang='lat' dir='ltr'>con-</span> 
     </span>
    </p>
   </div>
   <div class='ocr_carea' id='block_1_5' title="bbox 270 2352 1685 2433">
    <p class='ocr_par' dir='ltr' id='par_1_5' title="bbox 270 2352 1685 2433">
     <span class='ocr_line' id='line_1_34' title="bbox 270 2352 1685 2430; baseline 0.001 -44"><span class='ocrx_word' id='word_1_291' title='bbox 270 2352 471 2430; x_wconf 56' lang='lat' dir='ltr'>culcamuf),</span> <span class='ocrx_word' id='word_1_292' title='bbox 481 2363 579 2430; x_wconf 45' lang='lat' dir='ltr'><strong><em>lqut}</em></strong></span> <span class='ocrx_word' id='word_1_293' title='bbox 601 2357 816 2397; x_wconf 82' lang='lat' dir='ltr'>potestatem</span> <span class='ocrx_word' id='word_1_294' title='bbox 844 2354 906 2391; x_wconf 75' lang='lat' dir='ltr'>dat</span> <span class='ocrx_word' id='word_1_295' title='bbox 932 2365 1038 2399; x_wconf 82' lang='lat' dir='ltr'>super</span> <span class='ocrx_word' id='word_1_296' title='bbox 1066 2360 1248 2399; x_wconf 79' lang='lat' dir='ltr'>serpentes</span> <span class='ocrx_word' id='word_1_297' title='bbox 1272 2360 1308 2387; x_wconf 82' lang='lat' dir='ltr'><strong><em>et</em></strong></span> <span class='ocrx_word' id='word_1_298' title='bbox 1329 2354 1484 2399; x_wconf 85' lang='lat' dir='ltr'>scorpios</span> <span class='ocrx_word' id='word_1_299' title='bbox 1507 2355 1597 2388; x_wconf 85' lang='lat' dir='ltr'>citra</span> <span class='ocrx_word' id='word_1_300' title='bbox 1619 2365 1685 2388; x_wconf 89' lang='lat' dir='ltr'>uo·-</span> 
     </span>
     <span class='ocr_line' id='line_1_35' title="bbox 270 2409 592 2433; baseline -0.01 0"><span class='ocrx_word' id='word_1_301' title='bbox 270 2409 348 2433; x_wconf 81' lang='lat' dir='ltr'><strong><em>xam</em></strong></span> <span class='ocrx_word' id='word_1_302' title='bbox 372 2409 428 2430; x_wconf 84' lang='lat' dir='ltr'><strong><em>am</em></strong></span> <span class='ocrx_word' id='word_1_303' title='bbox 457 2409 478 2429; x_wconf 93' lang='lat' dir='ltr'><strong><em>u</em></strong></span> <span class='ocrx_word' id='word_1_304' title='bbox 496 2409 541 2430; x_wconf 81' lang='lat' dir='ltr'><strong><em>au</em></strong></span> <span class='ocrx_word' id='word_1_305' title='bbox 569 2410 592 2430; x_wconf 90' lang='grc'><strong><em>1.</em></strong></span> 
     </span>
    </p>
   </div>
   <div class='ocr_carea' id='block_1_6' title="bbox 269 2443 1684 2766">
    <p class='ocr_par' dir='ltr' id='par_1_6' title="bbox 269 2443 1684 2766">
     <span class='ocr_line' id='line_1_36' title="bbox 359 2443 1684 2488; baseline 0.002 -12"><span class='ocrx_word' id='word_1_306' title='bbox 359 2443 489 2476; x_wconf 86' lang='lat' dir='ltr'>Verum</span> <span class='ocrx_word' id='word_1_307' title='bbox 527 2449 568 2478; x_wconf 90' lang='lat' dir='ltr'><strong><em>ut</em></strong></span> <span class='ocrx_word' id='word_1_308' title='bbox 605 2445 651 2477; x_wconf 81' lang='lat' dir='ltr'>ad</span> <span class='ocrx_word' id='word_1_309' title='bbox 685 2444 856 2478; x_wconf 83' lang='lat' dir='ltr'>historiae</span> <span class='ocrx_word' id='word_1_310' title='bbox 897 2445 1058 2478; x_wconf 85' lang='lat' dir='ltr'>ordinem</span> <span class='ocrx_word' id='word_1_311' title='bbox 1090 2446 1295 2487; x_wconf 82' lang='lat' dir='ltr'>redeamus,</span> <span class='ocrx_word' id='word_1_312' title='bbox 1323 2445 1464 2478; x_wconf 88' lang='lat' dir='ltr'>Siculus</span> <span class='ocrx_word' id='word_1_313' title='bbox 1490 2447 1684 2488; x_wconf 85' lang='lat' dir='ltr'>exercitus,</span> 
     </span>
     <span class='ocr_line' id='line_1_37' title="bbox 269 2489 1683 2536; baseline 0.002 -13"><span class='ocrx_word' id='word_1_314' title='bbox 269 2489 523 2524; x_wconf 70' lang='lat' dir='ltr'>Thessalonica</span> <span class='ocrx_word' id='word_1_315' title='bbox 547 2491 707 2533; x_wconf 86' lang='lat' dir='ltr'>potitus,</span> <span class='ocrx_word' id='word_1_316' title='bbox 730 2489 798 2523; x_wconf 91' lang='lat' dir='ltr'><strong><em>hoc</em></strong></span> <span class='ocrx_word' id='word_1_317' title='bbox 820 2491 926 2524; x_wconf 89' lang='lat' dir='ltr'>modo</span> <span class='ocrx_word' id='word_1_318' title='bbox 950 2497 1124 2535; x_wconf 76' lang='lat' dir='ltr'>grassatus</span> <span class='ocrx_word' id='word_1_319' title='bbox 1149 2497 1203 2524; x_wconf 79' lang='lat' dir='ltr'><strong><em>est</em></strong></span> <span class='ocrx_word' id='word_1_320' title='bbox 1225 2492 1301 2524; x_wconf 88' lang='lat' dir='ltr'>sine</span> <span class='ocrx_word' id='word_1_321' title='bbox 1327 2492 1401 2524; x_wconf 91' lang='lat' dir='ltr'>ullo</span> <span class='ocrx_word' id='word_1_322' title='bbox 1426 2498 1588 2536; x_wconf 82' lang='lat' dir='ltr'>respectu</span> <span class='ocrx_word' id='word_1_323' title='bbox 1613 2493 1683 2526; x_wconf 87' lang='lat' dir='ltr'><strong><em>dei</em></strong></span> 
     </span>
     <span class='ocr_line' id='line_1_38' title="bbox 269 2536 1684 2589; baseline 0.003 -21"><span class='ocrx_word' id='word_1_324' title='bbox 269 2536 392 2571; x_wconf 81' lang='lat' dir='ltr'>urbem</span> <span class='ocrx_word' id='word_1_325' title='bbox 416 2546 620 2589; x_wconf 81' lang='lat' dir='ltr'>oppugnare</span> <span class='ocrx_word' id='word_1_326' title='bbox 644 2537 764 2580; x_wconf 88' lang='lat' dir='ltr'>coepit</span> <span class='ocrx_word' id='word_1_327' title='bbox 785 2543 884 2570; x_wconf 76' lang='lat' dir='ltr'>sexto</span> <span class='ocrx_word' id='word_1_328' title='bbox 910 2538 968 2570; x_wconf 87' lang='lat' dir='ltr'><strong><em>die</em></strong></span> <span class='ocrx_word' id='word_1_329' title='bbox 996 2538 1124 2570; x_wconf 88' lang='lat' dir='ltr'>mensis</span> <span class='ocrx_word' id='word_1_330' title='bbox 1147 2538 1321 2581; x_wconf 84' lang='lat' dir='ltr'>Augusti,</span> <span class='ocrx_word' id='word_1_331' title='bbox 1345 2537 1541 2572; x_wconf 82' lang='lat' dir='ltr'>indictione</span> <span class='ocrx_word' id='word_1_332' title='bbox 1564 2539 1684 2579; x_wconf 81' lang='lat' dir='ltr'>tertia,</span> 
     </span>
     <span class='ocr_line' id='line_1_39' title="bbox 269 2581 1683 2629; baseline 0.003 -16"><span class='ocrx_word' id='word_1_333' title='bbox 269 2593 362 2614; x_wconf 82' lang='lat' dir='ltr'>anno</span> <span class='ocrx_word' id='word_1_334' title='bbox 387 2581 499 2616; x_wconf 74' lang='lat' dir='ltr'>sexies</span> <span class='ocrx_word' id='word_1_335' title='bbox 518 2582 708 2616; x_wconf 83' lang='lat' dir='ltr'>millesimo</span> <span class='ocrx_word' id='word_1_336' title='bbox 749 2584 1004 2616; x_wconf 79' lang='lat' dir='ltr'>sexcentesimo</span> <span class='ocrx_word' id='word_1_337' title='bbox 1029 2584 1273 2627; x_wconf 82' lang='lat' dir='ltr'>nonagesimo</span> <span class='ocrx_word' id='word_1_338' title='bbox 1282 2584 1406 2624; x_wconf 80' lang='lat' dir='ltr'>terti03</span> <span class='ocrx_word' id='word_1_339' title='bbox 1445 2595 1594 2629; x_wconf 84' lang='lat' dir='ltr'>eamque</span> <span class='ocrx_word' id='word_1_340' title='bbox 1625 2596 1683 2617; x_wconf 82' lang='lat' dir='ltr'><strong><em>ce-</em></strong></span> 
     </span>
     <span class='ocr_line' id='line_1_40' title="bbox 269 2608 1682 2674; baseline 0.002 -15"><span class='ocrx_word' id='word_1_341' title='bbox 269 2628 324 2671; x_wconf 77' lang='lat' dir='ltr'>pit</span> <span class='ocrx_word' id='word_1_342' title='bbox 349 2627 426 2663; x_wconf 80' lang='lat' dir='ltr'>sine</span> <span class='ocrx_word' id='word_1_343' title='bbox 464 2627 539 2661; x_wconf 83' lang='lat' dir='ltr'><strong><em>uuo</em></strong></span> <span class='ocrx_word' id='word_1_344' title='bbox 581 2639 644 2661; x_wconf 86' lang='lat' dir='ltr'><strong><em>suo</em></strong></span> <span class='ocrx_word' id='word_1_345' title='bbox 682 2628 896 2662; x_wconf 83' lang='lat' dir='ltr'>detrimento</span> <span class='ocrx_word' id='word_1_346' title='bbox 931 2629 1090 2662; x_wconf 86' lang='lat' dir='ltr'>eiusdem</span> <span class='ocrx_word' id='word_1_347' title='bbox 1126 2630 1257 2662; x_wconf 85' lang='lat' dir='ltr'>mensis</span> <span class='ocrx_word' id='word_1_348' title='bbox 1282 2629 1340 2662; x_wconf 89' lang='lat' dir='ltr'><strong><em>die</em></strong></span> <span class='ocrx_word' id='word_1_349' title='bbox 1365 2608 1436 2662; x_wconf 87' lang='lat' dir='ltr'><strong><em>XV.</em></strong></span> <span class='ocrx_word' id='word_1_350' title='bbox 1458 2641 1576 2674; x_wconf 85' lang='lat' dir='ltr'>neque</span> <span class='ocrx_word' id='word_1_351' title='bbox 1600 2640 1682 2663; x_wconf 83' lang='lat' dir='ltr'>vero</span> 
     </span>
     <span class='ocr_line' id='line_1_41' title="bbox 271 2672 1681 2718; baseline 0.004 -14"><span class='ocrx_word' id='word_1_352' title='bbox 271 2673 419 2707; x_wconf 73' lang='lat' dir='ltr'>durante</span> <span class='ocrx_word' id='word_1_353' title='bbox 448 2672 544 2706; x_wconf 85' lang='lat' dir='ltr'>bello</span> <span class='ocrx_word' id='word_1_354' title='bbox 569 2674 741 2707; x_wconf 59' lang='lat' dir='ltr'>duntaxat</span> <span class='ocrx_word' id='word_1_355' title='bbox 763 2675 1100 2709; x_wconf 76' lang='lat' dir='ltr'>Thessalonicenses</span> <span class='ocrx_word' id='word_1_356' title='bbox 1125 2676 1327 2718; x_wconf 81' lang='lat' dir='ltr'>gravissime</span> <span class='ocrx_word' id='word_1_357' title='bbox 1354 2681 1436 2709; x_wconf 86' lang='lat' dir='ltr'>sunt</span> <span class='ocrx_word' id='word_1_358' title='bbox 1454 2676 1594 2716; x_wconf 84' lang='lat' dir='ltr'>afflicti,</span> <span class='ocrx_word' id='word_1_359' title='bbox 1618 2676 1681 2709; x_wconf 82' lang='lat' dir='ltr'><strong><em>sed</em></strong></span> 
     </span>
     <span class='ocr_line' id='line_1_42' title="bbox 270 2718 1681 2766; baseline 0.001 -12"><span class='ocrx_word' id='word_1_360' title='bbox 270 2729 335 2754; x_wconf 79' lang='lat' dir='ltr'><strong><em>nec</em></strong></span> <span class='ocrx_word' id='word_1_361' title='bbox 359 2729 400 2753; x_wconf 86' lang='lat' dir='ltr'><strong><em>eo</em></strong></span> <span class='ocrx_word' id='word_1_362' title='bbox 424 2718 526 2755; x_wconf 77' lang='lat' dir='ltr'>finito</span> <span class='ocrx_word' id='word_1_363' title='bbox 551 2720 729 2755; x_wconf 74' lang='lat' dir='ltr'>fortunam</span> <span class='ocrx_word' id='word_1_364' title='bbox 767 2721 971 2766; x_wconf 80' lang='lat' dir='ltr'>aequiorem</span> <span class='ocrx_word' id='word_1_365' title='bbox 996 2721 1200 2758; x_wconf 76' lang='lat' dir='ltr'>habuerunt</span> <span class='ocrx_word' id='word_1_366' title='bbox 1224 2727 1287 2756; x_wconf 77' lang='lat' dir='ltr'>aut</span> <span class='ocrx_word' id='word_1_367' title='bbox 1297 2722 1448 2758; x_wconf 81' lang='lat' dir='ltr'>victores</span> <span class='ocrx_word' id='word_1_368' title='bbox 1473 2722 1681 2757; x_wconf 70' lang='lat' dir='ltr'>clementio-</span> 
     </span>
    </p>
   </div>
  </div>
 </body>
</html>
