1878 3230
321 191 432 243 628
741 204 966 246 NICETAE
1007 203 1312 244 emorimur.

320 304 456 357 νύμου
495 303 651 351 πόλεως
681 300 982 356 Θεσσαλονίκης
1010 298 1248 352 Ῥωμαϊκὰς
1283 298 1555 349 ἁπαξαπάσας
1589 300 1732 356 χώρας

281 372 377 419 οώς
405 368 514 425 νόμῳ
546 366 823 420 ὑποκυψάσας
851 369 1032 418 πολέμου
1057 367 1114 422 τῷ
1150 367 1230 406 τῶν
1264 366 1443 405 Σικελῶν
1481 363 1558 419 πρὸ
1596 364 1732 419 τρίτης

318 434 611 490 στρατεύματι·
671 430 746 486 τὴν
772 430 851 487 γὰρ
885 426 1012 486 ἧτταν
1038 430 1192 472 τούτων
1218 430 1290 471 καί
1314 427 1624 484 κατατρόπωσιν
1642 433 1731 470 κατ’

318 498 480 553 α’πὰτην
510 496 621 551 ἔλεγε
641 497 857 549 Ῥωμαίων
882 497 1244 551 προσυπαντῆσαι,
1283 490 1362 548 οὖχ
1390 490 1537 549 ἥκιστα
1572 490 1734 535 πάντων

317 562 529 618 λογοποιὸς
557 564 601 604 ἐν
636 566 724 610 τοῖς
760 560 1008 604 ἁνδάνουσιν
1048 558 1354 614 εὑρισκόμενος.
1418 559 1646 613 ἐλογίστευε
1689 559 1770 600 δὲ5

317 627 390 670 καί
414 628 547 676 λύπας
573 625 647 676 τὰς
673 628 747 669 τοῦ
773 625 949 681 πατρός,
978 624 1050 668 καί
1075 625 1294 678 σταθμίοις
1323 621 1372 665 οὖ
1401 625 1575 673 δικαίοις
1603 621 1737 671 αὐτας

317 690 608 745 ἐταλάντευεν,
639 693 691 733 ου’
715 690 788 740 τὰς
807 688 1071 747 προσφάτους
1093 689 1218 743 μόνον
1253 687 1358 732 ἄλλα
1388 688 1460 731 καί
1485 685 1602 737 ὅσαις
1632 690 1736 730 ἐκεῖ·

316 773 387 808 νος
414 761 459 799 ἐκ
475 757 632 799 πολλοῦ
647 755 967 812 προσεπάλαισε,
993 757 1062 810 τῆς
1078 753 1501 809 παλαιτέραςῬώμης
1529 752 1735 795 ἒκδιιστά-

316 837 440 875 μενος
465 828 554 871 ταῖς
590 823 664 863 τοῦ
700 822 905 875 βασιλέως
941 820 1149 876 Μανουῆλ
1191 819 1422 874 α’γχινοιάις
1453 818 1525 861 καί
1557 818 1735 867 Ἰταλιάς
1814 870 1816 873 ¹

317 885 515 936 ὥσαύτως
547 884 954 942 ἒκσφενδονούμενος.
1010 888 1082 927 καί
1124 886 1253 927 ταῦτα
1293 884 1343 939 δή
1371 883 1422 926 τὰ
1449 881 1527 937 πρό
1562 879 1731 925 Εύκλεί-
1750 897 1797 925 ιο

318 954 395 994 ὁόυ
421 950 710 1000 α’νυποστόλως
736 946 940 992 α’νακινῶν
975 946 1101 1005 ἤθελε
1124 948 1356 1003 Ῥωμαίους
1393 947 1580 1004 χρήμασι
1620 947 1736 1002 μεγί-

317 1033 428 1066 στοις
455 1018 661 1072 πριάσθαι
688 1015 764 1070 τήν
794 1014 959 1071 εἰρήνην
991 1011 1020 1070 ἢ
1055 1016 1372 1070 πολεμησείοντα
1409 1016 1551 1056 τοῦτον
1579 1015 1625 1055 ἐκ
1660 1015 1737 1054 τοῦ

270 1084 468 1124 Βαύτίκα
495 1080 610 1135 μάλα
638 1081 1043 1134 καθυπεκδέχεσθαι.
1071 1079 1323 1135 προσαπῄτει
1351 1081 1409 1132 δέ,
1439 1078 1495 1127 ὥς
1525 1081 1565 1120 εἰ
1582 1081 1736 1133 κυρίων

314 1147 453 1202 κύριος
481 1147 738 1201 καθειστήκει
764 1145 836 1187 καί
863 1144 1059 1198 βασιλεύς
1080 1146 1363 1187 α’ναὸέδεικται
1389 1146 1605 1197 βασιλέων,
1634 1159 1734 1185 συν-

313 1211 499 1266 άρασθαι
541 1217 626 1260 τοῖς
664 1210 768 1252 κατα
799 1212 1086 1264 Παλαιστίνην
1115 1210 1348 1263 ὄμογενέσιν
1377 1207 1514 1266 ἐκείνῳ
1545 1210 1599 1250 δι’
1632 1203 1797 1250 ἄπο-15

312 1279 463 1332 στολῆς
490 1277 751 1329 ναυμαχικῆς
774 1276 987 1329 στρατιᾶς.
1043 1274 1415 1322 ἅντεπιστείλαντος
1435 1275 1481 1315 δὲ
1501 1272 1606 1329 πρὸς
1634 1275 1736 1315 ταῦ-

304 1358 364 1384 τα
407 1343 482 1384 τοῦ
509 1342 714 1394 βασιλέως
749 1338 822 1381 καί
861 1334 995 1392 ἄνδρα
1034 1342 1116 1381 τῶν
1155 1340 1230 1380 οὔκ
1269 1337 1442 1393 ἀσήμων
1482 1337 1736 1393 πρεσβευτήν

313 1407 569 1457 στείλαντος,
596 1406 790 1459 πρέσβεις
818 1402 976 1445 ἐκεῖθεν
1003 1402 1226 1459 α’φίκοντο,
1255 1397 1314 1445 ὧν
1347 1400 1491 1458 ἅτερος
1517 1401 1651 1458 βαρύς
1686 1397 1736 1457 ἦν

313 1469 389 1525 τήν
419 1467 556 1524 ὀφρύν
581 1470 652 1510 κατ’
681 1467 866 1523 περιττὸς
907 1470 966 1525 τῷ
992 1470 1296 1522 παιδοκομῆσαι
1335 1467 1404 1510 τὸν
1431 1467 1551 1523 ῥῆγα.
1605 1463 1656 1522 ἦν
1685 1469 1732 1510 δὲ

312 1534 384 1576 καί
409 1532 459 1575 τὰ
489 1535 541 1574 δι’
569 1534 708 1574 αὐτῶν
746 1533 1053 1586 πρεσβευόμενα
1079 1532 1304 1587 χρημάτων
1346 1534 1566 1581 ἀποδόσεις
1602 1537 1730 1574 πολυ-
1744 1549 1796 1575 20

311 1596 522 1641 ταλάντων
551 1598 791 1648 α’λαζονεῖαί
812 1612 856 1638 τε
884 1597 956 1638 καί
982 1594 1131 1650 κόμποι
1151 1596 1222 1639 καί
1248 1596 1503 1652 αὐχημάτων
1520 1598 1733 1654 ἐγχωρίων

312 1660 552 1716 κατάλογοι,
582 1663 636 1703 δι’
665 1655 724 1704 ὧν
751 1663 1141 1704 καταπολιτεύονται
1169 1661 1209 1704 οἱ
1247 1663 1483 1712 α’κούοντες.
1551 1665 1617 1718 (8)
1654 1666 1734 1715 βα-

311 1726 454 1778 σιλεύς
481 1728 618 1770 τοίνυν
650 1721 774 1783 (ἦρχε
800 1728 846 1769 δὲ
873 1724 894 1769 ὃ
923 1729 997 1769 νῦν
1022 1725 1331 1784 ἱστορούμενος)
1363 1726 1420 1784 μὴ
1454 1726 1561 1782 ἔχων
1597 1727 1733 1784 α’πρά-

406 1850 438 1905 ξ.
466 1846 689 1928 ἐέογὲσιευε]
715 1847 913 1895 ἐνεθύμιζε
936 1850 973 1883 Β.
1095 1861 1147 1895 ¹9·
1168 1848 1217 1894 τῷ
1244 1848 1364 1896 nme.)
1397 1849 1447 1887 ὥς
1468 1847 1642 1893 βαΐουλος
1665 1851 1734 1884 τοῦ

403 1906 477 1940 ew
502 1907 520 1932 ς
570 1919 580 1930 .

313 2006 419 2035 actas.
443 2012 524 2034 nam
545 2001 642 2046 quod
666 2001 695 2034 is
718 2001 863 2035 tandem
885 2013 906 2035 a
928 2002 1093 2034 Romanis
1115 2002 1322 2047 profligatus
1348 2007 1452 2042 esset,
1472 2002 1509 2035 id
1531 2001 1655 2034 fraude
1680 2003 1733 2034 fa-

312 2054 408 2081 ctum
444 2047 646 2088 asserebat,
683 2048 721 2080 in
757 2048 830 2081 suis
865 2048 1121 2092 cupiditatibus
1159 2049 1320 2081 fut-‚andis
1357 2049 1536 2081 fabulator
1574 2049 1732 2092 insignis.

310 2093 612 2126 commemorabat
628 2093 755 2135 etiam,
781 2099 819 2127 et
841 2094 976 2139 iniquis
1000 2095 1162 2127 lancibus
1189 2095 1412 2140 ponderabat
1435 2101 1596 2138 paternas
1621 2097 1734 2127 offen-

311 2151 387 2172 sas:
412 2151 477 2172 nec
506 2150 564 2173 eas
590 2145 749 2173 recentes
774 2140 964 2180 duntaxat,
990 2140 1052 2174 sed
1079 2146 1215 2173 veteres
1241 2141 1359 2181 etiam,
1385 2141 1562 2173 Manuelis
1587 2140 1732 2172 solertia

309 2186 440 2218 veteris
466 2187 597 2218 Romae
634 2187 727 2230 Papa
760 2192 882 2219 contra
920 2187 1022 2219 illum
1048 2187 1248 2227 concitato,
1287 2187 1385 2220 cuius
1411 2186 1586 2219 Manuelis
1622 2196 1732 2230 opera

311 2232 421 2264 etiam
454 2232 560 2264 Italia
586 2237 729 2265 exactus
758 2237 851 2265 esset
883 2238 996 2276 pater.
1031 2233 1082 2266 ita
1109 2232 1280 2266 obsoletis
1318 2232 1525 2265 criminibus
1561 2232 1731 2276 perfricta

311 2278 429 2310 fronte
457 2277 689 2318 renovandis,
715 2278 880 2311 Romanis
907 2284 968 2311 aut
990 2290 1113 2323 pacem
1135 2279 1285 2311 maxima
1300 2278 1451 2322 pecunia
1474 2277 1728 2319 redimendam,

311 2328 374 2356 aut
396 2322 533 2355 bellum
559 2324 677 2356 statim
701 2324 927 2357 tolerandum
954 2324 1202 2358 arbitrabatur.
1238 2329 1421 2368 praeterea
1456 2328 1627 2368 tanquam
1667 2334 1730 2357 rex

311 2380 431 2413 regum
460 2373 496 2400 et
534 2369 727 2413 imperator
762 2370 1014 2414 imperatorum
1038 2370 1267 2414 postulabat,
1303 2374 1344 2401 ut
1381 2370 1542 2402 Romanis
1580 2370 1653 2403 suis
1691 2370 1729 2404 in

311 2415 510 2450 Palaestina
533 2415 766 2458 popularibus
793 2417 933 2449 navalia
957 2417 1089 2448 auxilia
1116 2417 1308 2448 mitterent.
1334 2414 1378 2447 ad
1405 2426 1496 2460 quae
1514 2427 1591 2448 cum
1616 2416 1731 2460 impe-

311 2467 409 2495 rator
434 2460 692 2504 rescripsisset,
717 2466 754 2493 et
784 2462 898 2494 virum
925 2473 997 2494 non
1021 2462 1208 2494 obscurum
1236 2460 1282 2493 ad
1309 2471 1388 2493 enm
1422 2461 1639 2506 ablegasset:
1677 2463 1730 2494 le-

312 2507 384 2552 gati
409 2506 452 2539 ab
481 2517 522 2538 eo
545 2502 739 2546 venerumt,
772 2517 922 2550 quorum
951 2508 1042 2540 alter
1074 2507 1179 2539 homo
1207 2508 1457 2550 superciliosus
1481 2513 1579 2548 erat,
1622 2512 1658 2540 et
1686 2518 1728 2540 eo

311 2553 456 2587 nomine
479 2551 670 2596 superbus,
690 2552 787 2596 quod
811 2553 901 2596 regis
933 2553 971 2585 in
1002 2553 1155 2596 pueritia
1181 2563 1298 2585 curam
1324 2554 1497 2597 gessisset.
1523 2554 1599 2586 eius
1633 2553 1730 2598 lega-

311 2600 421 2634 tionis
446 2609 581 2632 summa
606 2602 703 2637 erat,
728 2598 960 2642 plurimorum
984 2598 1200 2631 talentorum
1223 2600 1419 2643 postulatio
1434 2625 1443 2640 ,
1469 2599 1668 2644 arrogantia
1691 2605 1729 2633 et

311 2644 503 2679 insolentia
527 2643 652 2684 verba,
684 2654 800 2676 rerum
825 2644 870 2677 ab
895 2645 1098 2678 Alemannis
1123 2650 1299 2689 gestarum
1336 2646 1488 2689 gloriosa
1517 2656 1728 2678 commemo-

312 2692 419 2732 ratio,
451 2690 582 2735 quibus
611 2688 793 2723 auditores
825 2690 943 2734 decipi
978 2691 1105 2724 solent.
1153 2691 1204 2736 (8)
1238 2692 1430 2736 imperator
1465 2693 1572 2736 igitur
1595 2692 1727 2735 (potie-

311 2739 417 2783 batur
442 2742 560 2771 autem
584 2747 698 2770 rerum
726 2737 755 2770 is
770 2762 780 2778 ‚
817 2737 916 2771 cuius
939 2747 1033 2771 nune
1057 2736 1241 2772 historiam
1268 2738 1504 2785 conteximus)
1528 2749 1604 2771 cum
1631 2738 1726 2782 lega-

648 2826 833 2856 ...b---nunmj
