1878 3230
423 178 495 218 DE
533 176 853 221 mnomco
893 177 1158 222 commo
1196 179 1293 222 Lm.
1331 181 1386 222 ιι.
1538 160 1647 228 441

230 276 308 331 τῆν
337 270 472 319 auito&
499 275 701 320 ἀνάλυσιν
725 279 772 320 ἐκ
798 280 873 320 τοῦ
898 277 1103 331 σώματος,
1129 277 1202 320 καὶ
1226 277 1297 333 τήν
1326 278 1406 320 α’πό
1438 279 1512 319 τοῦ
1535 280 1655 319 θείου

230 343 279 384 δὲ
305 341 578 398 ὖφοριόμενος
616 343 908 397 έγκατάλειψιν
943 341 1006 392 οἷς
1046 343 1313 398 πολυτρόπως
1356 343 1404 385 τὸ
1451 341 1656 397 ὑπερέχον

228 404 442 461 ἐδάμασε,
478 409 551 450 καί
578 410 713 450 ταῦτα
739 409 1040 462 διατεινόμενος
1067 410 1113 451 ἐκ
1139 411 1211 464 τῆς
1242 407 1376 464 αιῗλῆς
1413 405 1520 452 εἶναι
1545 411 1656 463 Χρι-

229 474 337 513 στοῦ
361 471 434 515 καὶ
456 472 503 515 τό
530 472 636 514 αὐτὸ
667 475 786 527 γένος
812 479 897 523 τοῖς
926 476 1237 527 έκθλιβομένοις
1263 473 1427 528 λαχών,
1455 472 1556 529 πρὸς
1579 471 1658 528 τήν

193 535 304 580 ὄδιά
331 539 516 588 θωπείας
545 536 628 580 εἴτε
663 539 736 579 καί
763 542 990 594 θεραπείας
1016 541 1096 581 τῶν
1123 541 1279 593 ἐναγῶν
1318 536 1527 592 δαιμόνων
1556 537 1655 592 πρό·
1667 549 1708 582 V.
1727 561 1790 596 ¹79

228 619 383 658 γνωσιν
421 605 501 647 τῶν
529 603 759 656 μελλόντων
786 603 900 661 ὁρμᾷ
916 637 930 657 ,
971 604 1081 646 καθὰ
1121 604 1194 647 καί
1228 604 1252 646 ὅ
1292 604 1470 655 παλαιὸς
1508 606 1658 654 ἐκεῖνος

228 668 370 712 Σαοὺλ
396 671 455 718 εἷς
479 667 557 718 τὰς
584 670 942 724 ἐγγαστριμύθους
972 666 1148 725 ὕστερον
1190 668 1388 724 ἔβλεψεν,
1426 669 1478 720 ἃς
1512 670 1657 713 ἐδίωκε

228 732 430 789 πρότερον
456 733 502 775 τὸ
539 736 655 775 θεῖον
682 731 821 791 ἑαυτῷ
855 733 1109 788 ῖλεοὺμενος.
1168 735 1242 777 καί
1275 735 1327 791 δὴ
1367 735 1443 790 τήν
1482 734 1660 789 θυτικῆν

228 801 562 854 καταργηθεῖσαν
588 798 720 840 πάλαι
748 798 861 854 όρῶν
888 802 960 842 καί
985 800 1062 855 τήν
1089 799 1161 842 διὰ
1190 801 1344 856 ταύτης
1375 802 1555 855 δήλωσιν
1578 802 1661 842 τῶν

171 880 219 907 ιο
229 864 434 917 ἐσομένων
460 867 711 919 τεθνηκυῖαν
738 864 812 906 καί
834 859 1023 921 ἄφαντον
1049 862 1132 921 ἤδη
1158 866 1433 918 παντάπασιν,
1461 863 1663 914 ὦσαότως

227 930 308 971 καὶ
322 928 400 985 ἢν
427 930 484 970 δι’
519 928 700 984 ὀρνίθων
736 934 974 985 περιεργίας
1003 930 1132 973 πάλαι
1173 927 1414 974 ἀποπτᾶσαν
1450 933 1496 982 ἐξ
1533 930 1662 985 ὅρι’ων

222 984 464 1047 Ῥωμαὶῧιιόν
479 1027 493 1048 ,
533 994 841 1048 ἐνυπνιασμούς
867 1012 914 1038 τε
948 998 1022 1038 καί
1054 995 1381 1053 κληδονισμοός,
1421 996 1575 1050 μόνους
1612 997 1660 1037 δὲ

225 1057 324 1108 τούς
355 1058 425 1100 διὰ
451 1062 617 1102 πλυνῶν
647 1059 721 1102 καί
755 1062 980 1103 λεκανίδων
1013 1061 1339 1117 φενακομάντεις
1374 1062 1659 1117 περιλειπομέ-
1671 1070 1794 1114 Ρηιδ,

226 1139 325 1173 νους
351 1127 425 1166 καί
449 1123 546 1174 τούς
576 1121 669 1167 ὅσοι
694 1125 769 1174 τὰς
794 1129 876 1168 τῶν
903 1120 1072 1181 ἄστρων
1095 1128 1239 1175 θέσεις
1257 1123 1661 1181 -περισκοπεόουσιν,

170 1192 218 1233 15
230 1189 309 1243 οὔχ
336 1184 458 1244 ἧττον
484 1192 713 1240 πλανῶντες
741 1185 848 1246 ἥπερ
874 1189 1146 1244 πλανώμενοι,
1172 1189 1249 1246 τήν
1273 1192 1351 1244 μὲν
1378 1191 1662 1245 ἀστρονομίαν

228 1257 287 1312 τῷ
303 1257 406 1304 τέως
432 1253 489 1303 ὥς
512 1258 822 1311 συνηθεστέραν
838 1255 911 1298 καί
932 1257 1189 1311 α’ξυμφανῶς
1212 1255 1266 1298 τοὶ
1294 1257 1498 1309 μέλλοντα
1526 1254 1662 1309 ὖπεμ-

226 1323 463 1376 φαίνουσαν
499 1319 744 1375 ὑπερέθετο,
784 1323 928 1377 ἐφίησι
974 1322 1014 1363 δ’
1046 1318 1140 1364 ὅλον
1190 1318 1341 1364 ἑαυτὸν
1386 1327 1473 1370 τοῖς
1517 1321 1662 1371 οἵτινες

226 1384 430 1438 ἀμυδροῖς
458 1386 504 1428 ἐν
530 1391 623 1436 ταῖς
647 1390 818 1436 πλυνοῖς
844 1383 975 1429 ὕδασι
1001 1389 1290 1443 τεκμαίρονται
1315 1385 1368 1429 τὰ
1396 1385 1573 1439 ἐσόμενα
1593 1384 1666 1428 καί

228 1449 284 1499 ὥς
298 1445 364 1492 οἷοί
393 1466 512 1499 τινας
543 1452 710 1500 α’κτῖνας
725 1451 842 1506 ἧλίου
860 1451 1215 1507 παραυγαζούσας
1241 1449 1475 1505 ἰνδάλματα
1490 1452 1572 1493 τῶν
1588 1449 1664 1503 ἔμ-

164 1534 217 1562 20
229 1520 413 1572 προσθεν
440 1518 601 1559 ἐκεῖθεν
634 1519 952 1572 ε’νοπτρίζονται.
995 1513 1120 1568 αὖτός
1146 1519 1225 1572 μὲν
1253 1511 1330 1559 οὖν
1355 1521 1550 1572 παρεῖναι
1577 1521 1662 1565 τοῖς

325 1649 352 1672 ι.
382 1638 476 1684 σῶμ.
501 1639 678 1683 ἐνάγεται
696 1637 799 1683 παρὰ
824 1639 899 1675 τῶν
920 1639 1070 1674 οἰκείων
1097 1638 1228 1681 εἰςτῆν
1252 1638 1326 1673 τῶν
1350 1637 1542 1683 ἐσομένων
1567 1637 1660 1679 πρό-

317 1694 462 1731 γνωσιν
487 1684 537 1717 δι’
558 1686 734 1730 ἐργασίας
748 1685 1024 1730 ἀποτροπαίου,
1054 1688 1283 1731 καίπερξταῖς
1306 1683 1500 1720 τοιαύταις
1522 1682 1660 1725 πράξε-

319 1741 362 1765 σι
383 1730 469 1777 μηδ’
492 1729 585 1768 ὅλως
605 1731 791 1776 πρότερον
821 1734 1022 1776 προσέχων
1055 1731 1124 1766 τόν
1154 1734 1248 1767 νοῦν
1275 1729 1355 1764 ἀλλ’
1378 1731 1428 1767 ὥς
1452 1730 1660 1774 ἀθεμίτους

317 1776 675 1823 ἀποστρεφόμενος,
700 1780 763 1810 καὶ
791 1776 834 1819 δὴ
860 1776 926 1818 τὴν
950 1781 1032 1811 θυτ.
1056 1777 1134 1811 cod.
1158 1777 1266 1810 Wolf.
1399 1777 1431 1820 4.
1454 1773 1551 1820 πρὸς
1574 1773 1640 1816 τήν

317 1821 382 1857 διὰ
410 1822 647 1870 δαιμονικῶν
677 1823 851 1868 πράξεων
874 1823 971 1870 πρὸς
1006 1825 1319 1870 λεκανομαντείας
1342 1821 1442 1868 ὁρμᾷ
1463 1822 1501 1854 Β.
1626 1824 1660 1856 8.

318 1873 400 1904 θυτ.
413 1872 604 1907 πλείστοις
615 1871 712 1904 ἔτεσι
724 1882 801 1903 κατ.
829 1870 930 1916 δρῶν
951 1871 991 1903 A.
1067 1872 1116 1905 15.
1138 1868 1206 1912 τὴν
1226 1869 1298 1916 μὲν
1321 1871 1383 1911 τῆς
1404 1868 1660 1914 α’στρονομίας

317 1916 456 1962 πρᾶξιν
480 1917 529 1953 οἷς
551 1916 742 1954 δυσκόλως
765 1914 809 1950 ui
837 1918 1021 1963 μέλλοντα
1034 1917 1217 1962 λέγουσαν
1238 1916 1375 1957 ταύτην
1399 1915 1504 1955 ἐῶσι,
1526 1913 1594 1955 τὴν
1618 1913 1659 1948 δὲ

318 1957 383 1996 διὰ
409 1965 477 1996 τοῦ
503 1963 636 1999 ὓδατος
660 1964 975 2009 λεκανομαντείαν
998 1960 1065 2004 τὴν
1089 1962 1153 1997 διὰ
1173 1963 1248 1997 τῶν
1271 1961 1433 1997 α’κτίνων
1457 1964 1527 1995 τοῦ
1553 1961 1659 2003 ἡλίου

316 2009 591 2054 ἐνεργουμένην
617 2010 658 2043 ἐν
694 2015 772 2047 τοῖς
800 2007 935 2043 ὕδασιν
962 2008 1118 2044 ἐνέδωκε
1141 2011 1325 2056 γενέσθαι
1347 2009 1385 2040 Β.
1506 2018 1555 2050 ¹7·
1576 2011 1657 2043 τοῖς

317 2054 494 2103 ἀμυδρῶς
516 2055 558 2092 ἐν
575 2053 688 2091 ὕδασι
712 2057 1024 2103 τεκμαιρομένοις
1047 2057 1087 2091 Α.
1159 2068 1216 2092 ao.
1241 2052 1538 2101 ἐνοπτρίζονται]
1566 2053 1659 2099 λαμ-

317 2103 502 2147 βάνουσιν
526 2104 566 2137 Α.

225 2221 484 2262 praetereaque
509 2227 546 2250 se
575 2222 722 2262 propter
734 2217 952 2262 multiplices
976 2227 1163 2262 procerum
1182 2216 1309 2249 caedes
1333 2226 1354 2248 a
1381 2214 1450 2248 deo
1476 2213 1658 2247 desertum

226 2263 427 2304 iudicaret,
455 2264 615 2308 quamvis
637 2275 676 2297 se
707 2263 754 2296 ad
781 2263 914 2297 Christi
947 2264 1131 2297 mandram
1154 2263 1335 2309 pertinere
1360 2262 1568 2300 affirmaret,
1594 2260 1659 2292 iis—

227 2309 382 2355 demque
412 2309 601 2344 elementis
637 2315 817 2343 constaret
855 2310 988 2355 quibus
1010 2311 1038 2343 ii
1062 2321 1151 2355 quos
1177 2308 1399 2354 extirpabat,
1428 2307 1474 2340 ad
1498 2307 1659 2339 futurum

226 2367 292 2400 per
327 2357 515 2389 noxiorum
548 2357 762 2389 daemonum
796 2357 932 2389 cultum
974 2356 1220 2402 cognoscenda
1253 2366 1291 2388 se
1331 2353 1526 2393 convertit,
1558 2358 1599 2385 ut
1622 2356 1660 2384 et

227 2402 356 2436 Saulus
382 2403 469 2436 olim
492 2403 536 2436 ad
553 2403 852 2447 engastrimythos
874 2403 1019 2436 tandem
1047 2403 1151 2444 abiit,
1177 2413 1267 2447 quos
1290 2407 1374 2434 ante
1398 2398 1567 2445 placandi
1589 2409 1658 2430 nu-

226 2448 334 2481 minis
372 2450 484 2494 gratia
514 2451 713 2494 pepulerat.
753 2461 835 2482 nam
860 2461 939 2482 cum
975 2450 1213 2494 aruspicinam
1237 2454 1322 2481 ante
1346 2447 1520 2492 plurimos
1545 2454 1657 2476 annos

226 2494 443 2528 obsolevisse
469 2501 506 2529 et
526 2497 671 2541 penitus
697 2495 870 2529 abolitam
894 2507 982 2537 esse,
1009 2496 1213 2540 auguralem
1242 2495 1328 2527 item
1353 2492 1658 2537 superstitionem,

225 2545 269 2573 ut
293 2545 330 2573 et
366 2542 582 2575 somniorum
621 2548 658 2576 et
694 2543 854 2576 ominum
886 2543 1232 2587 interpretationem,
1257 2541 1328 2573 iam
1366 2540 1452 2572 olim
1479 2549 1498 2570 e
1530 2539 1659 2569 Roma·

226 2587 282 2620 nis
311 2586 442 2620 finibus
465 2589 646 2630 avolasse,
685 2590 781 2622 solos
818 2600 902 2622 vero
938 2600 998 2622 eos
1026 2590 1258 2634 impostores,
1295 2586 1359 2631 qui
1394 2597 1414 2618 e
1449 2583 1544 2629 pelvi
1568 2581 1661 2613 divi-

226 2637 326 2671 nant,
360 2637 400 2665 et
433 2634 496 2677 qui
525 2641 699 2668 astrorum
720 2635 860 2681 positus
881 2636 1051 2669 rimantes
1086 2646 1200 2679 aeque
1236 2634 1368 2666 fallunt
1392 2643 1432 2664 ac
1464 2629 1660 2665 falluntur,

226 2689 434 2723 superesse,
473 2685 548 2712 tum
580 2681 725 2725 quidem
758 2681 986 2726 astrologiam
1016 2686 1059 2714 ut
1103 2681 1214 2726 magis
1238 2680 1450 2712 familiarem
1471 2681 1507 2708 et
1540 2675 1660 2706 futura

226 2725 413 2760 obscurius
441 2725 650 2763 innuentem
687 2728 869 2774 seposuit,
895 2739 1005 2773 seque
1034 2732 1151 2762 totum
1188 2725 1353 2773 permisit
1376 2724 1420 2757 iis
1449 2722 1512 2767 qui
1540 2720 1660 2755 futura
