1878 3230
284 170 394 226 838
701 187 929 228 mcE'rAE
961 184 1271 227 ouomA'rAn

146 299 270 335 v,335
284 286 627 342 φιλοτεχνημέναι
663 283 736 326 καί
767 281 962 339 χρώμασι
1000 284 1234 324 πολυειδέσι
1263 283 1572 336 διηνθισμέναι,
1598 299 1701 323 παν-

282 349 467 393 τοδαπαί
491 364 535 391 τε
560 348 732 404 χάριτες
751 350 977 401 βαλανείων
1006 347 1077 389 καί
1103 349 1398 402 καρποβριθεῖς
1414 343 1607 401 ἡμερίδες
1633 346 1705 388 καί

282 413 378 468 λήϊα
406 415 461 470 τῷ
501 415 598 471 σίτῳ
627 413 863 468 ἀκμάζοντα
903 414 976 455 καί
1002 407 1092 453 ἄλλ’
1122 414 1241 466 ἕτερα
1268 411 1428 467 μυρία,
1461 409 1593 452 ὁπόσα
1621 412 1703 466 φύ-

284 495 400 521 ουσιν
432 474 540 533 ὧραι
571 482 643 522 καί
677 478 751 521 τὸν
789 476 988 533 ἡμέτερον
1031 478 1123 530 βίον
1167 474 1393 530 ἀγάλλουσι
1419 475 1490 518 καὶ
1514 476 1704 518 τιθέασιν

283 544 497 598 ἐπιτερπὲς
526 543 598 585 καί
627 543 782 592 πιέσαις
817 541 965 596 χάρισι
995 543 1238 596 περιστεφὲς
1266 543 1337 582 καί
1362 540 1626 595 πολυάρατον
1654 540 1698 582 τό
1715 543 1740 585 5

282 612 514 663 περίγειον,
550 609 682 650 ταῦτα
722 607 772 663 δὴ
817 607 953 649 πάντα
980 605 1115 661 ἔρημα
1145 604 1376 660 ἀνθρώπων
1404 604 1594 660 ὁρώμενα
1617 607 1705 658 ἐχί-

245 680 366 722 (Ζνοις
393 672 536 728 μόνοις
575 672 647 715 καί
671 675 836 728 θηρίοις
871 671 1064 726 οἰκήσιμα
1103 666 1169 725 ἦν.
1228 667 1341 713 εἶπεν
1367 666 1419 713 ἄν
1446 686 1509 719 τις
1536 669 1706 719 ἐπιστάς

282 738 450 787 ἐκείνοις
478 738 550 780 καί
576 742 749 780 πλεῖστα
786 737 1018 791 κοψάμενος
1046 738 1119 777 καί
1145 734 1276 790 δάκρυ
1306 733 1507 789 χεάμενος
1535 734 1610 776 καί
1636 734 1706 776 κό-

280 819 344 845 νιν
372 803 605 856 πασάμενος
642 800 933 857 καταστροφήν
979 800 1082 855 ὄρᾶν
1111 803 1186 842 τοῦ
1206 843 1210 845 ,
1231 801 1401 852 παντὸς,
1440 797 1467 854 ἢ
1498 801 1598 853 γοῦν
1625 800 1706 842 τῶν

282 863 411 909 ὄντων
437 863 584 923 ἑτέραν
622 866 895 922 παραγωγήν,
934 868 1027 908 καθ’
1056 864 1106 920 ἣν
1141 868 1218 919 μὲν
1255 863 1276 906 ὅ
1315 865 1414 914 θεὸς
1452 866 1769 920 α’πεφαίνετοιο

280 931 434 989 χόρτον
465 932 535 980 καὶ
566 931 742 986 βοτάνην
779 934 852 972 καί
877 937 1046 984 σπεῖρον
1078 934 1242 986 σπέρμα
1278 929 1385 971 κατὰ
1418 932 1533 983 γένος
1563 945 1606 971 τε
1634 931 1707 972 καί

283 1000 378 1039 καθ’
418 995 642 1051 ὁμοιότητα
685 998 730 1038 ἐκ
768 998 851 1037 τῶν
883 994 1067 1049 λαγόνων
1094 997 1165 1049 τῆς
1190 997 1266 1049 γῆς
1289 995 1589 1047 ἀναδίδοσθαι,
1617 991 1639 1035 ὅ
1668 995 1708 1036 δ’

283 1058 500 1115 ἄνθρωπος
535 1057 650 1102 οὔπω
679 1057 730 1116 ἦν
761 1058 781 1101 ὅ
809 1058 970 1109 τούτοις
1001 1058 1268 1114 χρησόμενος.
1323 1063 1452 1101 πόθεν
1480 1055 1533 1101 ἂν
1558 1058 1707 1101 ἐπλού-

281 1143 387 1180 τησα
431 1130 616 1180 γλῶτταν
657 1129 717 1175 εἰς
761 1125 963 1167 τοσούτων
1011 1128 1146 1166 κακῶν
1184 1126 1332 1179 διαρκῆ
1371 1129 1443 1167 καί
1488 1123 1706 1180 φιλότιμον

282 1188 597 1245 ἀπαρίθμησιν,
642 1188 669 1244 ἢ
715 1193 856 1246 φωνῆς
894 1192 1070 1244 μέγεθος
1098 1189 1408 1245 διαπεμποὺσης
1435 1197 1517 1239 τοῖς
1543 1190 1707 1245 πόρρω·
1724 1193 1771 1234 15

281 1258 356 1295 θεν
386 1255 438 1296 τὰ
465 1253 734 1310 γραφόμενα,·
762 1252 819 1302 ὥς
856 1253 1065 1308 δυστυχὴς
1092 1253 1170 1307 ἐγώ
1200 1255 1477 1310 συγγραφεύς,
1507 1255 1605 1304 οἵοις
1631 1271 1708 1296 κα-

285 1326 371 1368 κοῖς
401 1318 700 1373 ἑταμιευόμην,
739 1319 842 1367 οἵοις
873 1320 987 1370 ἐμοῖς
1015 1334 1057 1360 τε
1098 1318 1170 1360 καὶ
1194 1321 1276 1360 τῶν
1303 1322 1489 1374 φυλετῶν
1518 1321 1707 1373 δυσπρα-

238 1383 440 1438 Βγὴμασι
483 1383 558 1426 τὸν
596 1383 714 1438 λόγον
747 1386 991 1438 χαρίζομαι.
1057 1386 1118 1434 τίς
1152 1383 1230 1439 γάρ
1273 1382 1325 1426 ἄν
1355 1386 1427 1426 καί
1453 1385 1573 1439 σχοίη
1600 1381 1707 1433 ὅλως

282 1448 515 1502 ὑπενεγκεῖν
558 1451 730 1490 τοιαῦτα
764 1449 971 1500 θεώμενος
1015 1448 1194 1503 τρόπαια
1245 1447 1349 1503 πρὸς
1386 1451 1467 1490 ταῖν
1503 1448 1708 1501 πολεμίων

284 1510 608 1567 οἶνεγειρόμενας
641 1512 678 1553 οἱ
704 1514 781 1566 μὲν
808 1510 887 1566 γάρ
917 1512 1046 1553 πάλαι
1073 1516 1145 1567 τῆς
1171 1512 1312 1567 μάχης
1340 1516 1606 1569 κρατοῦντες,
1635 1515 1706 1556 α’ν-
1719 1533 1772 1559 20

283 1576 475 1631 θρώπινα
493 1578 737 1631 φρονοῦντες
769 1577 859 1617 ov‘c5’
888 1574 1077 1618 ἀθάνατα
1107 1579 1211 1631 μίση
1241 1584 1380 1632 τηρεῖν
1410 1576 1707 1632 δοκιμάζοντες,

287 1640 357 1682 διά
388 1638 522 1690 ’ξύλων
564 1641 636 1682 καί
671 1644 865 1696 βραχέων
892 1642 1022 1684 λίθων
1055 1642 1235 1684 οἷνίστων
1261 1641 1463 1698 τρόπαια,
1487 1640 1596 1691 ὅπως
1623 1642 1708 1685 ὀλί-

286 1721 357 1760 γον
383 1705 538 1761 χρόνον
565 1704 895 1761 διαμεμενηκότα
923 1709 1205 1762 παρέρχηται,
1232 1707 1287 1758 ὥς
1307 1709 1414 1763 μηδὲ
1442 1710 1583 1764 φιλίας
1605 1709 1708 1750 ὑπο-

382 1851 432 1874 ιο.
455 1839 528 1885 μὲν
554 1839 586 1886 ὁ]
613 1840 717 1873 immo
744 1839 764 1873 ὅ
785 1840 866 1886 μὲν.

287 1951 351 1975 nes
385 1940 616 1983 conspicuae,
660 1952 795 1973 summo
824 1941 974 1974 artificio
1008 1946 1230 1974 constructae
1255 1947 1292 1974 et
1314 1942 1418 1975 variis
1444 1942 1621 1975 coloribus
1649 1953 1709 1976 ex·-

290 1991 455 2026 ornatae,
487 1987 735 2019 venustissima
769 1987 924 2028 lavacra,
952 1988 1028 2020 uvis
1067 1993 1216 2020 onustae
1255 1989 1364 2029 vites,
1397 2000 1479 2021 arva
1526 1989 1706 2032 segetibus

289 2031 451 2075 gravida,
478 2037 512 2064 et
535 2032 604 2065 alia
629 2038 794 2066 sexcenta
828 2045 919 2078 quae
945 2039 1083 2079 tempus
1114 2034 1299 2078 producit,
1325 2046 1488 2080 quaeque
1510 2035 1617 2068 vitam
1645 2046 1712 2068 no-

289 2082 394 2110 stram
424 2083 552 2110 ornant
589 2084 625 2111 et
651 2084 780 2111 terram
818 2079 1035 2120 iucundam,
1069 2080 1188 2124 gratiis
1220 2081 1422 2114 affluentem
1455 2086 1493 2115 et
1515 2081 1711 2126 optabilem

288 2122 470 2162 reddunt,
496 2134 537 2157 ea
563 2124 681 2158 omnia
703 2124 908 2159 hominibus
934 2138 1065 2167 vacua,
1090 2126 1225 2159 echinis
1250 2132 1286 2160 et
1309 2127 1392 2159 feris
1416 2132 1552 2160 tantum
1577 2127 1712 2160 latibu-

288 2168 325 2202 la
365 2168 596 2213 praebebant.
623 2182 714 2214 quae
739 2173 802 2216 qui
838 2172 993 2213 videret,
1019 2184 1098 2205 cum
1123 2173 1275 2206 maximo
1305 2173 1439 2205 eiulatu
1468 2178 1504 2206 et
1525 2173 1631 2213 fletu,
1652 2184 1711 2205 ca-

287 2214 366 2262 pite
400 2215 546 2257 pulvere
578 2226 789 2259 consperso,
823 2217 958 2251 diceret
983 2230 1020 2252 se
1061 2218 1338 2252 destructionem
1362 2219 1517 2252 universi
1541 2229 1708 2260 cernere,

289 2266 353 2296 aut
378 2270 504 2292 novam
531 2261 630 2295 illam
656 2273 770 2296 rerum
795 2269 976 2304 naturam,
1007 2275 1076 2309 qua
1101 2265 1206 2298 iussit
1232 2265 1318 2297 deus
1342 2265 1495 2308 gramina
1522 2270 1558 2297 et
1579 2264 1710 2298 herbas

290 2311 327 2338 et
361 2306 559 2350 prolificum
598 2318 719 2340 semen
742 2319 806 2352 pro
836 2310 1008 2356 cuiusque
1048 2322 1175 2354 genere
1207 2316 1242 2344 et
1272 2310 1504 2344 similitudine
1528 2322 1570 2342 ex
1592 2317 1711 2344 terrae

288 2351 485 2385 visceribus
519 2353 630 2396 gigni,
667 2365 745 2386 cum
778 2355 936 2387 nondum
973 2362 1066 2390 esset
1102 2356 1207 2389 homo
1242 2357 1303 2400 qui
1329 2357 1377 2388 eis
1420 2362 1588 2389 uteretur.
1611 2356 1709 2389 unde

290 2397 378 2442 mihi
402 2398 523 2442 lingua
551 2404 717 2443 suppetet
739 2399 782 2433 ad
807 2401 935 2435 iustam
961 2407 997 2434 et
1022 2403 1199 2445 copiosam
1227 2407 1405 2434 tantorum
1425 2403 1596 2435 malorum
1621 2413 1710 2435 enu-

290 2444 545 2479 merationem?
569 2451 630 2478 aut
653 2446 859 2488 magnitudo
874 2447 981 2488 vocis,
1009 2458 1100 2491 quae
1129 2449 1257 2494 scripta
1284 2447 1372 2480 haec
1396 2448 1441 2480 ad
1466 2449 1569 2492 longe
1593 2459 1709 2481 remo-

291 2495 346 2522 tos
370 2491 609 2526 transmittat?
641 2502 661 2523 o
687 2502 742 2523 me
776 2493 940 2524 miserum
974 2494 1198 2537 scriptorem,
1237 2493 1368 2538 quibus
1393 2495 1554 2527 cladibus
1576 2495 1709 2528 descri-

290 2535 418 2570 bendis
445 2537 655 2581 supersum?
680 2543 811 2581 quanta
847 2550 924 2570 mea
951 2545 986 2570 et
1008 2550 1163 2572 meorum
1190 2540 1413 2583 popularium
1442 2541 1531 2573 mala
1555 2551 1708 2574 comme-

290 2583 412 2618 moro?
441 2584 520 2628 quis
554 2584 638 2617 talia
663 2589 808 2628 tropaea
840 2585 885 2616 ab
916 2585 1078 2619 hostibus
1106 2592 1221 2618 erecta
1247 2586 1370 2618 saltem
1399 2588 1529 2621 intueri
1553 2588 1707 2620 sustine-

292 2627 356 2663 at?
381 2639 461 2663 nam
493 2630 578 2662 olim
618 2630 680 2674 qui
713 2630 848 2674 praelio
882 2632 1056 2671 vicerant,
1093 2630 1267 2664 humanae
1291 2632 1506 2666 conditionis
1533 2644 1707 2666 memores

291 2683 356 2709 nec
391 2675 603 2708 immortalia
643 2675 725 2709 odia
749 2677 984 2711 conservanda
1012 2688 1086 2709 esse.
1112 2679 1198 2717 rati,
1226 2683 1371 2721 tropaea
1396 2691 1438 2711 ox
1461 2680 1575 2723 parvis
1601 2679 1707 2722 lignis

293 2724 329 2756 et
356 2721 447 2756 saxis
480 2721 768 2764 constituebant,
812 2729 850 2757 ut
881 2724 1006 2769 exiguo
1032 2725 1200 2770 tmnporis
1235 2724 1419 2760 intervallo
1453 2725 1695 2765 abolerentur,

1866 71 1878 147 ἠως(
1866 0 1878 62 aux-u
