1878 3230
279 179 307 235 7
313 164 389 238 94
497 214 500 216 -
681 190 910 233 ΝιοΕΤΑΕ
948 191 1260 237 cuomATAE

270 304 313 330 τε
346 290 423 330 τοῦ
452 284 600 336 δουκὸς
623 287 825 339 Βενετίας
840 290 1082 334 Δανδούλου
1112 295 1184 335 καί
1213 290 1303 335 ὅσοι
1331 296 1410 336 τῶν
1440 295 1625 350 κομὴτων
1656 299 1708 354 τῇ

271 351 710 396 Κωνσταντινουπόλει
746 357 990 410 παρέμενον.
1058 355 1116 408 αἷς
1156 360 1334 414 ἐπανῆκε
1378 361 1518 402 τοίνυν
1541 358 1563 401 ὅ
1591 365 1708 404 Βαλ-

271 420 452 470 δουῖνος,
506 417 796 472 μετάπεμπτος
840 423 995 475 γίνεται
1035 423 1108 470 καί
1140 427 1388 479 μαρκέσιος,
1425 426 1567 481 Ἰοφρὲ
1601 443 1715 477 τινος

271 481 620 539 ἐπιδεδημηκότος
660 487 799 542 αὐτῷ,
847 490 955 542 μέγα
991 489 1104 543 παρὰ
1131 495 1219 539 τοῖς
1245 492 1330 532 τῶν
1358 492 1554 534 Λατίνων
1582 493 1709 534 δυνα-

270 551 395 601 μένου
431 547 712 602 στρατεύμασι
759 552 1060 606 (μαρισκάλκος
1088 551 1140 610 ἧν
1166 554 1356 608 τάξίωμα
1386 553 1406 597 ὃ
1439 555 1562 611 ἀνήρ,
1592 558 1715 611 δηλοῖ
1721 564 1747 608 5

272 615 318 656 δὲ
347 610 662 671 καθ’Ἕλληνας
698 614 724 671 ἦ
755 617 869 673 φωνν)
911 618 982 662 τὸν
1020 618 1410 678 πρωτοστράτορα),
1453 623 1526 664 καί
1550 625 1710 672 πίστεις

229 695 259 727 1)
274 681 414 730 δόντος
442 681 499 730 ὥς
527 681 652 723 οὐδέν
677 699 716 724 τι
751 683 1080 738 παραγενόμενος
1113 685 1298 728 πείσεται
1326 687 1468 741 αἠδές.
1525 685 1709 742 α’παντῆὲ

271 762 349 795 σας
377 748 450 788 καί
473 749 531 804 τῷ
555 749 801 805 Βαλδουίνῳ
843 748 1118 803 σπεισάμενος
1160 753 1387 808 α’φισταται
1423 755 1501 805 μὲν
1526 753 1603 795 τοῦ
1633 756 1710 796 Δι-

271 813 551 865 δυμοτοίχου,
582 814 625 861 ἐς
653 814 700 855 δὲ
734 815 1038 870 Θεσσαλονίκην
1077 815 1267 867 κάτεισι,
1304 816 1377 859 καί
1401 816 1516 872 παρὰ
1546 815 1712 860 πάντων

269 878 429 930 άμαχεί
469 879 793 932 παρεισδεχθείς
837 879 912 933 τὴν
951 880 1073 924 πόλιν
1097 880 1268 935 εἴσεισι,
1307 883 1381 925 τὸν
1407 881 1554 938 καιρὸν
1581 884 1627 925 ἑν
1655 885 1712 941 τῷ
1728 911 1778 938 10

270 940 420 985 αὐτίκα
459 944 705 994 καθυποδὺς
732 946 805 986 καί
835 944 882 987 τό
914 948 986 988 τοῦ
1012 948 1164 1003 τρόπον
1195 950 1399 998 σκαιῶδές
1426 964 1469 991 τε
1496 949 1569 990 καί
1592 963 1712 1003 στρε-

268 1005 486 1062 βλόχειλον
514 1008 866 1064 ἐπικρυψάμενος.
897 1009 1005 1066 πλὴν
1026 1013 1103 1053 ουἰι
1122 1013 1194 1055 ἐπὶ
1218 1012 1322 1055 πολι)
1350 1020 1435 1065 τοῖς
1452 1015 1713 1068 δεδογμένοις

266 1074 477 1126 ἐμμείνας,
491 1077 543 1130 τῇ
560 1075 605 1117 δὲ
621 1077 728 1132 γαλῇ
746 1077 1055 1130 παρομοιωθείς
1074 1076 1125 1132 ἢν
1145 1077 1328 1134 διήλεγξε
1343 1078 1389 1121 tc)
1403 1081 1528 1134 στέαρ
1539 1094 1712 1134 παρεισ-

266 1136 392 1180 πεσόν
410 1171 422 1192 ,
447 1141 490 1189 ἐς
506 1156 560 1194 χρ
568 1141 708 1194 ἡματα
721 1143 820 1191 τοὺς
838 1143 1155 1193 Θεσσαλονικεῖς
1169 1146 1410 1199 ἐζημίωσεν,
1424 1144 1618 1194 εὐθαλεῖς
1635 1144 1711 1194 τὰς

266 1200 464 1257 ὑπάρξεις
494 1201 601 1246 εἶναι
628 1205 794 1259 μαθών.
832 1204 924 1250 εἶτα
947 1210 1021 1250 καί
1047 1208 1125 1258 τάς
1151 1211 1235 1252 τῶν
1262 1210 1461 1264 οἰκήσεων
1488 1209 1710 1260 καλλίστας
1726 1223 1776 1265 15
1803 1241 1805 1243 -

266 1268 313 1309 ἐκ
343 1272 426 1310 τῶν
459 1268 641 1322 ἑχόντων
671 1270 924 1326 ἀφελόμενος
954 1279 1041 1322 τοῖς
1067 1276 1114 1316 ἐκ
1142 1275 1214 1329 τῆς
1239 1273 1420 1324 ἱππάδος
1444 1277 1585 1332 ἐκεινῳ
1616 1277 1710 1318 δια-

263 1335 445 1376 δέδωκεν
471 1336 531 1384 εἰς
558 1338 776 1391 ἐνοίκησιν.
835 1339 882 1379 ἐκ
908 1339 954 1380 δὲ
981 1338 1131 1381 τούτου
1158 1339 1236 1395 την
1260 1340 1508 1395 σύλλεκτρον
1527 1341 1710 1396 Μαρίαν

265 1400 340 1440 καί
364 1405 519 1455 μοῖραν
543 1403 614 1455 τῆς
640 1405 841 1457 στρατιᾶς
868 1405 1001 1446 ἐκεῖσε
1027 1404 1269 1447 καταλιπών
1295 1403 1446 1456 ἔξεισιν
1473 1404 1613 1460 αὐτός,
1637 1410 1715 1449 καί

266 1463 342 1513 τοὶς
369 1463 510 1516 πόλεις
534 1467 735 1520 μέτεισιν,
766 1464 862 1509 δ’σαι
890 1484 935 1511 τε
965 1471 1063 1523 περὶ
1087 1472 1247 1526 Σέρρας
1277 1470 1612 1524 καθυπτιάζουσι
1637 1473 1711 1514 καί

265 1535 351 1578 τοῖς
392 1526 507 1585 ὅροις
541 1533 614 1585 τῆς
650 1535 861 1588 Βερροίας
898 1536 1209 1590 προσήνωνται,
1257 1539 1329 1579 καί
1366 1533 1463 1578 ὅσαι
1510 1536 1618 1592 πρός
1657 1538 1707 1581 τὰ
1722 1562 1774 1589 20

139 1609 175 1644 P.
190 1609 257 1646 388
275 1597 418 1650 Τέμπη
444 1597 528 1638 τῶν
556 1598 776 1640 Θετταλῶν
806 1602 1117 1654 παρατείνουσι.
1184 1600 1396 1656 κρατήσας
1436 1597 1512 1645 οὖν
1536 1603 1712 1646 τουτωνὶ

267 1659 385 1715 παρὰ
418 1658 545 1713 δόξαν
573 1661 676 1716 ἔγνω
713 1664 786 1706 καί
810 1664 1034 1721 Λαρίσσης
1063 1666 1194 1721 αὐτῆς
1222 1669 1415 1720 ἐπιβῆναι
1443 1667 1516 1710 καὶ
1543 1670 1599 1711 δι’
1617 1669 1709 1712 Ἑλ-

267 1722 394 1775 λάδος
422 1726 573 1769 ἐλάσαι
602 1726 674 1769 καί
697 1726 992 1784 χειρώσασθαι
1022 1730 1097 1787 την
1126 1733 1204 1773 τοῦ
1230 1732 1438 1786 Πέλοπος,
1467 1731 1617 1789 κρίνων
1639 1732 1712 1777 ἀεὶ

359 1849 393 1884 5.
418 1848 683 1894 μαρισκοῖλδος
708 1851 828 1884 APW:
854 1852 952 1897 quod
989 1854 1155 1898 reposui,
1186 1854 1286 1888 dedit
1311 1855 1347 1887 B.
1469 1866 1520 1889 ιο.
1544 1855 1710 1899 προσδε·

357 1896 468 1939 χθεὶς
490 1896 530 1928 Α.
630 1898 679 1940 14.
708 1897 893 1945 εδθαλεῖς]
922 1897 1037 1938 ὅσους
1059 1901 1178 1942 ἔμαθε
1202 1902 1411 1941 πλουσίους
1431 1900 1529 1938 εἶναι
1553 1904 1616 1936 καὶ
1639 1913 1710 1948 yo-

358 1935 448 1976 νικά
476 1939 710 1977 vineatam&
737 1939 855 1979 πολλὰ
884 1946 1042 1990 ἔχοντας
1065 1947 1100 1979 Β.

268 2058 494 2095 manserant,
535 2055 666 2090 litteris
702 2057 945 2092 revocabatur.
1004 2059 1181 2094 Balduino
1210 2071 1350 2093 reverso
1379 2060 1536 2094 marchio
1561 2071 1708 2106 quoque

269 2109 334 2143 per
358 2100 539 2147 lofredum
573 2103 753 2147 quendam
787 2116 935 2150 magnae
969 2107 1192 2140 auctoritatis
1228 2106 1322 2151 apud
1342 2107 1486 2140 Latinas
1510 2106 1630 2151 copias
1654 2108 1708 2140 vi-

269 2156 368 2186 rum,
397 2157 504 2191 quem
527 2148 585 2181 illi
608 2151 883 2193 mariscaldum,
919 2151 1046 2186 Graeci
1071 2158 1367 2198 protostratorem
1391 2158 1539 2193 vocant,
1565 2164 1710 2186 revoca-

267 2196 349 2231 tur-3
375 2197 413 2225 et
440 2192 512 2226 fide
538 2195 759 2240 impunitatis
792 2203 938 2243 accepta
960 2199 998 2232 in
1035 2199 1159 2232 urbem
1184 2200 1386 2244 profectus,
1413 2210 1454 2231 ac
1478 2199 1707 2232 reconciliata

267 2236 434 2270 Balduini
459 2240 582 2282 gratia,
594 2242 846 2286 Didymoticho
865 2244 962 2278 cedit
988 2250 1024 2279 et
1037 2245 1327 2279 Thessalonicam
1357 2244 1561 2286 descendit3
1578 2245 1640 2278 ubi
1660 2247 1708 2279 ab

267 2284 434 2318 omnibus
452 2286 539 2318 citra
555 2287 818 2323 dimicationem
846 2297 1030 2337 susceptus
1055 2292 1180 2326 urbem
1205 2291 1420 2336 ingreditur,
1446 2291 1482 2323 in
1504 2293 1708 2336 praesentia

268 2331 420 2375 tempori
435 2332 602 2374 serviens,
626 2334 759 2378 ingenii
781 2337 918 2370 malitia
939 2343 976 2371 et
999 2339 1118 2372 animo
1143 2338 1298 2383 bilingui
1328 2337 1562 2371 dissimulato.
1587 2349 1706 2384 neque

267 2381 388 2409 tamen
427 2376 563 2412 diutius
599 2379 805 2415 institutum
840 2387 965 2416 tenere
999 2385 1138 2429 potuit:
1177 2384 1240 2418 sed
1278 2389 1320 2417 ut
1358 2384 1546 2417 mustelam
1580 2384 1705 2418 sebum

267 2422 449 2467 prodidit,
472 2424 522 2458 ita
545 2425 620 2470 ipse
650 2426 986 2463 Thessalonicenses
1001 2455 1010 2471 ,
1047 2431 1198 2475 cognitis
1224 2442 1345 2464 eorum
1374 2430 1502 2475 opibus
1517 2456 1525 2470 ,
1550 2433 1705 2476 pecunia

266 2469 444 2503 multavit.
470 2470 602 2505 deinde
636 2474 891 2518 pulcherrimas
928 2476 1034 2509 aedes
1075 2477 1228 2510 dominis
1257 2482 1397 2522 ereptas
1421 2477 1606 2521 equitibus
1631 2478 1704 2512 suis

266 2515 475 2550 incolendas
503 2518 665 2562 tradidit;
684 2521 870 2566 Mari-aque
893 2523 1041 2566 coniuge
1061 2528 1097 2557 et
1110 2528 1210 2568 parte
1228 2524 1401 2556 exercitus
1418 2523 1468 2556 ibi
1495 2524 1630 2565 relicta,
1644 2536 1706 2557 ur-

268 2561 376 2595 bibus
406 2574 499 2608 quae
524 2565 637 2599 Serris
663 2571 700 2600 et
725 2567 924 2601 Berrhoeae
953 2569 1126 2602 finitimae
1152 2575 1235 2603 sunt
1261 2574 1298 2603 et
1320 2569 1366 2602 ad
1391 2570 1524 2615 Tempe
1547 2570 1703 2604 Thessa-

266 2607 336 2640 lica
366 2611 573 2654 pertinent,
613 2619 755 2658 praeter
787 2614 992 2658 opinionem
1030 2616 1186 2660 potitus,
1213 2627 1351 2660 semper
1375 2627 1416 2648 ea
1443 2627 1534 2661 quae
1561 2621 1703 2650 teneret

267 2654 394 2698 exigua
418 2663 536 2699 ratus,
578 2663 614 2692 et
641 2658 687 2692 ob
711 2661 945 2694 Romanorum
984 2661 1247 2707 simplicitatem
1272 2663 1422 2695 ulterius
1446 2663 1612 2708 progredi
1638 2675 1700 2695 eu-

264 2700 388 2744 piens,
414 2704 522 2736 etiam
547 2704 717 2739 Larissam
743 2706 911 2740 invadere
937 2712 974 2740 et
998 2719 1062 2751 per
1086 2708 1270 2742 Graeciam
1291 2710 1446 2742 transitu
1474 2709 1569 2742 facto
1594 2709 1699 2742 Pelo—

266 2757 463 2792 ponnesum
500 2761 673 2797 occupare
708 2753 842 2789 statuit.
886 2753 1129 2800 sequebantur
1158 2767 1237 2790 eum
1265 2756 1413 2790 Romani
1438 2766 1582 2802 quoque
1607 2766 1700 2790 nen-
