1878 3230
483 186 709 230 ALssqus
758 183 1024 226 MANUEHS
1064 182 1302 225 coMNEM
1343 186 1388 224 F.
1547 164 1656 239 317

221 294 356 344 μένων
376 287 606 344 ηὐτύχησε,
635 282 708 325 καί
730 282 993 336 μυωπισθείς
1023 279 1086 332 οἷς
1105 286 1201 337 παρ’
1233 284 1359 338 αὐτῆς
1387 278 1554 336 ἠκηκόει
1579 285 1661 323 θυ-

221 355 375 412 μήρεσι
409 351 594 408 ῥήμασιν
639 348 696 398 αἷς
738 350 862 397 ἵππος
888 347 1156 403 σταδιευτὴς,
1177 347 1228 390 τά
1259 350 1337 400 μὲν
1363 349 1444 390 τῶν
1475 350 1661 402 flamia-

221 421 351 475 γόνων
394 416 590 472 μεθίησιν
625 411 750 470 ὅρια,
794 411 853 465 εἰς
891 416 939 456 δὲ
974 413 1051 468 τήν
1088 415 1193 456 κατὰ
1225 414 1393 455 Πόντον
1408 410 1660 466 ζΙῑῖροξκλειαν

223 486 521 541 παραγίνεται,
563 482 756 530 κάκεῖθεν
782 482 1034 535 προσωτέρω
1055 484 1207 534 χωρεῖ’,
1235 479 1285 534 τῇ
1309 477 1559 535 πολυτρόπῳ
1582 493 1660 530 -με-

186 549 368 608 ὄθοδείᾳ
398 550 470 591 καί
498 548 557 605 τῷ
580 547 656 588 τοῦ
682 540 814 600 ἤθους
851 542 1166 602 ὖποκαθειμένῳ
1194 546 1268 586 καί
1292 545 1350 600 τῷ
1374 545 1660 600 σεσοφισμένε..

222 616 461 674 φρονήματι
490 613 691 664 ἐξομιλῶν
736 608 833 659 τούς
862 610 906 651 ἒν
933 608 1032 651 ποσὶ
1072 609 1230 658 πάντας
1257 609 1330 651 καί
1354 608 1661 661 οἰκειούμενος,

224 681 318 725 ἐπεὶ
345 680 420 722 καί
444 681 505 727 τίς
533 679 580 720 ἐκ
604 677 756 730 πέτρας
783 674 1016 728 α’γελάστου
1036 670 1168 723 οὕτως
1201 670 1251 729 ἦν
1278 672 1436 729 προϊών
1462 670 1489 729 ἢ
1518 675 1701 728 καρδί-(ζ

223 763 277 789 αν
303 747 482 801 σιδηρέῳ
509 742 759 796 χαλκευθείς
800 735 974 793 ἄκμονι,
1003 738 1059 788 ὥς
1088 734 1281 792 ἄτεγκτος
1322 735 1430 780 εἶναι
1458 744 1545 787 τοῖς
1567 738 1662 781 ’.Αν-

222 814 414 866 δρονίκου
447 805 793 862 δακρυρροὴμασι
821 803 896 846 καὶ
923 807 975 862 τῇ
1004 803 1180 862 αἱμυλίᾳ
1210 806 1290 846 τῶν
1307 801 1507 858 ῥημάτων
1522 802 1663 844 ὅπωσ-

163 896 210 922 10
223 879 295 919 οὖν
325 876 594 930 ἄγοήτευτος,
635 868 740 926 ἅπερ
779 869 884 913 κατὰ
911 867 1060 925 κρήνην
1085 867 1347 925 μελάνυδρον
1378 867 1470 923 ἔχεε
1502 871 1575 910 καί
1600 865 1664 917 οἷς

221 941 442 996 α’πατηλῶς
470 954 514 980 τε
558 934 647 990 ἅμα
675 935 748 978 καί
785 936 970 992 ἐφολκαῖς
1005 934 1319 988 ἐστωμύλλετο,
1354 933 1427 976 τὸν
1450 934 1556 989 ὑπὲρ
1586 935 1663 975 τοῦ

220 1008 354 1050 καλοῦ
393 1007 517 1059 ζῆλον
555 1004 776 1058 προφέρων
816 1001 889 1043 καί
914 1000 990 1056 τὴν
1024 1003 1101 1043 τοῦ
1141 1002 1388 1055 κρατοῦντος
1415 1001 1663 1053 ἐλευθερίαν

220 1070 541 1126 ὑποκρινόμενος
551 1086 566 1121 ,-
607 1067 697 1110 ἄλλ’
725 1068 814 1108 οὔδ’
843 1063 866 1107 ὅ
906 1063 1245 1120 πρωτοσεβαοτὸς
1274 1067 1346 1107 ἐπὶ
1370 1063 1533 1114 τούτοις
1559 1065 1663 1118 η’μέ.

222 1142 286 1179 λει
314 1133 576 1178 παντάπασιν
592 1165 604 1186 ,
631 1133 764 1174 καίτοι
792 1131 1023 1186 γυνανδρος
1049 1124 1136 1183 ὤν,
1163 1131 1236 1172 καί
1259 1129 1318 1183 μή
1346 1128 1476 1182 μόνον
1502 1129 1576 1183 την
1605 1130 1713 1173 ἔων.
1733 1140 1795 1173 13⁰

162 1205 283 1252 ι5εἰς
307 1200 354 1244 τὸ
389 1198 581 1255 νὴγερτον
619 1197 848 1240 ὖπνώττειν
874 1198 1189 1238 καταναλίσκων
1216 1195 1324 1236 α’λλιὶ
1352 1193 1425 1236 καί
1449 1193 1554 1235 πολὺ
1589 1196 1665 1248 τῆς

221 1267 381 1323 ἡμέρας
408 1263 514 1320 πρὸς
540 1265 663 1305 τοῦτο
702 1262 969 1314 ἐκδαπανῶν,
998 1259 1073 1302 καί
1097 1261 1165 1302 ἵνα
1188 1259 1248 1314 μή
1273 1260 1320 1302 τὸ
1348 1257 1666 1302 α’σπασιώτατον

219 1337 309 1382 τοῖς
336 1327 480 1380 ἄλλοις
506 1329 628 1384 ἡλίου
655 1330 870 1383 βλέφαρον
894 1325 971 1376 τὰς
998 1327 1156 1368 ἐκείνου
1184 1324 1312 1381 κόρας
1338 1324 1542 1382 ὖπανοίγῃ
1575 1326 1667 1366 δια,

221 1395 423 1454 φωτίζον,
455 1390 808 1449 παραπετάσμασι
836 1393 1160 1447 στεγανωτέροις
1177 1392 1366 1447 ε’κζοφῶν
1384 1390 1428 1432 τὸ
1457 1388 1666 1442 δωμάτιον

220 1464 265 1504 ἐν
294 1455 327 1521 ᾧ
362 1461 586 1511 ἐκάθευδε,
626 1461 700 1499 καί
730 1460 825 1499 καθ’
862 1455 1005 1513 ἕτερόν
1034 1473 1075 1498 τι
1105 1456 1406 1511 σημαινόμενον
1425 1453 1706 1511 α’ποκρυβὴνῡ

157 1548 209 1574 20
220 1525 378 1569 ἑαυτοῦ
416 1524 463 1567 τὸ
503 1523 647 1573 σκότος
673 1525 902 1576 τιθέμενος.
968 1524 1010 1564 εἰ
1036 1524 1082 1564 δὲ
1111 1524 1182 1563 δεῖ
1202 1523 1482 1576 ἀληθέστερον
1506 1522 1664 1572 εἰπεῖν,

219 1591 271 1635 τᾶ
301 1594 378 1644 μὲν
404 1588 547 1638 νυκτὸς
575 1588 676 1643 ἔργα
704 1590 878 1644 τρυφῶν
914 1590 1026 1644 φωτί
1050 1589 1208 1643 ποιητῷ
1233 1585 1280 1628 τὸ
1309 1584 1500 1639 νύκτερον
1527 1587 1667 1626 διέλυε

222 1656 430 1713 ζόφωμα,
460 1654 581 1709 ἡλίου
613 1656 659 1695 δὲ
689 1653 760 1696 τὸν
790 1651 892 1710 ἑῷον
931 1652 1127 1708 ὁρίζοντα
1158 1652 1450 1703 ἀναβαίνοντος
1477 1649 1582 1691 κατὰ
1611 1649 1664 1690 τὰ

222 1723 354 1777 θηρία
380 1719 451 1762 τὸν
478 1725 612 1761 κοῖτον
635 1718 907 1771 μεταδιώκων
935 1718 1090 1771 τάπησι
1114 1716 1187 1757 καί
1203 1718 1370 1764 πέπλοις
1399 1715 1444 1756 τὸ
1476 1716 1568 1770 φῶς
1593 1714 1668 1755 ἆν-

222 1790 440 1844 τέφραττε.
494 1782 733 1827 τοίνυνκαὶ
760 1784 934 1837 σμήχων
965 1780 1063 1831 τούς
1088 1783 1352 1836 σαπριαῖντας
1383 1782 1464 1822 τῶν
1490 1777 1667 1821 ὀδόντων

314 1901 347 1934 3.
375 1891 443 1941 τὴν
467 1893 788 1942 ποντοηρᾰκλειαν
811 1894 846 1926 Β.
966 1894 999 1927 6.
1029 1892 1219 1938 ἐξομαλαῖν
1244 1892 1283 1925 Α.
1380 1904 1409 1937 7.
1439 1891 1501 1924 καὶ
1528 1902 1586 1924 om
1610 1891 1647 1923 A.

220 2009 484 2056 degenerabat,
521 2010 604 2054 suga
641 2008 687 2041 ad
719 2019 798 2041 eum
842 2007 963 2053 elapsa
993 2011 1028 2040 et
1052 2006 1184 2039 diserte
1210 2017 1349 2038 omnem
1379 2004 1505 2048 palatii
1532 2009 1665 2037 statum

223 2060 424 2098 referente,
452 2056 623 2089 suavibus
648 2055 748 2088 illius
773 2054 892 2088 verbis
919 2060 959 2086 ut
987 2065 1100 2098 equus
1124 2064 1246 2086 cursor
1269 2051 1421 2095 flagellis
1447 2052 1665 2091 concitatus,

221 2105 488 2150 Paphlagonum
514 2103 648 2135 finibus
674 2101 808 2134 relictis
833 2101 936 2133 Ponti
967 2100 1176 2132 Heracleam
1202 2098 1450 2143 proficiscitur.
1474 2103 1584 2142 atque
1609 2097 1667 2130 in-

222 2151 269 2185 de
295 2151 436 2194 longius
461 2159 667 2193 progressus
692 2147 886 2191 multiplici
909 2147 1130 2183 calliditate,
1156 2146 1308 2187 obscuro
1328 2145 1472 2187 ingenio
1496 2150 1532 2176 et
1555 2144 1667 2176 simu-

222 2197 324 2231 landi
351 2208 391 2229 ac
428 2194 679 2228 dissimulandi
701 2195 854 2226 artificio
888 2194 1014 2226 obvios
1037 2203 1201 2237 quosque
1229 2191 1455 2236 praeparavit
1483 2195 1521 2223 et
1546 2191 1667 2223 conci-

222 2244 335 2277 liavit.
358 2240 440 2276 nam
466 2242 547 2286 quis
582 2252 627 2273 ex
660 2239 751 2273 dura
779 2239 871 2272 adeo
895 2250 982 2283 rupe
1009 2244 1114 2272 natus
1153 2244 1248 2271 esset
1276 2243 1313 2270 et
1340 2237 1448 2270 corde
1474 2236 1565 2269 adeo
1594 2237 1666 2269 ser-

224 2301 286 2323 reo
318 2289 525 2334 praeditus,
565 2293 607 2320 ut
634 2286 833 2320 Andronici
863 2286 1018 2318 lacrimis
1053 2291 1090 2318 et
1111 2284 1302 2318 verborum
1324 2284 1526 2328 praestigiis
1555 2288 1666 2327 atque

222 2336 428 2375 illecebris,
455 2344 548 2379 quae
576 2333 686 2366 fontis
712 2334 826 2366 instar
853 2331 1124 2372 exuberabant,
1146 2342 1218 2363 non
1247 2330 1479 2363 moveretur?
1505 2330 1667 2362 iactabat

225 2383 322 2415 enim
345 2382 490 2414 honesti
516 2379 687 2419 studium,
713 2385 750 2412 et
772 2379 997 2424 imperatoris
1023 2378 1229 2410 libertatem
1258 2387 1362 2410 curae
1381 2376 1453 2408 sibi
1478 2387 1556 2408 esse
1583 2387 1666 2420 pro-

224 2430 405 2462 fitebatur.
434 2432 614 2459 caeterum
638 2437 706 2458 nec
729 2426 998 2470 protosebastus
1024 2425 1093 2457 ista
1110 2424 1336 2467 negligebat,
1366 2433 1575 2467 quanquam
1598 2422 1665 2454 ho-

225 2486 282 2507 mo
310 2474 535 2507 effeminatus
550 2498 559 2512 ‚
585 2473 649 2517 qui
674 2483 749 2505 non
776 2483 940 2504 auroram
958 2476 1100 2504 tantum
1123 2469 1308 2503 stertendo
1329 2469 1575 2507 consumebat,
1601 2467 1665 2500 sed

225 2531 385 2563 magnam
423 2519 499 2552 diei
534 2529 683 2563 quoque
718 2524 858 2562 partem
893 2528 1019 2550 somno
1053 2516 1252 2557 tribuebat3
1291 2521 1328 2548 et
1350 2526 1396 2548 ne
1428 2514 1534 2547 iubar
1557 2514 1664 2553 solis,

225 2567 307 2599 aliis
334 2566 621 2610 optatissimum,
649 2564 758 2597 radiis
783 2565 906 2597 oculos
933 2564 967 2597 ei
993 2563 1167 2607 aperiret,
1191 2563 1280 2595 velis
1307 2562 1535 2594 densioribus
1563 2559 1666 2591 cubi-

226 2613 347 2644 culum
374 2612 614 2653 obscurabat3
654 2622 747 2655 quae
779 2622 833 2643 res
873 2621 915 2643 eo
956 2620 1103 2654 quoque
1136 2608 1343 2653 pertinebat
1364 2613 1406 2640 ut
1440 2608 1478 2639 in
1505 2605 1664 2639 tenebris

225 2659 464 2691 delitesceret.
492 2657 591 2702 quod
614 2658 644 2690 si
667 2657 786 2690 verius
813 2655 1005 2690 dicendum
1034 2661 1108 2695 est,
1131 2666 1241 2700 opera
1265 2653 1433 2687 nocturni
1448 2653 1552 2684 luxus
1577 2651 1666 2683 faci-

222 2706 292 2738 bus
317 2704 477 2736 accensis
500 2703 713 2747 peragebat,
741 2704 881 2736 factitio
906 2703 1043 2735 lumine
1069 2701 1239 2734 discussis
1267 2699 1438 2733 tenebris.
1468 2699 1544 2730 sole
1580 2708 1664 2730 vero

226 2752 265 2785 in
290 2755 450 2784 nostrum
476 2747 778 2794 hemisphaerium
801 2748 1036 2789 ascendente,
1067 2759 1166 2782 more
1193 2747 1348 2781 ferarum
1377 2744 1496 2779 cubile
1520 2748 1659 2789 petum,
