1878 3230
263 159 373 221 350
687 177 916 221 mem-AR
953 177 1265 221 cnoNiATAE

258 280 515 339 παναφήλικι
553 282 723 332 βασιλεῖ
750 278 822 320 καί
858 280 1011 336 διοριρη
1040 277 1084 323 τὸ
1122 278 1392 335 γενησόμενον
1418 280 1489 323 καὶ
1517 285 1693 336 περατοῖ

257 347 305 390 τὸ
326 343 668 402 πραχθησόμενον
705 346 796 396 μετ’
837 342 985 398 ἰσχύος
1029 346 1217 399 μείζονος
1245 346 1318 386 καί
1347 346 1538 396 ἔξουσίας
1563 346 1686 402 ἀρχι-

257 415 463 466 κωτέρας,
489 405 602 463 εἶχον
629 408 760 459 εὐθύς
786 408 887 459 τοὺς
913 411 1306 465 περιεστῶτας,”και“
1333 407 1424 452 ὅσοι
1447 425 1524 466 περ
1549 411 1688 470 ἐκείνῳ

132 488 167 522 Ρ.
186 488 244 533 ι74
259 477 509 533 συνήδρευον
541 475 611 517 διὰ
628 477 769 530 γένους
792 473 1057 532 λαμπρότητα
1077 479 1149 519 καί
1175 475 1423 529 ἀξιωμάτων
1449 475 1689 532 σεμνότητα,

258 542 492 598 ὁμοφώνως
531 536 838 595 οἷνακραγόντας
872 541 1003 583 πάλαι
1041 536 1183 590 αὐτοῖς
1225 537 1331 583 εἶναι
1374 540 1422 583 τὸ
1454 543 1725 597 προβληθὲν5

259 611 311 650 δι’
342 609 545 663 ἐφέσεως,
570 608 641 647 καί
665 608 807 661 μηκέτι
836 605 984 662 καιρόν
1011 603 1116 649 εἶναι
1145 609 1223 648 τοῦ
1240 602 1526 648 ἀναδύεσθαι·
1552 601 1580 661 ἦ
1606 605 1689 662 γὰρ

256 667 310 714 ἂν
337 673 409 714 καί
433 674 530 724 βίαν
558 671 829 725 συμμίξωσι,
858 672 1164 728 προχωροῦσαν
1204 673 1278 714 οὐκ
1305 670 1470 726 ἔχοντες
1497 670 1573 726 τήν
1600 687 1692 713 πει-

257 737 343 779 aui.
401 736 546 789 οἷμὲλει
572 737 645 778 καί
669 738 741 791 τῆς
769 737 979 792 εὐφημίας
1007 737 1296 792 κατάρχονται,
1324 735 1397 778 καὶ
1423 737 1582 779 οὑτωσί
1604 753 1691 786 πως

257 805 496 845 διατιθέασι
535 802 612 857 τήν
650 801 903 856 α’νάρρησιν,
929 803 1147 854 ,,Ἀλεξίου
1165 802 1237 844 καί
1256 799 1530 857 Ἀνδρονίκου
1562 801 1694 857 μεγά-

257 874 342 912 λων
369 870 578 921 βασιλέων
613 866 687 908 καί
734 865 1052 922 αὐτοκρατόρων
1083 865 1302 920 Ῥωμαίων
1340 870 1424 910 τῶν
1459 869 1692 922 Κομνηνῶν
1706 878 1755 908 ιο

259 932 391 975 πολλὰ
423 931 475 975 τοὶ
523 931 618 988 ἔτη”
643 933 819 974 πλατέσι
857 931 931 974 καί
956 929 1182 987 ἆνεωγόσιν
1210 928 1381 990 ᾄδοντες
1409 930 1590 985 στόμασι
1620 931 1694 974 και·

257 999 411 1056 μικροῦ
439 996 781 1055 διαρρηγνύμενοι
807 1003 898 1044 ταῖς
932 1003 1103 1054 φωναῖς.
1160 999 1423 1047 διαδοθέντος
1449 999 1495 1040 δὲ
1519 1001 1596 1040 τοῦ
1619 1015 1693 1040 κα-

259 1066 337 1105 λοῦ
368 1065 490 1107 τοῦδε
516 1063 760 1118 πράγματος
791 1068 878 1113 τοῖς
906 1064 950 1105 ἐν
977 1066 1030 1121 τῇ
1056 1060 1174 1105 πόλει
1200 1064 1436 1118 α’βελτέροις
1455 1059 1584 1118 (οὕτω
1612 1062 1692 1118 γὰρ

256 1128 398 1185 χρεών
426 1127 500 1170 τόν
525 1131 1012 1184 Κωνσταντινουπολίτην
1044 1131 1175 1184 δῆμον
1202 1133 1375 1185 καλεῖν),
1404 1129 1461 1178 ὥς
1484 1130 1694 1182 μελισσῶν

222 1206 248 1237 Β
260 1195 393 1250 σμήνη
408 1197 489 1236 ταῖν
504 1194 689 1247 σιζαβλων
709 1191 1003 1236 ἀπαναστάντα
1018 1192 1067 1236 wi
1086 1193 1223 1250 πλήθη
1236 1194 1470 1237 συνείλεκτο
1485 1195 1531 1236 ἐκ
1543 1192 1694 1243 παντὸς
1710 1212 1724 1237 ι
1734 1197 1758 1237 5

259 1263 402 1315 γένους
427 1276 496 1301 και
523 1260 669 1314 τέχνης
689 1259 877 1339 ἁπάσηςη
881 1275 951 1301 και
979 1259 1114 1315 πάσης
1135 1257 1295 1314 ἡλικίας
1322 1262 1393 1315 τῆς
1420 1257 1601 1302 συνόδου
1625 1274 1695 1314 γε-

259 1326 502 1381 γενημένης,
534 1321 602 1366 ὅτε
629 1323 704 1366 καί
728 1341 789 1374 τις
816 1326 900 1366 τῶν
921 1327 997 1366 τοῦ
1025 1326 1170 1380 Βήλου
1191 1340 1360 1386 κριτων
1390 1324 1457 1380 (τό
1489 1326 1535 1366 δὲ
1564 1339 1695 1377 ονομα

259 1389 366 1432 ὲκών
394 1387 703 1445 ὑπερβήσομαι)
733 1405 793 1439 εις
818 1388 861 1431 τό
884 1387 959 1431 τοῦ
983 1389 1055 1431 ἐπὶ
1069 1406 1150 1432 των
1172 1379 1354 1445 δεήσεων
1374 1391 1573 1446 σ’φφίκιον
1595 1385 1697 1432 οἶνοι-

265 1454 346 1508 βιὶς
384 1471 440 1505 ως
467 1453 662 1510 θεραπων
685 1451 959 1510 Ἀνδρονίκου
1001 1453 1277 1509 θερμότατος,
1306 1458 1380 1497 καί
1405 1450 1529 1503 ἄλλος
1555 1456 1602 1496 δέ
1633 1470 1698 1504 τις

266 1519 596 1576 πρωτονοτάριος
622 1520 813 1574 τιμηθεις
839 1518 1156 1576 γλωττογάοτωρ
1185 1520 1259 1562 καὶ
1282 1518 1460 1575 μηδενὸς
1483 1521 1696 1573 α’γενὲστε-
1708 1538 1759 1564 20

268 1602 339 1641 ρος
372 1589 446 1640 τῆς
483 1587 724 1640 τυραννίδος
767 1585 1062 1663 υποδρηστήρ,
1099 1587 1174 1640 τῆς
1216 1584 1318 1627 κατὰ
1351 1584 1426 1640 τήν
1465 1581 1702 1640 ἀνάρρησιν·

266 1653 343 1692 τοῦ
370 1649 639 1706 Ἀνδρονίκου
685 1649 826 1706 φήμης
867 1649 1087 1706 ἁπανταχῇ
1122 1651 1421 1705 διατρεχούσης
1459 1667 1527 1692 και
1555 1651 1698 1691 αὐτῶν

267 1717 313 1757 δὲ
340 1717 423 1757 τῶν
449 1715 775 1771 φαυλοκολοὲκων
802 1714 850 1757 τά
882 1710 970 1757 aira
987 1715 1369 1771 περικτυπησοίσης,
1401 1713 1540 1772 ὥσπερ
1565 1717 1610 1758 ἐν
1634 1712 1698 1758 ἔνι’

356 1827 388 1848 2.
412 1816 492 1862 μετ’
518 1814 663 1862 ἰσχύος]
692 1814 801 1895 μεταλ
813 1817 1087 1872 μεγαλωτέρας
1101 1815 1294 1862 δυναμεως
1320 1816 1357 1848 B.
1487 1798 1519 1850 3.
1541 1813 1607 1862 ἐκ]
1630 1814 1696 1850 α’ν·

354 1863 516 1907 δρονίκω
547 1864 587 1895 A.
725 1865 756 1907 4.
782 1861 938 1920 λαμπρ]
971 1861 1177 1909 σεμνότητα
1211 1864 1274 1895 καὶ
1301 1860 1356 1901 ἐξ.
1384 1861 1627 1908 λαμπρότητα
1652 1862 1691 1894 Α.

362 1920 411 1942 ιι.
443 1911 507 1942 καὶ
529 1907 689 1955 μικροῦ]
722 1909 842 1942 καὶτὰ
871 1908 995 1943 αὐτων
1013 1909 1202 1952 σχίζοντες
1225 1907 1394 1966 στόματα
1416 1908 1453 1940 Β.
1530 1910 1594 1954 -ι6.
1623 1907 1696 1943 ποί-

353 1964 419 1998 σης
444 1966 501 1988 om
527 1956 567 1988 A.
661 1965 715 1989 20·
743 1954 1049 2002 γλωττογοῖστωρ]
1076 1953 1298 2000 γλωσσιόδης
1326 1948 1422 2000 α’νῆρ
1448 1954 1486 1988 Β.

261 2069 448 2099 immaturo
475 2066 690 2111 imperatore
713 2071 892 2108 uteretur,
918 2067 1031 2100 oculis
1057 2071 1166 2111 atque
1194 2067 1311 2099 animo
1329 2067 1368 2100 in
1395 2078 1510 2101 rerum
1534 2066 1692 2099 omnium

258 2113 606 2145 administrationem
629 2119 665 2146 et
689 2114 937 2146 executionem
960 2113 1157 2146 maioribus
1179 2112 1316 2147 viribus
1339 2118 1376 2145 et
1398 2114 1612 2146 auctoritate
1635 2112 1693 2145 in-

258 2165 390 2192 tentus.
419 2169 549 2191 corona
578 2170 659 2192 vero
689 2161 941 2201 circumstans,
971 2165 1008 2193 et
1030 2159 1226 2194 Andronici
1256 2158 1303 2190 ob
1326 2159 1553 2203 splendorem
1585 2169 1693 2203 gene-

259 2206 306 2238 ris
336 2211 372 2238 et
397 2204 610 2248 dignitatum
630 2206 879 2238 excellentiam
904 2217 1109 2247 assessores,
1134 2217 1205 2239 una
1229 2216 1316 2238 voce
1344 2207 1587 2239 exclamarunt
1614 2216 1691 2238 eam

259 2262 332 2284 rem
359 2250 429 2284 sibi
457 2252 526 2283 iam
553 2252 638 2284 olim
664 2253 702 2285 in
726 2253 818 2284 votis
844 2263 942 2293 esse,
967 2264 1034 2285 nec
1063 2252 1351 2295 tergiversationi
1375 2253 1492 2285 locum
1522 2252 1690 2296 relinqui.

259 2297 358 2342 quod
381 2297 451 2329 nisi
486 2308 564 2329 cum
591 2299 705 2342 gratia
735 2299 988 2342 impetrarent,
1022 2299 1093 2332 vim
1121 2298 1329 2331 minitantes
1346 2322 1355 2338 ‚
1397 2300 1690 2332 acclamationem

259 2344 352 2376 hanc
379 2343 539 2386 (Alexius
567 2349 603 2376 et
627 2344 851 2378 Andronicus
881 2345 1077 2382 comneni
1107 2344 1225 2388 magni
1258 2345 1490 2389 imperatores
1524 2351 1561 2378 et
1590 2344 1692 2390 prin-

260 2391 356 2435 cipes
383 2391 643 2431 Romanorum,
668 2392 799 2424 multos
826 2402 936 2424 annos
961 2391 1123 2435 vivunto)
1156 2390 1271 2423 hianti
1303 2402 1363 2423 ore
1397 2397 1433 2425 et
1459 2392 1576 2436 plenis
1611 2391 1691 2424 sau-

261 2437 362 2469 cibus
386 2436 615 2476 cecinerunt,
651 2442 691 2470 ut
724 2448 848 2482 parum
885 2437 1029 2470 abesset
1060 2437 1148 2481 quin
1184 2437 1399 2470 clamoribus
1431 2442 1690 2482 rumperentur.

262 2494 340 2516 cum
366 2493 407 2515 ea
430 2482 611 2527 praeclara
636 2494 691 2516 res
719 2483 765 2516 ad
787 2483 958 2528 simplicis
981 2483 1107 2527 populi
1130 2484 1232 2516 aures
1257 2485 1477 2528 pervenisset
1500 2485 1566 2529 (sic
1593 2483 1689 2517 enim

262 2529 452 2574 Cpolitana
475 2529 578 2573 plebs
604 2529 763 2562 vocanda
789 2531 876 2575 est),
901 2530 1014 2562 omnis
1043 2531 1182 2573 generis
1207 2531 1336 2563 aetatis
1367 2531 1500 2574 opificii
1524 2530 1692 2563 multitu·

263 2576 309 2609 do
334 2576 432 2609 velut
454 2586 560 2619 apum
584 2577 747 2609 examina
780 2576 980 2609 alvearibus
1014 2578 1123 2608 effusa
1159 2578 1343 2618 convenit3
1371 2583 1408 2610 et
1439 2577 1584 2622 quidam
1611 2575 1690 2609 Beli

264 2622 392 2663 iudex,
419 2622 519 2655 cuius
541 2632 672 2655 nomen
697 2622 814 2655 libens
838 2628 1044 2667 praetereo,
1069 2628 1109 2655 ut
1135 2623 1467 2656 observantissimus
1491 2622 1686 2658 Andronici

264 2669 416 2702 famulus
443 2668 642 2713 supplicum
668 2669 874 2702 libellorum
896 2668 1049 2702 officium
1075 2668 1238 2714 adeptus,
1266 2675 1301 2703 et
1325 2670 1416 2702 alius
1434 2669 1579 2714 quidam
1604 2679 1687 2712 pro-

265 2715 484 2757 tonotarius,
510 2714 615 2749 homo
642 2716 801 2750 tumidae
826 2716 969 2761 linguae
997 2721 1033 2749 et
1056 2717 1268 2761 praecipuus
1291 2716 1489 2761 tyrannidis
1513 2715 1686 2754 minister,
