1878 3230
462 233 533 273 DE
575 231 792 275 lsAAcxo
834 232 1053 275 ANGELo
1094 234 1193 276 Lm.
1234 237 1266 274 1.
1469 215 1574 293 '501

151 332 334 381 πουθεν,
364 331 431 370 καὶ
464 332 578 385 παρά
614 347 661 385 γε
693 332 777 387 θεῷ’
806 330 1122 386 άνεπέγκλητον,
1161 334 1236 374 τοῦ
1265 331 1443 385 ἐννόμως
1482 349 1584 388 κρα-

150 396 317 443 τοῦντος
343 395 681 449 προκινδυνεύειν
709 396 808 444 τούς
839 395 908 436 ὑπ’
937 396 1094 451 ἀρχήν,
1132 393 1161 451 ἢ
1196 399 1299 450 γοῦν
1335 400 1585 452 προσρέπειν

152 458 277 513 ἀνδρὶ
301 462 549 517 νεωτεριστῇ
576 460 648 502 καί
676 463 764 501 κατ’
797 460 983 516 α’λλήλων
1031 460 1365 514 ἑκπολεμιόσαντι
1404 460 1449 503 τὸ
1482 459 1586 514 ὄμὸ-

151 530 341 576 γλωττον.
399 526 440 568 εἶ
465 527 511 567 δέ
537 541 642 575 τινες
670 521 750 568 εἶεν
774 527 1159 580 μετακυβευομένην
1186 524 1349 579 ἔχοντες
1382 527 1458 581 τήν
1484 527 1589 581 γνώ-

114 590 234 644 5μην
262 593 335 632 καί
364 587 678 645 ἇμφιτάλαντον
708 585 737 642 ἢ
763 597 1094 644 προσκεχηνυΐαν
1120 587 1219 644 ὅλην
1258 594 1314 647 τῷ
1347 590 1587 648 α’ποστάτῃ,

150 653 222 696 καί
250 655 496 710 δυσερώτως
524 657 654 696 αὐτοῦ
674 655 894 708 ἑξέχονται,
915 654 988 696 καί
1014 654 1062 696 ὃν
1086 658 1192 709 χθὲς
1209 655 1266 705 ὥς
1293 655 1492 711 δεσπότην
1521 658 1589 698 δε-

150 720 373 775 σμόχειρες
415 718 701 775 ἐθεράπευον,
744 722 888 761 τοῦτον
928 720 1125 762 α’θετοῦσι
1165 721 1369 776 σήμερον,
1424 721 1589 777 αἴτησιν

149 783 299 840 ταύτην
328 784 484 833 αὐτοὺς
513 786 712 836 αἰτοῦμαι
746 785 1031 839 δικαιοτάτην,
1061 786 1123 827 ἐπ’
1161 785 1274 827 οἴκου
1311 784 1467 838 ἱζάνειν
1504 803 1587 841 μη·-

150 852 239 892 δενί
263 849 570 904 ἑπαρῆγοντας,
601 850 678 898 ἕως
709 844 761 891 ἂν
798 851 964 906 πολέμῳ
993 851 1232 906 διακριθείη
1272 850 1324 893 τά
1364 851 1630 907 πράγματαῠ

92 931 138 957 10
150 918 224 957 καί
247 917 305 972 τῷ
331 917 494 957 νικῶντι
523 916 629 969 πρὸς
657 920 742 964 τοῖς
770 910 912 964 ἄλλοις
933 913 1253 969 ὖποπεσοῦνται,
1282 913 1589 971 ἢμεταχωρεῖν

149 982 192 1030 ἐς
217 980 288 1023 τὸν
313 981 549 1035 α’ποστοίτην
576 981 620 1031 ἐξ
648 981 778 1035 αὐτῆς
805 982 879 1022 καί
903 980 984 1034 πρὸ
1012 983 1135 1037 τῆσδε
1162 983 1236 1036 τῆς
1258 985 1498 1037 συμπλοκῆς
1514 978 1591 1024 κᾶ-

149 1045 286 1087 κείνου
315 1049 592 1100 προπολεμεῖν
618 1060 661 1087 τε
691 1047 764 1086 καί
790 1045 1152 1100 προκινδυνεύειν,
1196 1042 1308 1095 ὅπως
1348 1045 1421 1088 καὶ
1459 1047 1591 1101 χάριν

150 1109 303 1153 εἴσεται
327 1111 495 1152 ’πλείονα
510 1113 726 1165 τροπαίοις
742 1110 976 1166 α’ναδηθείς.
1034 1110 1091 1160 ὦς
1117 1112 1209 1165 τόγε
1235 1111 1332 1164 ἐμοὶ
1355 1114 1434 1164 μὲν
1460 1126 1591 1167 προσ-

151 1177 381 1217 κολλᾶσθαι
424 1177 499 1217 καί
531 1177 693 1229 χείλεσι
728 1179 871 1228 τιμᾶν,
915 1173 1044 1234 ἑτέρῳ
1083 1177 1131 1218 δὲ
1163 1178 1505 1232 προσνενευκέναι
1542 1178 1593 1232 τῇ

92 1241 139 1282 15
153 1242 302 1298 καρδίᾳ
330 1243 502 1298 κάκείνῳ
530 1241 752 1293 α’πονέμειν
785 1238 898 1282 ἅπαν
927 1241 974 1283 τὸ
1004 1240 1257 1296 πρόθυμον,
1304 1243 1379 1282 οιῖκ
1425 1238 1518 1284 οἶδα
1552 1241 1597 1283 εἴ

150 1322 212 1355 τις
239 1305 311 1348 καί
328 1308 599 1358 ἐπαινέσεται,
621 1302 647 1361 ἢ
674 1303 787 1355 ὅπως
818 1308 1144 1362 ζυγοστατηθείη
1172 1306 1285 1363 παρά
1315 1309 1414 1365 θεῷ’,
1445 1305 1490 1356 ὃς
1517 1305 1593 1356 τοὶς

152 1371 224 1414 ἐπὶ
251 1369 431 1426 στήθους
456 1371 614 1420 ἑννοίας
643 1370 822 1423 ἐξετάζει
851 1375 1139 1428 φιλοδικαίως.
1195 1371 1242 1415 τὸ
1278 1371 1359 1428 γάρ
1394 1371 1456 1415 ἔτι
1495 1370 1592 1414 τού-

151 1454 231 1479 των
258 1443 402 1492 χεῖρον
424 1439 496 1480 καί
526 1438 824 1480 α’ναιδέστατον
853 1439 951 1480 ου’δὲ
982 1440 1194 1491 βαλέσθαι
1222 1438 1459 1493 προάγομαι
1487 1437 1591 1479 κατὰ

151 1504 262 1555 νοῦν,
286 1503 474 1544 τουτέστι
499 1499 572 1544 τὸν
591 1503 666 1546 τοῦ
683 1506 868 1556 πολέμου
890 1501 1037 1559 καιρὸν
1066 1505 1318 1556 αὐτομολίας
1338 1503 1592 1559 ἐργάζεσθαι

90 1584 140 1609 20
153 1568 254 1622 πρὸς
270 1567 339 1610 τὸν
355 1568 568 1623 τύραννον,
593 1569 666 1610 καί
682 1567 808 1610 κακὸν
826 1574 912 1619 τοῖς
935 1571 1134 1618 ἐκλεκτοῖς
1148 1568 1325 1624 ἀνδράσι
1342 1571 1589 1623 προκεῖσθαι
1601 1577 1635 1611 P.
1649 1576 1719 1621 ²46

152 1633 416 1688 παράδειγμα
440 1626 500 1682 εἰς
514 1631 560 1674 τὸ
577 1636 957 1686 συμμεθίστασθαί
968 1650 1090 1690 σφισι
1115 1637 1187 1676 καί
1211 1633 1514 1687 προσαπαίρειν
1530 1634 1590 1681 εἰς

153 1701 313 1752 ἕτερον,
327 1697 352 1739 ὃ
368 1697 471 1740 κάπί
493 1704 578 1747 τοῖς
591 1698 788 1753 ἀγεληδὸν
807 1703 1039 1751 πετομένοις
1058 1705 1222 1753 πτηνοῖς
1243 1698 1408 1754 ὁρῶμεν
1427 1696 1590 1751 γινόμε-

155 1779 236 1806 νον·
268 1762 358 1814 ἓνὸς
372 1763 449 1818 γὰρ
475 1761 726 1813 ἆναπτιέντος
744 1766 815 1806 καί
831 1762 883 1806 τοὶ
899 1763 1022 1806 λοιπά
1038 1763 1233 1819 ῥοιζηδὸν
1254 1764 1588 1814 συνανίπτανται,

155 1829 227 1872 καί
242 1831 292 1886 τῇ
312 1830 386 1872 τοῦ
400 1828 545 1884 ἑτέρου
564 1826 822 1872 καταπαύσει
838 1831 1134 1872 συστέλλουσιν
1153 1826 1315 1872 ἅπαντα
1334 1828 1380 1871 τὸ
1398 1828 1590 1884 πτερόν.”

247 1943 301 1976 23.
327 1940 410 1979 ἑνός
434 1933 508 1988 γάρ
534 1943 742 1988 στρουθίου
770 1941 1002 1980 πετάσαντος
1028 1942 1065 1977 Β.

154 2049 319 2090 peratore
341 2049 502 2089 pugnent
528 2056 634 2089 quam
662 2056 740 2078 cum
767 2044 939 2079 seditioso
964 2055 1004 2076 ae
1020 2044 1134 2077 civilis
1161 2043 1249 2076 belli
1277 2047 1421 2075 anctore
1449 2054 1486 2075 se
1505 2054 1590 2076 con-

155 2093 315 2136 iungant.
343 2092 370 2124 si
398 2093 460 2136 qui
497 2103 579 2124 vero
616 2098 700 2125 sunt
726 2103 877 2136 quorum
905 2091 1015 2124 animi
1044 2091 1215 2123 vacillent
1240 2102 1279 2122 ac
1303 2090 1502 2129 fluctuent,
1528 2095 1592 2122 aut

155 2139 302 2171 omnino
327 2137 371 2170 ad
396 2138 607 2171 seditiosum
640 2149 767 2182 magno
793 2139 929 2183 impetu
955 2137 1084 2170 amoris
1112 2138 1295 2177 ferantur,
1319 2142 1355 2168 et
1380 2147 1487 2180 quem
1512 2135 1593 2168 heri

155 2190 197 2217 ut
218 2185 396 2228 mancipia
423 2184 607 2218 dominum
635 2186 841 2225 coluerunt,
869 2196 948 2217 eum
977 2183 1086 2216 hodie
1112 2184 1296 2223 reiiciant,
1332 2181 1377 2214 ab
1403 2183 1448 2214 iis
1475 2182 1591 2226 impe-

156 2236 284 2264 tratam
311 2232 419 2264 velim
454 2242 527 2264 rem
556 2232 702 2264 omnino
737 2231 1013 2275 aequissimam,
1054 2235 1095 2263 ut
1131 2230 1227 2262 domi
1263 2228 1430 2262 sedentes
1470 2228 1592 2261 neutri

157 2278 402 2322 opitulentur,
431 2278 544 2311 donec
572 2279 708 2323 praelio
736 2278 912 2322 dirempta
938 2277 1047 2310 fuerit
1069 2277 1335 2316 controversia,
1370 2286 1411 2306 ac
1439 2280 1515 2307 tum
1551 2279 1594 2307 ut

157 2325 287 2356 caeteri
307 2335 386 2356 cum
411 2325 546 2357 victore
574 2335 611 2357 se
639 2326 879 2368 coninngant3
916 2329 978 2356 aut
1005 2324 1124 2356 statim
1151 2328 1234 2355 ante
1265 2333 1419 2366 pugnam
1455 2321 1500 2354 ad
1526 2320 1594 2352 ho-

158 2375 247 2402 stem
273 2371 406 2404 abeant
430 2383 470 2403 ac
497 2382 561 2415 pro
592 2371 669 2404 eius
697 2371 812 2404 salute
838 2370 1030 2409 dimicent,
1064 2381 1136 2414 quo
1161 2370 1309 2413 gratiam
1336 2367 1381 2400 ab
1409 2378 1450 2399 eo
1478 2368 1594 2400 victo-

158 2416 246 2448 riam
270 2417 401 2462 adepto
425 2418 594 2450 maiorem
620 2418 755 2452 ineant.
779 2428 862 2450 narn
886 2427 943 2449 me
966 2416 1112 2461 quidem
1140 2416 1246 2448 labiis
1263 2414 1462 2453 honorare,
1486 2412 1595 2446 corde

158 2473 241 2495 vero
283 2463 386 2496 alteri
430 2464 593 2497 addictos
634 2475 709 2497 esse
751 2475 792 2496 ac
832 2474 936 2497 omne
978 2462 1137 2495 studium
1182 2462 1346 2501 deferre,
1384 2460 1481 2492 haud
1518 2459 1593 2491 scio

158 2519 204 2541 an
228 2507 272 2540 ab
298 2509 371 2542 ullo
394 2511 538 2555 probari
569 2516 632 2544 aut
656 2511 723 2543 deo
752 2511 894 2556 placere
919 2510 1056 2554 possit,
1081 2509 1145 2554 qui
1180 2508 1373 2552 aequitatis
1400 2517 1520 2539 amans
1554 2505 1594 2537 in

158 2555 359 2588 animorum
386 2568 543 2590 recessus
563 2557 725 2602 inquirit.
751 2568 832 2590 nam
851 2556 896 2589 ab
922 2566 965 2589 eo
983 2555 1082 2600 quod
1105 2555 1150 2588 iis
1173 2555 1277 2599 peius
1296 2559 1351 2587 est
1374 2565 1415 2585 ac
1432 2551 1592 2585 omnium

159 2600 520 2648 impudentissimum,
547 2604 686 2636 animus
706 2614 851 2648 quoque
875 2602 1068 2642 abhorret,
1091 2601 1263 2635 videlicet
1286 2611 1332 2633 ne
1362 2600 1425 2644 qui
1451 2607 1591 2642 pugnae

159 2654 319 2692 tempore
349 2647 395 2679 ad
420 2653 607 2691 tyrannum
636 2649 806 2692 deficiant
830 2655 866 2683 et
890 2648 1059 2694 probatos
1089 2649 1195 2681 etiam
1218 2647 1312 2679 viros
1339 2645 1501 2688 exemplo
1525 2653 1592 2674 suo

161 2699 397 2738 corrumpant.
426 2693 464 2726 id
494 2695 593 2738 quod
619 2696 656 2728 in
685 2697 809 2728 avibus
835 2707 928 2740 quae
954 2695 1124 2739 gregatim
1154 2694 1278 2726 volant
1311 2693 1479 2724 cernitur.
1509 2699 1593 2720 nam

160 2741 223 2772 ubi
249 2751 319 2773 uua
346 2739 563 2780 subvolarit,
589 2742 752 2786 reliquae
776 2753 898 2774 omnes
922 2752 994 2773 una
1020 2741 1186 2772 avolant:
1225 2738 1289 2770 ubi
1317 2749 1388 2770 una
1419 2733 1592 2767 consede-

161 2786 266 2828 derit,
292 2786 452 2832 reliquae
472 2786 579 2820 etiam
603 2787 823 2820 consident.''
840 2788 937 2821 ,haec
956 2792 1144 2830 propterea
1164 2784 1320 2824 dicebat,
1340 2781 1438 2827 quod
1461 2780 1592 2815 Iohan-
