1878 3230
466 199 692 246 ALEans
731 182 1018 257 MANUELis'
1039 197 1278 241 confflem
1320 202 1364 244 F..
1515 181 1627 238 333

192 304 303 360 μένῳ
330 298 434 342 κατά
463 298 597 353 μόνας
631 300 932 352 διαλεχθῆναι,
975 299 1052 348 τάς
1075 304 1225 354 χεῖρας
1251 299 1309 348 ὥς
1337 298 1442 354 πρὸς
1471 297 1631 342 ἱκεσίαν

193 365 477 414 διασκευάσας
517 365 592 406 καί
626 362 881 412 διαπετάσας
919 364 993 413 τάς
1031 364 1228 418 παλάμας
1256 362 1329 406 καί
1353 364 1503 420 διάρας
1530 364 1632 413 τούς

193 430 445 488 ὀφθαλμούς
481 429 587 485 πρὸς
613 431 733 472 λίθον
770 427 848 470 τὸν
877 430 1198 484 νεκροδέγμονα,
1235 430 1308 472 καί
1331 429 1380 472 τά
1406 432 1526 485 χειλη
1552 432 1632 483 μὲν

194 500 318 540 κινῶν
346 496 490 553 φωνην
515 498 556 537 δ’
585 495 783 548 ούδαμῶς
810 495 1100 550 ἐξικνουμένην
1125 497 1185 544 εἰς
1213 491 1300 537 ὦτα
1320 498 1404 537 τῶν
1420 495 1649 551 παρεστώ-4

161 565 278 606 5των
304 562 508 615 οὐμενοῦν
536 559 692 616 α’φιείς,
723 559 904 611 διάλεξίν
926 576 1021 602 τινα
1049 563 1262 614 λαθραίαν
1290 563 1518 616 ἐπεποίητο.
1548 565 1633 611 τοῖς
1642 569 1677 604 Ρ.
1698 570 1761 604 ι66

194 630 272 682 μὲν
310 623 386 669 οὖν
418 627 624 675 πλείστοις
661 625 801 682 ἐπῳδή
827 641 890 675 τις
923 625 1159 681 βαρβαρική
1204 625 1416 680 λελόγιστο
1443 624 1496 668 τὰ
1527 623 1630 668 ὕπο·

194 690 462 746 ψαλλόμενα·
517 685 626 745 ἦσαν
653 691 690 731 δ’
724 691 787 743 οἳ,
816 690 886 731 καὶ
910 688 1065 732 τούτων
1092 688 1272 743 μάλιστα
1302 691 1342 732 οἱ
1368 690 1446 745 τὴν
1473 691 1630 747 εύτρα-
1643 704 1684 739 v,
1703 704 1766 738 136

191 760 341 800 πελίαν
367 753 718 811 μεταδιώκοντες,
757 758 1043 810 ἐπικερτομεῖν
1069 755 1340 811 Ἀνδρόνικον
1366 755 1548 812 ἔφασκον
1575 761 1632 812 τῷ

191 826 364 877 βασιλεῖ
382 819 614 875 Μανουήλ,
649 820 724 862 καὶ
753 822 938 874 α’τεχνῶς
965 820 1140 879 κειμένῳ
1168 821 1469 875 έπεμβαίνοντα
1500 822 1635 875 λέγειν

135 885 306 943 ιο,,ἐ’χω
322 903 370 931 σε
397 885 470 929 τὸν
502 885 679 941 διώκτην
719 888 791 928 καί
816 885 971 934 πολλάς
1000 884 1098 938 ἐμοὶ
1123 886 1280 936 πλάνας
1307 885 1632 942 προυξενηκότα,

192 952 267 996 καί
293 953 367 1010 ὑφ’
398 948 451 994 οὗ
472 949 731 1006 παγκόσμιον
760 953 917 1005 μικροῦ
945 953 1167 1006 γεγένημαι
1184 951 1464 1007 περιλάλημα,
1492 954 1633 994 πᾶσαν

193 1019 412 1073 δυστυχῶς
451 1015 578 1060 ἐπιών
622 1016 780 1072 ὁπόσην
811 1013 928 1071 ἥλιος
965 1014 1124 1059 ἔπεισιν
1151 1014 1324 1072 ἅρματι.
1378 1017 1453 1059 καί
1477 1020 1525 1060 σὲ
1551 1020 1631 1070 μὲν

193 1084 216 1126 ὅ
244 1081 552 1140 ἓπτακὸρυμβος
579 1080 722 1126 mimae·
735 1084 896 1132 συνέξει
910 1080 1030 1131 λίθος
1058 1078 1139 1124 ὅσα
1155 1082 1228 1124 καί
1253 1078 1441 1139 ἄφυκτον
1469 1084 1631 1136 δεσμω-

192 1148 361 1206 τήριον,
392 1149 586 1204 νήγερτον
612 1145 872 1190 καθεύδοντα
910 1144 1042 1189 ὕπνον
1065 1146 1140 1189 καί
1164 1149 1239 1202 τῆς
1267 1149 1507 1196 τελευταίας
1531 1147 1634 1190 σάλ-

135 1221 343 1270 ιὸπιγγος-
374 1216 543 1257 ἐπιδεᾶ·
601 1212 681 1268 ἐγώ
710 1215 758 1255 δὲ
794 1210 842 1254 τὸ
884 1211 960 1254 σὸν
993 1211 1296 1266 μετελεύσομαι
1323 1215 1437 1267 γένος
1468 1208 1537 1255 οἷα
1562 1213 1637 1255 καὶ

193 1283 299 1324 λέων
343 1279 506 1337 μεγάλῳ
543 1277 799 1334 ἐπεγκύρσας
837 1276 1076 1333 θηράματι,
1105 1279 1177 1320 καί
1205 1281 1323 1326 δίκας
1350 1273 1409 1320 ὧν
1440 1277 1520 1320 ὑπὸ
1552 1280 1635 1321 σοῦ

192 1346 329 1397 κακῶς
354 1344 599 1388 ἐπεπόνθειν
620 1342 811 1400 γενναίας
838 1342 1119 1398 εἰσπράξομαι
1132 1377 1145 1398 ,
1172 1342 1247 1400 τὴν
1263 1341 1500 1401 ἑπτάλοφον
1528 1357 1667 1389 ταν-Β

194 1413 289 1468 τηνί
314 1412 386 1453 καί
411 1410 611 1466 λαμπρὰν
643 1407 783 1452 εἰσιών
811 1406 1132 1464 μεγαλόπολιν.”

306 1478 370 1531 14.
424 1476 491 1519 Ἐκ
533 1477 580 1518 δὲ
614 1474 760 1518 τούτου
800 1475 935 1517 πάντα
987 1471 1098 1517 οἶκον
1139 1473 1270 1518 ἐπιών
1313 1477 1525 1532 περιφανῆ
1563 1476 1636 1518 καί

130 1564 182 1590 20
194 1542 386 1599 λαμπρόν
402 1574 414 1595 ,
444 1544 517 1584 καί
541 1540 760 1594 σταθμούς
789 1542 834 1583 ἐν
860 1542 1004 1590 αύτοῖς
1031 1543 1246 1594 τιθέμενος
1273 1540 1414 1597 ὥσπερ
1443 1540 1480 1584 οἱ
1503 1557 1643 1597 παρο-·

193 1608 409 1661 δεύοντες,
451 1609 602 1662 ἐχρῆτο
646 1613 730 1655 τοῖς
768 1612 919 1657 κοινοῖς
947 1606 1004 1655 ὥς
1031 1606 1170 1662 ᾑρεῖτο
1200 1607 1441 1662 πράγμασι,
1471 1609 1530 1662 τῷ
1556 1609 1636 1659 μὲν

191 1677 363 1728 βασιλεῖ
386 1674 557 1729 ’ᾼλεξίῳ
602 1674 858 1726 κυνηγεσίοις
886 1673 1021 1727 ἐφιεὶς
1061 1676 1336 1727 προσανέχειν
1363 1675 1436 1714 καί
1461 1670 1636 1727 κούφοις

194 1742 253 1797 τῷ
277 1741 379 1788 τέως
414 1739 659 1795 τρέφεσθαι.
686 1733 896 1789 πνεύμασι
932 1734 1040 1789 μετά
1081 1739 1162 1779 τῶν
1193 1738 1393 1793 φυλάκων
1420 1735 1493 1786 οὓς
1520 1738 1636 1794 αύτῷ

288 1867 330 1946 4ὲ
349 1863 590 1958 συνῖστρῖτᾼων
613 1863 651 1898 Α.
745 1863 795 1898 13.
818 1860 1068 1908 {animoniae
1091 1862 1126 1895 B.
1220 1873 1274 1898 20.
1297 1862 1570 1909 προοδεύοντες
1594 1864 1631 1898 Α.

287 1923 307 1945 2
336 1937 343 1945 .
369 1923 416 1957 τῳ
458 1922 499 1945 το
556 1935 564 1942 .

195 2019 232 2041 se
255 2007 440 2053 paulisper
462 2005 580 2039 adhuc
605 2003 769 2049 sepulcro
798 2003 985 2035 inhaerere
1003 2007 1231 2047 paterentur:
1260 2003 1394 2036 habere
1413 2004 1508 2037 enim
1534 2006 1633 2050 quod

194 2066 273 2087 cum
299 2054 469 2087 defuncto
497 2051 646 2085 seorsim
671 2050 909 2094 colloquatur.
935 2050 1058 2094 itaque
1083 2050 1248 2082 manibus
1275 2055 1311 2082 et
1334 2051 1463 2094 palmis
1493 2052 1633 2096 suppli-

193 2102 245 2134 cis
268 2101 307 2133 in
332 2099 479 2133 modum
503 2097 722 2142 compositis,
747 2101 784 2129 et
809 2096 922 2129 oculis
950 2096 987 2128 in
1011 2097 1165 2140 sepulcri
1189 2107 1311 2129 saxum
1337 2097 1508 2139 intentis,
1534 2098 1632 2131 labia

194 2147 307 2180 movit
317 2171 337 2187 ,.
353 2145 525 2190 editaque
559 2154 672 2184 voce,
702 2153 795 2188 quae
823 2154 843 2175 a
866 2143 1010 2175 nemine
1036 2142 1284 2183 exaudiretur,
1310 2144 1490 2176 occultum
1518 2145 1631 2177 collo-

195 2194 320 2239 quium
354 2192 493 2225 habuit.
532 2195 570 2224 at
593 2190 758 2235 plerique
790 2200 950 2222 murmur
973 2189 1066 2221 illud
1102 2190 1382 2222 incantationem
1405 2190 1630 2224 barbaricam

196 2251 272 2273 esse
290 2265 300 2281 ‚
326 2239 515 2272 sacetiores
540 2242 661 2270 autem
683 2235 929 2269 Andronicum
953 2236 1114 2268 Manueli
1148 2236 1322 2268 insultare
1347 2241 1385 2269 et
1406 2248 1528 2270 manes
1551 2238 1629 2271 eius

195 2287 375 2331 exagitare
399 2284 593 2324 dicebant,
619 2283 676 2316 his
701 2281 820 2316 verbis
847 2281 989 2323 „habeo
1016 2287 1073 2322 te,
1096 2288 1325 2326 persecutor,
1362 2294 1382 2315 a
1407 2295 1480 2329 quo
1506 2285 1629 2318 multis

195 2339 295 2366 aetus
333 2344 411 2366 sum
450 2329 630 2364 erroribus
656 2334 694 2363 et
734 2329 846 2362 totius
871 2339 964 2373 pene
988 2328 1114 2361 mundi
1142 2329 1256 2362 factus
1284 2328 1407 2362 fabula
1426 2355 1435 2371 ,
1463 2332 1630 2363 universo

195 2379 282 2412 orbe
307 2383 501 2424 pererrato,
525 2388 566 2409 ac
593 2382 629 2409 te
657 2375 803 2421 quidem
828 2375 1029 2420 sepulcrum
1053 2375 1150 2408 istud
1177 2376 1215 2408 in
1237 2381 1375 2420 septem
1398 2377 1549 2410 vertices
1574 2389 1631 2411 as·-

196 2436 341 2470 surgens
377 2430 415 2458 et
447 2422 670 2456 inevitabilis
702 2433 820 2454 carcer
847 2421 1026 2466 profundo
1059 2432 1183 2454 somno
1208 2433 1415 2467 oppressum
1439 2429 1562 2465 tenet,
1587 2435 1631 2456 ex

195 2482 268 2516 quo
292 2471 437 2504 nonnisi
456 2470 606 2503 ultimae
630 2468 741 2502 tubae
757 2468 922 2511 clangore
947 2467 1178 2501 excitaberis:
1206 2479 1269 2512 ego
1297 2479 1381 2501 vero
1399 2474 1500 2502 tuum
1518 2481 1629 2514 genus

196 2518 368 2557 ulciscar,
392 2523 433 2550 ut
459 2516 517 2549 leo
541 2515 711 2560 praedam
734 2515 891 2559 opimam
916 2520 1064 2555 nactus,
1091 2520 1128 2547 et
1152 2526 1287 2558 poenas
1310 2515 1522 2549 iniuriarum
1548 2522 1628 2549 tua-

198 2575 275 2595 rum
303 2574 422 2607 graves
458 2559 633 2607 exigam,⁴
659 2567 850 2607 postquam
874 2560 967 2594 hanc
989 2560 1215 2605 splendidam
1241 2561 1366 2594 urbem
1389 2573 1467 2596 eum
1494 2563 1630 2606 ingres-

196 2621 278 2650 sus,
303 2619 395 2653 quae
421 2614 556 2653 septem
580 2619 652 2641 una
676 2608 746 2641 sibi
768 2618 870 2640 muro
896 2607 1134 2640 circumdedit
1158 2609 1288 2640 arces.'’

295 2658 345 2698 ¹4·
392 2654 568 2700 Deinceps
603 2665 726 2688 omnes
751 2654 875 2687 domos
906 2654 1064 2687 illustres
1093 2659 1129 2686 et
1154 2653 1361 2698 splendidas
1384 2653 1628 2699 pervagandO,

197 2707 235 2734 et
269 2701 447 2734 viatorum
479 2701 590 2734 instar
626 2701 665 2734 in
700 2701 751 2734 eis
778 2700 1015 2741 divers-mdo,
1057 2711 1129 2732 rem
1158 2700 1340 2745 publicam
1364 2711 1428 2733 suo
1453 2700 1627 2732 arbitratu

197 2746 481 2782 administrabat.
505 2747 713 2792 imperatori
737 2747 864 2781 Alexio
886 2747 1096 2783 venationes
1135 2752 1171 2780 et
1195 2747 1266 2780 alia
1291 2745 1429 2781 ludicra
1454 2744 1625 2784 indulsit,
