<?xml version="1.0" encoding="UTF-8"?>
<!DOCTYPE html PUBLIC "-//W3C//DTD XHTML 1.0 Transitional//EN"
    "http://www.w3.org/TR/xhtml1/DTD/xhtml1-transitional.dtd">
<html xmlns="http://www.w3.org/1999/xhtml" xml:lang="en" lang="en">
 <head>
  <title>
</title>
<meta http-equiv="Content-Type" content="text/html;charset=utf-8" />
  <meta name='ocr-system' content='tesseract 3.04.00' />
  <meta name='ocr-capabilities' content='ocr_page ocr_carea ocr_par ocr_line ocrx_word'/>
</head>
<body>
  <div class='ocr_page' id='page_1' title='image "./corpusscriptorum41niebuoft/corpusscriptorum41niebuoft_0033.png"; bbox 0 0 1838 3210; ppageno 0'>
   <div class='ocr_carea' id='block_1_1' title="bbox 0 2241 47 2593">
    <p class='ocr_par' dir='ltr' id='par_1_1' title="bbox 0 2241 47 2593">
     <span class='ocr_line' id='line_1_1' title="bbox 0 2241 47 2593; baseline 0 617"><span class='ocrx_word' id='word_1_1' title='bbox 0 2241 47 2593; x_wconf 95' lang='lat' dir='ltr'><em> </em></span> 
     </span>
    </p>
   </div>
   <div class='ocr_carea' id='block_1_2' title="bbox 0 2595 52 2915">
    <p class='ocr_par' dir='ltr' id='par_1_2' title="bbox 0 2595 52 2915">
     <span class='ocr_line' id='line_1_2' title="bbox 0 2595 52 2915; baseline 0 295"><span class='ocrx_word' id='word_1_2' title='bbox 0 2595 52 2915; x_wconf 95' lang='lat' dir='ltr'><em> </em></span> 
     </span>
    </p>
   </div>
   <div class='ocr_carea' id='block_1_3' title="bbox 687 236 1044 276">
    <p class='ocr_par' dir='ltr' id='par_1_3' title="bbox 687 236 1044 276">
     <span class='ocr_line' id='line_1_3' title="bbox 687 236 1044 276; baseline -0.003 0"><span class='ocrx_word' id='word_1_3' title='bbox 687 236 1044 276; x_wconf 76' lang='lat' dir='ltr'><em>BREVIAmUM.</em></span> 
     </span>
    </p>
   </div>
   <div class='ocr_carea' id='block_1_4' title="bbox 133 332 1607 712">
    <p class='ocr_par' dir='ltr' id='par_1_4' title="bbox 133 332 1607 712">
     <span class='ocr_line' id='line_1_4' title="bbox 143 332 1600 384; baseline -0.005 -12"><span class='ocrx_word' id='word_1_4' title='bbox 143 338 344 384; x_wconf 79' lang='lat' dir='ltr'><em>descriptio</em></span> <span class='ocrx_word' id='word_1_5' title='bbox 370 339 430 383; x_wconf 83' lang='lat'><em>(2).</em></span> <span class='ocrx_word' id='word_1_6' title='bbox 480 338 631 372; x_wconf 72' lang='lat' dir='ltr'><em>Ale-rius</em></span> <span class='ocrx_word' id='word_1_7' title='bbox 654 336 863 370; x_wconf 74' lang='lat' dir='ltr'><em>&#39;comnenus</em></span> <span class='ocrx_word' id='word_1_8' title='bbox 886 338 1055 371; x_wconf 84' lang='lat' dir='ltr'><em>relictum</em></span> <span class='ocrx_word' id='word_1_9' title='bbox 1074 336 1263 382; x_wconf 85' lang='lat' dir='ltr'><em>imperium</em></span> <span class='ocrx_word' id='word_1_10' title='bbox 1280 332 1431 381; x_wconf 68' lang='lat' dir='ltr'><em>flustra</em></span> <span class='ocrx_word' id='word_1_11' title='bbox 1461 339 1600 378; x_wconf 77' lang='lat' dir='ltr'><em>repetit.</em></span> 
     </span>
     <span class='ocr_line' id='line_1_5' title="bbox 137 380 1601 428; baseline -0.006 -7"><span class='ocrx_word' id='word_1_12' title='bbox 137 387 278 421; x_wconf 82' lang='lat' dir='ltr'><em>lsaacii</em></span> <span class='ocrx_word' id='word_1_13' title='bbox 303 394 335 419; x_wconf 87' lang='lat' dir='ltr'><em>et</em></span> <span class='ocrx_word' id='word_1_14' title='bbox 362 385 488 420; x_wconf 68' lang='lat' dir='ltr'><em>Ale-‘tii</em></span> <span class='ocrx_word' id='word_1_15' title='bbox 513 384 592 426; x_wconf 79' lang='lat' dir='ltr'><em>filii</em></span> <span class='ocrx_word' id='word_1_16' title='bbox 615 382 808 424; x_wconf 85' lang='lat' dir='ltr'><em>dissidium</em></span> <span class='ocrx_word' id='word_1_17' title='bbox 833 383 1025 428; x_wconf 80' lang='lat' dir='ltr'><em>turpitudo</em></span> <span class='ocrx_word' id='word_1_18' title='bbox 1050 383 1230 418; x_wconf 83' lang='lat' dir='ltr'><em>vecordia</em></span> <span class='ocrx_word' id='word_1_19' title='bbox 1251 380 1512 415; x_wconf 86' lang='lat' dir='ltr'><em>monachorum</em></span> <span class='ocrx_word' id='word_1_20' title='bbox 1536 392 1601 413; x_wconf 85' lang='lat' dir='ltr'><em>as-</em></span> 
     </span>
     <span class='ocr_line' id='line_1_6' title="bbox 133 427 1603 474; baseline -0.005 -10"><span class='ocrx_word' id='word_1_21' title='bbox 133 433 408 466; x_wconf 79' lang='lat' dir='ltr'><em>sentationibus</em></span> <span class='ocrx_word' id='word_1_22' title='bbox 434 431 594 471; x_wconf 69' lang='lat' dir='ltr'><em>fovetur.</em></span> <span class='ocrx_word' id='word_1_23' title='bbox 626 431 825 463; x_wconf 86' lang='lat' dir='ltr'><em>Minervae</em></span> <span class='ocrx_word' id='word_1_24' title='bbox 846 439 1007 463; x_wconf 86' lang='lat' dir='ltr'><em>statuam</em></span> <span class='ocrx_word' id='word_1_25' title='bbox 1023 442 1170 464; x_wconf 86' lang='lat' dir='ltr'><em>aeream</em></span> <span class='ocrx_word' id='word_1_26' title='bbox 1186 428 1288 474; x_wconf 80' lang='lat' dir='ltr'><em>plebs</em></span> <span class='ocrx_word' id='word_1_27' title='bbox 1302 429 1519 462; x_wconf 75' lang='lat' dir='ltr'><em>comminuit</em></span> <span class='ocrx_word' id='word_1_28' title='bbox 1536 427 1603 472; x_wconf 81' lang='lat'><em>(3).</em></span> 
     </span>
     <span class='ocr_line' id='line_1_7' title="bbox 136 475 1606 524; baseline -0.005 -11"><span class='ocrx_word' id='word_1_29' title='bbox 136 479 270 514; x_wconf 88' lang='lat' dir='ltr'><em>Latini</em></span> <span class='ocrx_word' id='word_1_30' title='bbox 309 479 457 523; x_wconf 84' lang='lat' dir='ltr'><em>rapinis</em></span> <span class='ocrx_word' id='word_1_31' title='bbox 492 475 677 511; x_wconf 85' lang='lat' dir='ltr'><em>incendiis</em></span> <span class='ocrx_word' id='word_1_32' title='bbox 702 477 814 524; x_wconf 75' lang='lat' dir='ltr'><em>ferro</em></span> <span class='ocrx_word' id='word_1_33' title='bbox 852 486 1078 522; x_wconf 79' lang='lat' dir='ltr'><em>grassantur</em></span> <span class='ocrx_word' id='word_1_34' title='bbox 1100 479 1142 511; x_wconf 88' lang='lat' dir='ltr'><em>in</em></span> <span class='ocrx_word' id='word_1_35' title='bbox 1164 477 1403 520; x_wconf 71' lang='lat' dir='ltr'><em>Byzantium.</em></span> <span class='ocrx_word' id='word_1_36' title='bbox 1449 475 1606 508; x_wconf 86' lang='lat' dir='ltr'><em>Alexius</em></span> 
     </span>
     <span class='ocr_line' id='line_1_8' title="bbox 138 521 1605 569; baseline -0.005 -9"><span class='ocrx_word' id='word_1_37' title='bbox 138 526 266 560; x_wconf 82' lang='lat' dir='ltr'><em>Ducas</em></span> <span class='ocrx_word' id='word_1_38' title='bbox 280 525 490 569; x_wconf 85' lang='lat' dir='ltr'><em>Murzuflus</em></span> <span class='ocrx_word' id='word_1_39' title='bbox 506 524 654 557; x_wconf 83' lang='lat' dir='ltr'><em>Latinis</em></span> <span class='ocrx_word' id='word_1_40' title='bbox 679 525 827 558; x_wconf 80' lang='lat' dir='ltr'><em>resistit.</em></span> <span class='ocrx_word' id='word_1_41' title='bbox 851 522 985 558; x_wconf 86' lang='lat' dir='ltr'><em>seditio</em></span> <span class='ocrx_word' id='word_1_42' title='bbox 1009 532 1143 559; x_wconf 88' lang='lat' dir='ltr'><em>contra</em></span> <span class='ocrx_word' id='word_1_43' title='bbox 1167 524 1351 567; x_wconf 77' lang='lat' dir='ltr'><em>Isaacium</em></span> <span class='ocrx_word' id='word_1_44' title='bbox 1377 530 1412 555; x_wconf 87' lang='lat' dir='ltr'><em>et</em></span> <span class='ocrx_word' id='word_1_45' title='bbox 1434 521 1605 555; x_wconf 83' lang='lat' dir='ltr'><em>Alexium</em></span> 
     </span>
     <span class='ocr_line' id='line_1_9' title="bbox 138 569 1606 618; baseline -0.004 -12"><span class='ocrx_word' id='word_1_46' title='bbox 138 573 303 618; x_wconf 78' lang='lat' dir='ltr'><em>Angelos</em></span> <span class='ocrx_word' id='word_1_47' title='bbox 326 573 389 616; x_wconf 69' lang='lat'><em>(4).</em></span> <span class='ocrx_word' id='word_1_48' title='bbox 448 571 628 606; x_wconf 77' lang='lat' dir='ltr'><em>Nicotaus</em></span> <span class='ocrx_word' id='word_1_49' title='bbox 660 570 831 604; x_wconf 71' lang='lat' dir='ltr'><em>Cantibus</em></span> <span class='ocrx_word' id='word_1_50' title='bbox 854 569 1069 605; x_wconf 72' lang='lat' dir='ltr'><strong><em>adolescens</em></strong></span> <span class='ocrx_word' id='word_1_51' title='bbox 1104 583 1127 604; x_wconf 91' lang='lat' dir='ltr'><em>a</em></span> <span class='ocrx_word' id='word_1_52' title='bbox 1150 571 1254 616; x_wconf 87' lang='lat' dir='ltr'><em>plebe</em></span> <span class='ocrx_word' id='word_1_53' title='bbox 1281 570 1426 604; x_wconf 86' lang='lat' dir='ltr'><em>invitus</em></span> <span class='ocrx_word' id='word_1_54' title='bbox 1446 570 1606 613; x_wconf 89' lang='lat' dir='ltr'><em>impera-</em></span> 
     </span>
     <span class='ocr_line' id='line_1_10' title="bbox 135 615 1607 664; baseline -0.003 -12"><span class='ocrx_word' id='word_1_55' title='bbox 135 627 197 652; x_wconf 86' lang='lat' dir='ltr'><em>tor</em></span> <span class='ocrx_word' id='word_1_56' title='bbox 222 621 488 664; x_wconf 75' lang='lat' dir='ltr'><em>inauguratur.</em></span> <span class='ocrx_word' id='word_1_57' title='bbox 535 616 686 651; x_wconf 84' lang='lat' dir='ltr'><em>Isaacio</em></span> <span class='ocrx_word' id='word_1_58' title='bbox 713 618 876 651; x_wconf 90' lang='lat' dir='ltr'><em>animam</em></span> <span class='ocrx_word' id='word_1_59' title='bbox 909 627 1039 663; x_wconf 80' lang='lat' dir='ltr'><em>agente</em></span> <span class='ocrx_word' id='word_1_60' title='bbox 1062 618 1216 651; x_wconf 82' lang='lat' dir='ltr'><em>Alexius</em></span> <span class='ocrx_word' id='word_1_61' title='bbox 1240 617 1347 659; x_wconf 77' lang='lat' dir='ltr'><em>filius</em></span> <span class='ocrx_word' id='word_1_62' title='bbox 1368 615 1444 660; x_wconf 80' lang='lat' dir='ltr'><em>sibi</em></span> <span class='ocrx_word' id='word_1_63' title='bbox 1471 626 1607 649; x_wconf 86' lang='lat' dir='ltr'><em>consu-</em></span> 
     </span>
     <span class='ocr_line' id='line_1_11' title="bbox 133 662 1605 712; baseline -0.002 -14"><span class='ocrx_word' id='word_1_64' title='bbox 133 665 188 699; x_wconf 86' lang='lat' dir='ltr'><em>lit.</em></span> <span class='ocrx_word' id='word_1_65' title='bbox 238 666 447 712; x_wconf 75' lang='lat' dir='ltr'><em>Murzuflus</em></span> <span class='ocrx_word' id='word_1_66' title='bbox 473 672 590 699; x_wconf 86' lang='lat' dir='ltr'><em>astute</em></span> <span class='ocrx_word' id='word_1_67' title='bbox 617 663 773 705; x_wconf 83' lang='lat' dir='ltr'><em>deiicit,</em></span> <span class='ocrx_word' id='word_1_68' title='bbox 812 672 847 698; x_wconf 86' lang='lat' dir='ltr'><em>et</em></span> <span class='ocrx_word' id='word_1_69' title='bbox 881 664 1031 699; x_wconf 88' lang='lat' dir='ltr'><em>Canabo</em></span> <span class='ocrx_word' id='word_1_70' title='bbox 1068 676 1241 711; x_wconf 84' lang='lat' dir='ltr'><em>oppresso</em></span> <span class='ocrx_word' id='word_1_71' title='bbox 1267 665 1350 698; x_wconf 85' lang='lat' dir='ltr'><em>vita</em></span> <span class='ocrx_word' id='word_1_72' title='bbox 1372 663 1514 709; x_wconf 83' lang='lat' dir='ltr'><em>spoliat</em></span> <span class='ocrx_word' id='word_1_73' title='bbox 1541 662 1605 707; x_wconf 84' lang='lat'><em>(5).</em></span> 
     </span>
    </p>
   </div>
   <div class='ocr_carea' id='block_1_5' title="bbox 333 754 1418 796">
    <p class='ocr_par' dir='ltr' id='par_1_5' title="bbox 333 754 1418 796">
     <span class='ocr_line' id='line_1_12' title="bbox 333 754 1418 796; baseline -0.002 0"><span class='ocrx_word' id='word_1_74' title='bbox 333 756 417 796; x_wconf 86' lang='lat' dir='ltr'><em>DE</em></span> <span class='ocrx_word' id='word_1_75' title='bbox 470 754 734 796; x_wconf 90' lang='lat' dir='ltr'><strong>ALEXIO</strong></span> <span class='ocrx_word' id='word_1_76' title='bbox 785 755 971 795; x_wconf 92' lang='lat' dir='ltr'>DUCA</span> <span class='ocrx_word' id='word_1_77' title='bbox 1019 754 1418 796; x_wconf 89' lang='lat' dir='ltr'><em>MURZUFLO.</em></span> 
     </span>
    </p>
   </div>
   <div class='ocr_carea' id='block_1_6' title="bbox 132 841 1611 1122">
    <p class='ocr_par' dir='ltr' id='par_1_6' title="bbox 132 841 1611 1122">
     <span class='ocr_line' id='line_1_13' title="bbox 231 841 1608 890; baseline -0.003 -13"><span class='ocrx_word' id='word_1_78' title='bbox 231 844 362 877; x_wconf 80' lang='lat' dir='ltr'><em>Alexii</em></span> <span class='ocrx_word' id='word_1_79' title='bbox 385 843 516 878; x_wconf 88' lang='lat' dir='ltr'><em>Ducae</em></span> <span class='ocrx_word' id='word_1_80' title='bbox 544 843 727 890; x_wconf 84' lang='lat' dir='ltr'><em>Murzufli</em></span> <span class='ocrx_word' id='word_1_81' title='bbox 750 843 954 888; x_wconf 79' lang='lat' dir='ltr'><em>ingenium.</em></span> <span class='ocrx_word' id='word_1_82' title='bbox 991 843 1236 888; x_wconf 77' lang='lat' dir='ltr'><em>locupletibus</em></span> <span class='ocrx_word' id='word_1_83' title='bbox 1260 842 1427 875; x_wconf 87' lang='lat' dir='ltr'><em>multatis</em></span> <span class='ocrx_word' id='word_1_84' title='bbox 1451 841 1544 873; x_wconf 82' lang='lat' dir='ltr'><em>bello</em></span> <span class='ocrx_word' id='word_1_85' title='bbox 1571 852 1608 874; x_wconf 81' lang='lat' dir='ltr'><em>se</em></span> 
     </span>
     <span class='ocr_line' id='line_1_14' title="bbox 132 889 1607 937; baseline -0.002 -15"><span class='ocrx_word' id='word_1_86' title='bbox 132 902 266 937; x_wconf 83' lang='lat' dir='ltr'><em>parum</em></span> <span class='ocrx_word' id='word_1_87' title='bbox 286 890 454 936; x_wconf 81' lang='lat' dir='ltr'><em>feliciter</em></span> <span class='ocrx_word' id='word_1_88' title='bbox 476 898 602 937; x_wconf 87' lang='lat' dir='ltr'><em>parat.</em></span> <span class='ocrx_word' id='word_1_89' title='bbox 630 902 655 924; x_wconf 91' lang='lat' dir='ltr'><em>a</em></span> <span class='ocrx_word' id='word_1_90' title='bbox 679 891 827 924; x_wconf 86' lang='lat' dir='ltr'><em>Latinis</em></span> <span class='ocrx_word' id='word_1_91' title='bbox 844 889 1006 935; x_wconf 84' lang='lat' dir='ltr'><em>fugatur</em></span> <span class='ocrx_word' id='word_1_92' title='bbox 1026 891 1090 934; x_wconf 85' lang='grc' dir='ltr'>(ι).</span> <span class='ocrx_word' id='word_1_93' title='bbox 1136 889 1426 937; x_wconf 68' lang='lat' dir='ltr'><em>pacificationis</em></span> <span class='ocrx_word' id='word_1_94' title='bbox 1450 897 1607 922; x_wconf 81' lang='lat' dir='ltr'><em>conatus</em></span> 
     </span>
     <span class='ocr_line' id='line_1_15' title="bbox 139 934 1610 983; baseline -0.003 -13"><span class='ocrx_word' id='word_1_95' title='bbox 139 938 255 971; x_wconf 88' lang='lat' dir='ltr'><em>irriti.</em></span> <span class='ocrx_word' id='word_1_96' title='bbox 282 937 383 971; x_wconf 79' lang='lat' dir='ltr'><em>urbis</em></span> <span class='ocrx_word' id='word_1_97' title='bbox 425 938 654 983; x_wconf 77' lang='lat' dir='ltr'><em>oppugnatio</em></span> <span class='ocrx_word' id='word_1_98' title='bbox 683 938 910 982; x_wconf 72' lang='lat' dir='ltr'><em>expugnatio</em></span> <span class='ocrx_word' id='word_1_99' title='bbox 935 945 970 969; x_wconf 84' lang='lat' dir='ltr'><em>et</em></span> <span class='ocrx_word' id='word_1_100' title='bbox 999 934 1222 970; x_wconf 84' lang='lat' dir='ltr'><em>incendium.</em></span> <span class='ocrx_word' id='word_1_101' title='bbox 1248 946 1356 982; x_wconf 83' lang='lat' dir='ltr'><em>eques</em></span> <span class='ocrx_word' id='word_1_102' title='bbox 1381 946 1477 967; x_wconf 88' lang='lat' dir='ltr'><em>unus</em></span> <span class='ocrx_word' id='word_1_103' title='bbox 1503 935 1610 967; x_wconf 85' lang='lat' dir='ltr'><em>Lati-</em></span> 
     </span>
     <span class='ocr_line' id='line_1_16' title="bbox 137 981 1609 1030; baseline -0.003 -13"><span class='ocrx_word' id='word_1_104' title='bbox 137 995 207 1017; x_wconf 89' lang='lat' dir='ltr'><em>nus</em></span> <span class='ocrx_word' id='word_1_105' title='bbox 234 985 394 1018; x_wconf 89' lang='lat' dir='ltr'><em>Graecos</em></span> <span class='ocrx_word' id='word_1_106' title='bbox 420 986 463 1017; x_wconf 87' lang='lat' dir='ltr'><em>in</em></span> <span class='ocrx_word' id='word_1_107' title='bbox 481 984 618 1030; x_wconf 82' lang='lat' dir='ltr'><em>sugam</em></span> <span class='ocrx_word' id='word_1_108' title='bbox 640 985 754 1017; x_wconf 85' lang='lat' dir='ltr'><em>vertit</em></span> <span class='ocrx_word' id='word_1_109' title='bbox 773 983 835 1028; x_wconf 83' lang='lat'><em>(2).</em></span> <span class='ocrx_word' id='word_1_110' title='bbox 884 983 1067 1026; x_wconf 81' lang='lat' dir='ltr'><em>Murzufli</em></span> <span class='ocrx_word' id='word_1_111' title='bbox 1079 982 1192 1029; x_wconf 82' lang='lat' dir='ltr'><em>suga.</em></span> <span class='ocrx_word' id='word_1_112' title='bbox 1243 981 1459 1017; x_wconf 87' lang='lat' dir='ltr'><em>Theodorus</em></span> <span class='ocrx_word' id='word_1_113' title='bbox 1482 981 1609 1014; x_wconf 82' lang='lat' dir='ltr'><em>Ducas</em></span> 
     </span>
     <span class='ocr_line' id='line_1_17' title="bbox 137 1028 1611 1077; baseline -0.002 -14"><span class='ocrx_word' id='word_1_114' title='bbox 137 1038 178 1063; x_wconf 63' lang='lat' dir='ltr'><em>et&gt;</em></span> <span class='ocrx_word' id='word_1_115' title='bbox 197 1031 372 1064; x_wconf 87' lang='lat' dir='ltr'><em>Lascaris</em></span> <span class='ocrx_word' id='word_1_116' title='bbox 399 1030 555 1077; x_wconf 85' lang='lat' dir='ltr'><em>Jrustra</em></span> <span class='ocrx_word' id='word_1_117' title='bbox 581 1029 626 1064; x_wconf 90' lang='lat' dir='ltr'><em>de</em></span> <span class='ocrx_word' id='word_1_118' title='bbox 651 1030 804 1075; x_wconf 89' lang='lat' dir='ltr'><em>imperio</em></span> <span class='ocrx_word' id='word_1_119' title='bbox 849 1029 1089 1064; x_wconf 84' lang='lat' dir='ltr'><em>contendunt.</em></span> <span class='ocrx_word' id='word_1_120' title='bbox 1114 1029 1218 1063; x_wconf 88' lang='lat' dir='ltr'><em>urbis</em></span> <span class='ocrx_word' id='word_1_121' title='bbox 1243 1028 1405 1074; x_wconf 84' lang='lat' dir='ltr'><em>direptio</em></span> <span class='ocrx_word' id='word_1_122' title='bbox 1432 1035 1467 1060; x_wconf 92' lang='lat' dir='ltr'><em>et</em></span> <span class='ocrx_word' id='word_1_123' title='bbox 1490 1029 1611 1062; x_wconf 90' lang='lat' dir='ltr'><em>sacri-</em></span> 
     </span>
     <span class='ocr_line' id='line_1_18' title="bbox 135 1075 1610 1122; baseline -0.002 -12"><span class='ocrx_word' id='word_1_124' title='bbox 135 1078 316 1121; x_wconf 86' lang='lat' dir='ltr'><em>legiorum</em></span> <span class='ocrx_word' id='word_1_125' title='bbox 341 1076 552 1122; x_wconf 86' lang='lat' dir='ltr'><em>deploratio</em></span> <span class='ocrx_word' id='word_1_126' title='bbox 579 1079 644 1122; x_wconf 83' lang='lat'><em>(3).</em></span> <span class='ocrx_word' id='word_1_127' title='bbox 690 1077 909 1110; x_wconf 87' lang='lat' dir='ltr'><em>Latinorum</em></span> <span class='ocrx_word' id='word_1_128' title='bbox 947 1079 988 1110; x_wconf 89' lang='lat' dir='ltr'><em>in</em></span> <span class='ocrx_word' id='word_1_129' title='bbox 1014 1077 1104 1110; x_wconf 91' lang='lat' dir='ltr'><em>urbe</em></span> <span class='ocrx_word' id='word_1_130' title='bbox 1128 1075 1438 1122; x_wconf 82' lang='lat' dir='ltr'><em>depraedationes</em></span> <span class='ocrx_word' id='word_1_131' title='bbox 1467 1084 1501 1108; x_wconf 91' lang='lat' dir='ltr'><em>et</em></span> <span class='ocrx_word' id='word_1_132' title='bbox 1527 1076 1610 1108; x_wconf 82' lang='lat' dir='ltr'><em>alia</em></span> 
     </span>
    </p>
   </div>
   <div class='ocr_carea' id='block_1_7' title="bbox 129 1121 1608 1169">
    <p class='ocr_par' dir='ltr' id='par_1_7' title="bbox 129 1121 1608 1169">
     <span class='ocr_line' id='line_1_19' title="bbox 129 1121 1608 1169; baseline -0.003 -12"><span class='ocrx_word' id='word_1_133' title='bbox 129 1123 299 1169; x_wconf 68' lang='lat' dir='ltr'><em>flagitia.</em></span> <span class='ocrx_word' id='word_1_134' title='bbox 334 1122 531 1158; x_wconf 87' lang='lat' dir='ltr'><em>eorundem</em></span> <span class='ocrx_word' id='word_1_135' title='bbox 569 1124 779 1157; x_wconf 77' lang='lat' dir='ltr'><em>insectatio.</em></span> <span class='ocrx_word' id='word_1_136' title='bbox 838 1124 1047 1157; x_wconf 88' lang='lat' dir='ltr'><em>Sarraceni</em></span> <span class='ocrx_word' id='word_1_137' title='bbox 1079 1123 1230 1156; x_wconf 89' lang='lat' dir='ltr'><em>Latinis</em></span> <span class='ocrx_word' id='word_1_138' title='bbox 1264 1122 1505 1155; x_wconf 73' lang='lat' dir='ltr'><em>humaniores</em></span> <span class='ocrx_word' id='word_1_139' title='bbox 1546 1121 1608 1166; x_wconf 71' lang='grc'>(4).</span> 
     </span>
    </p>
   </div>
   <div class='ocr_carea' id='block_1_8' title="bbox 134 1169 1608 1264">
    <p class='ocr_par' dir='ltr' id='par_1_8' title="bbox 134 1169 1608 1264">
     <span class='ocr_line' id='line_1_20' title="bbox 134 1169 1608 1216; baseline -0.002 -14"><span class='ocrx_word' id='word_1_140' title='bbox 134 1170 356 1215; x_wconf 81' lang='lat' dir='ltr'><em>Deploratio</em></span> <span class='ocrx_word' id='word_1_141' title='bbox 395 1170 499 1204; x_wconf 86' lang='lat' dir='ltr'><em>urbis</em></span> <span class='ocrx_word' id='word_1_142' title='bbox 523 1171 672 1216; x_wconf 77' lang='lat' dir='ltr'><em>prolixe</em></span> <span class='ocrx_word' id='word_1_143' title='bbox 705 1169 894 1216; x_wconf 87' lang='lat' dir='ltr'><em>descripta</em></span> <span class='ocrx_word' id='word_1_144' title='bbox 929 1182 998 1215; x_wconf 88' lang='lat' dir='ltr'><em>per</em></span> <span class='ocrx_word' id='word_1_145' title='bbox 1032 1169 1200 1203; x_wconf 88' lang='lat' dir='ltr'><em>Nicetam</em></span> <span class='ocrx_word' id='word_1_146' title='bbox 1229 1169 1294 1214; x_wconf 84' lang='lat'><em>(5).</em></span> <span class='ocrx_word' id='word_1_147' title='bbox 1355 1169 1548 1216; x_wconf 79' lang='lat' dir='ltr'><em>Confessio</em></span> <span class='ocrx_word' id='word_1_148' title='bbox 1573 1175 1608 1199; x_wconf 84' lang='lat' dir='ltr'><em>et</em></span> 
     </span>
     <span class='ocr_line' id='line_1_21' title="bbox 134 1214 1608 1264; baseline -0.001 -14"><span class='ocrx_word' id='word_1_149' title='bbox 134 1217 339 1251; x_wconf 85' lang='lat' dir='ltr'><em>invocatio.</em></span> <span class='ocrx_word' id='word_1_150' title='bbox 357 1217 551 1264; x_wconf 76' lang='lat' dir='ltr'><em>multiplex</em></span> <span class='ocrx_word' id='word_1_151' title='bbox 575 1217 661 1251; x_wconf 89' lang='lat' dir='ltr'><em>item</em></span> <span class='ocrx_word' id='word_1_152' title='bbox 680 1217 891 1252; x_wconf 87' lang='lat' dir='ltr'><em>consolatio</em></span> <span class='ocrx_word' id='word_1_153' title='bbox 905 1226 940 1251; x_wconf 86' lang='lat' dir='ltr'><em>et</em></span> <span class='ocrx_word' id='word_1_154' title='bbox 955 1214 1009 1251; x_wconf 89' lang='lat' dir='ltr'><em>ad</em></span> <span class='ocrx_word' id='word_1_155' title='bbox 1015 1217 1286 1262; x_wconf 85' lang='lat' dir='ltr'><em>poenitentiam</em></span> <span class='ocrx_word' id='word_1_156' title='bbox 1310 1215 1526 1250; x_wconf 78' lang='lat' dir='ltr'><em>adhortatio</em></span> <span class='ocrx_word' id='word_1_157' title='bbox 1543 1214 1608 1260; x_wconf 86' lang='lat'><em>(6).</em></span> 
     </span>
    </p>
   </div>
   <div class='ocr_carea' id='block_1_9' title="bbox 167 1306 1582 1348">
    <p class='ocr_par' dir='ltr' id='par_1_9' title="bbox 167 1306 1582 1348">
     <span class='ocr_line' id='line_1_22' title="bbox 167 1306 1582 1348; baseline -0.001 -1"><span class='ocrx_word' id='word_1_158' title='bbox 167 1306 254 1347; x_wconf 91' lang='lat' dir='ltr'><em>DE</em></span> <span class='ocrx_word' id='word_1_159' title='bbox 284 1307 507 1348; x_wconf 88' lang='lat' dir='ltr'>REBUS</span> <span class='ocrx_word' id='word_1_160' title='bbox 540 1307 715 1348; x_wconf 87' lang='lat' dir='ltr'><strong>POST</strong></span> <span class='ocrx_word' id='word_1_161' title='bbox 748 1307 1030 1348; x_wconf 88' lang='lat' dir='ltr'><strong>CAPTAM</strong></span> <span class='ocrx_word' id='word_1_162' title='bbox 1058 1308 1290 1348; x_wconf 87' lang='lat' dir='ltr'>URBEM</span> <span class='ocrx_word' id='word_1_163' title='bbox 1329 1306 1582 1347; x_wconf 89' lang='lat' dir='ltr'><em>GESTIS.</em></span> 
     </span>
    </p>
   </div>
   <div class='ocr_carea' id='block_1_10' title="bbox 131 1394 1610 1630">
    <p class='ocr_par' dir='ltr' id='par_1_10' title="bbox 131 1394 1610 1630">
     <span class='ocr_line' id='line_1_23' title="bbox 226 1394 1610 1444; baseline -0.001 -14"><span class='ocrx_word' id='word_1_164' title='bbox 226 1395 378 1430; x_wconf 80' lang='lat' dir='ltr'><em>Nicetas</em></span> <span class='ocrx_word' id='word_1_165' title='bbox 412 1396 595 1430; x_wconf 86' lang='lat' dir='ltr'><em>rationem</em></span> <span class='ocrx_word' id='word_1_166' title='bbox 631 1394 754 1430; x_wconf 85' lang='lat' dir='ltr'><em>reddit</em></span> <span class='ocrx_word' id='word_1_167' title='bbox 784 1408 853 1431; x_wconf 88' lang='lat' dir='ltr'><em>cur</em></span> <span class='ocrx_word' id='word_1_168' title='bbox 890 1405 972 1442; x_wconf 87' lang='lat' dir='ltr'><em>post</em></span> <span class='ocrx_word' id='word_1_169' title='bbox 1011 1405 1260 1444; x_wconf 76' lang='lat' dir='ltr'><em>expugnatam</em></span> <span class='ocrx_word' id='word_1_170' title='bbox 1293 1408 1318 1430; x_wconf 89' lang='lat' dir='ltr'><em>a</em></span> <span class='ocrx_word' id='word_1_171' title='bbox 1341 1395 1489 1429; x_wconf 85' lang='lat' dir='ltr'><em>Latinis</em></span> <span class='ocrx_word' id='word_1_172' title='bbox 1516 1396 1610 1440; x_wconf 87' lang='lat' dir='ltr'><em>Cpo·</em></span> 
     </span>
     <span class='ocr_line' id='line_1_24' title="bbox 134 1441 1606 1489; baseline -0.001 -13"><span class='ocrx_word' id='word_1_173' title='bbox 134 1443 198 1476; x_wconf 89' lang='lat' dir='ltr'><em>lim</em></span> <span class='ocrx_word' id='word_1_174' title='bbox 228 1442 375 1477; x_wconf 88' lang='lat' dir='ltr'><em>Solonis</em></span> <span class='ocrx_word' id='word_1_175' title='bbox 409 1444 609 1489; x_wconf 89' lang='lat' dir='ltr'><em>exemplum</em></span> <span class='ocrx_word' id='word_1_176' title='bbox 635 1455 713 1477; x_wconf 89' lang='lat' dir='ltr'><em>non</em></span> <span class='ocrx_word' id='word_1_177' title='bbox 738 1446 789 1477; x_wconf 88' lang='lat' dir='ltr'><em>sit</em></span> <span class='ocrx_word' id='word_1_178' title='bbox 813 1443 1052 1489; x_wconf 80' lang='lat' dir='ltr'><em>imitatus(1).</em></span> <span class='ocrx_word' id='word_1_179' title='bbox 1105 1445 1330 1478; x_wconf 88' lang='lat' dir='ltr'><em>Graecorum</em></span> <span class='ocrx_word' id='word_1_180' title='bbox 1356 1441 1494 1477; x_wconf 85' lang='lat' dir='ltr'><em>cladem</em></span> <span class='ocrx_word' id='word_1_181' title='bbox 1521 1445 1606 1476; x_wconf 88' lang='lat' dir='ltr'><em>nul-</em></span> 
     </span>
     <span class='ocr_line' id='line_1_25' title="bbox 132 1488 1608 1536; baseline 0 -13"><span class='ocrx_word' id='word_1_182' title='bbox 132 1490 172 1523; x_wconf 91' lang='lat' dir='ltr'><em>la</em></span> <span class='ocrx_word' id='word_1_183' title='bbox 198 1488 374 1535; x_wconf 78' lang='lat' dir='ltr'><em>prodigia</em></span> <span class='ocrx_word' id='word_1_184' title='bbox 408 1499 702 1535; x_wconf 84' lang='lat' dir='ltr'><em>praecesserunt.</em></span> <span class='ocrx_word' id='word_1_185' title='bbox 741 1499 872 1536; x_wconf 88' lang='lat' dir='ltr'><em>captae</em></span> <span class='ocrx_word' id='word_1_186' title='bbox 896 1492 999 1525; x_wconf 84' lang='lat' dir='ltr'><em>urbis</em></span> <span class='ocrx_word' id='word_1_187' title='bbox 1032 1491 1256 1525; x_wconf 83' lang='lat' dir='ltr'><em>miserrimus</em></span> <span class='ocrx_word' id='word_1_188' title='bbox 1281 1497 1405 1523; x_wconf 82' lang='lat' dir='ltr'><em>status.</em></span> <span class='ocrx_word' id='word_1_189' title='bbox 1453 1490 1608 1523; x_wconf 86' lang='lat' dir='ltr'><em>Nicetae</em></span> 
     </span>
     <span class='ocr_line' id='line_1_26' title="bbox 131 1535 1608 1583; baseline -0.001 -13"><span class='ocrx_word' id='word_1_190' title='bbox 131 1536 339 1581; x_wconf 83' lang='lat' dir='ltr'><em>peculiaris</em></span> <span class='ocrx_word' id='word_1_191' title='bbox 365 1535 538 1571; x_wconf 87' lang='lat' dir='ltr'><em>condicio</em></span> <span class='ocrx_word' id='word_1_192' title='bbox 563 1536 627 1582; x_wconf 76' lang='lat'><em>(2).</em></span> <span class='ocrx_word' id='word_1_193' title='bbox 680 1538 791 1573; x_wconf 83' lang='lat' dir='ltr'><em>Miris</em></span> <span class='ocrx_word' id='word_1_194' title='bbox 825 1537 941 1572; x_wconf 88' lang='lat' dir='ltr'><em>modis</em></span> <span class='ocrx_word' id='word_1_195' title='bbox 966 1546 1216 1572; x_wconf 81' lang='lat' dir='ltr'><em>conservatur</em></span> <span class='ocrx_word' id='word_1_196' title='bbox 1241 1539 1418 1576; x_wconf 71' lang='lat' dir='ltr'><em>moetas,</em></span> <span class='ocrx_word' id='word_1_197' title='bbox 1444 1537 1512 1583; x_wconf 87' lang='lat' dir='ltr'><em>qui</em></span> <span class='ocrx_word' id='word_1_198' title='bbox 1539 1549 1608 1570; x_wconf 88' lang='lat' dir='ltr'><em>no-</em></span> 
     </span>
     <span class='ocr_line' id='line_1_27' title="bbox 133 1583 1608 1630; baseline 0.001 -14"><span class='ocrx_word' id='word_1_199' title='bbox 133 1583 242 1617; x_wconf 82' lang='lat' dir='ltr'><em>bilem</em></span> <span class='ocrx_word' id='word_1_200' title='bbox 265 1583 451 1629; x_wconf 84' lang='lat' dir='ltr'><em>virginem</em></span> <span class='ocrx_word' id='word_1_201' title='bbox 474 1596 498 1617; x_wconf 92' lang='lat' dir='ltr'><em>a</em></span> <span class='ocrx_word' id='word_1_202' title='bbox 526 1585 689 1629; x_wconf 82' lang='lat' dir='ltr'><em>raptoris</em></span> <span class='ocrx_word' id='word_1_203' title='bbox 721 1596 832 1618; x_wconf 88' lang='lat' dir='ltr'><em>manu</em></span> <span class='ocrx_word' id='word_1_204' title='bbox 856 1583 1062 1630; x_wconf 85' lang='lat' dir='ltr'><em>prudenter</em></span> <span class='ocrx_word' id='word_1_205' title='bbox 1083 1583 1256 1618; x_wconf 84' lang='lat' dir='ltr'><em>vindicat</em></span> <span class='ocrx_word' id='word_1_206' title='bbox 1282 1585 1345 1629; x_wconf 84' lang='lat'><em>(3).</em></span> <span class='ocrx_word' id='word_1_207' title='bbox 1397 1584 1486 1617; x_wconf 86' lang='lat' dir='ltr'><em>Cum</em></span> <span class='ocrx_word' id='word_1_208' title='bbox 1508 1596 1608 1618; x_wconf 88' lang='lat' dir='ltr'><em>moe-</em></span> 
     </span>
    </p>
   </div>
   <div class='ocr_carea' id='block_1_11' title="bbox 106 1629 1606 1677">
    <p class='ocr_par' dir='ltr' id='par_1_11' title="bbox 106 1629 1606 1677">
     <span class='ocr_line' id='line_1_28' title="bbox 106 1629 1606 1677; baseline -0.001 -14"><span class='ocrx_word' id='word_1_209' title='bbox 106 1647 109 1650; x_wconf 95' lang='lat'>·</span> <span class='ocrx_word' id='word_1_210' title='bbox 135 1630 243 1663; x_wconf 79' lang='lat' dir='ltr'><em>nibus</em></span> <span class='ocrx_word' id='word_1_211' title='bbox 260 1629 361 1664; x_wconf 86' lang='lat' dir='ltr'><em>urbis</em></span> <span class='ocrx_word' id='word_1_212' title='bbox 376 1630 529 1664; x_wconf 89' lang='lat' dir='ltr'><em>Nicetae</em></span> <span class='ocrx_word' id='word_1_213' title='bbox 550 1631 798 1677; x_wconf 71' lang='lat' dir='ltr'><em>expostulatio</em></span> <span class='ocrx_word' id='word_1_214' title='bbox 813 1639 847 1665; x_wconf 87' lang='lat' dir='ltr'><em>et</em></span> <span class='ocrx_word' id='word_1_215' title='bbox 870 1631 972 1667; x_wconf 76' lang='lat' dir='ltr'><em>urbis</em></span> <span class='ocrx_word' id='word_1_216' title='bbox 989 1631 1179 1669; x_wconf 87' lang='lat' dir='ltr'><em>adlocutio</em></span> <span class='ocrx_word' id='word_1_217' title='bbox 1200 1632 1410 1676; x_wconf 84' lang='lat' dir='ltr'><em>inaniaque</em></span> <span class='ocrx_word' id='word_1_218' title='bbox 1432 1639 1523 1664; x_wconf 82' lang='lat' dir='ltr'><em>vota</em></span> <span class='ocrx_word' id='word_1_219' title='bbox 1541 1631 1606 1676; x_wconf 72' lang='lat'><em>(4).</em></span> 
     </span>
    </p>
   </div>
   <div class='ocr_carea' id='block_1_12' title="bbox 133 1677 1610 2895">
    <p class='ocr_par' dir='ltr' id='par_1_12' title="bbox 133 1677 1610 2895">
     <span class='ocr_line' id='line_1_29' title="bbox 134 1677 1608 1724; baseline 0 -14"><span class='ocrx_word' id='word_1_220' title='bbox 134 1677 288 1710; x_wconf 88' lang='lat' dir='ltr'><em>Nicetae</em></span> <span class='ocrx_word' id='word_1_221' title='bbox 313 1685 351 1710; x_wconf 89' lang='lat' dir='ltr'><em>et</em></span> <span class='ocrx_word' id='word_1_222' title='bbox 373 1677 535 1712; x_wconf 89' lang='lat' dir='ltr'><em>aliorum</em></span> <span class='ocrx_word' id='word_1_223' title='bbox 547 1679 714 1712; x_wconf 84' lang='lat' dir='ltr'><em>exsulum</em></span> <span class='ocrx_word' id='word_1_224' title='bbox 731 1678 913 1724; x_wconf 83' lang='lat' dir='ltr'><em>fortuna,</em></span> <span class='ocrx_word' id='word_1_225' title='bbox 937 1680 1069 1724; x_wconf 91' lang='lat' dir='ltr'><em>populi</em></span> <span class='ocrx_word' id='word_1_226' title='bbox 1093 1677 1178 1711; x_wconf 84' lang='lat' dir='ltr'><em>item</em></span> <span class='ocrx_word' id='word_1_227' title='bbox 1203 1687 1239 1711; x_wconf 90' lang='lat' dir='ltr'><em>et</em></span> <span class='ocrx_word' id='word_1_228' title='bbox 1265 1678 1424 1711; x_wconf 86' lang='lat' dir='ltr'><em>militum</em></span> <span class='ocrx_word' id='word_1_229' title='bbox 1449 1678 1608 1710; x_wconf 85' lang='lat' dir='ltr'><em>licentia</em></span> 
     </span>
     <span class='ocr_line' id='line_1_30' title="bbox 134 1723 1607 1770; baseline 0 -14"><span class='ocrx_word' id='word_1_230' title='bbox 134 1723 358 1757; x_wconf 69' lang='lat' dir='ltr'><em>describitur</em></span> <span class='ocrx_word' id='word_1_231' title='bbox 383 1723 449 1768; x_wconf 85' lang='lat'><strong>(5).</strong></span> <span class='ocrx_word' id='word_1_232' title='bbox 509 1726 614 1758; x_wconf 85' lang='lat' dir='ltr'><em>Inter</em></span> <span class='ocrx_word' id='word_1_233' title='bbox 637 1725 758 1759; x_wconf 86' lang='lat' dir='ltr'><em>Duces</em></span> <span class='ocrx_word' id='word_1_234' title='bbox 781 1725 935 1759; x_wconf 77' lang='lat' dir='ltr'><em>Latinos</em></span> <span class='ocrx_word' id='word_1_235' title='bbox 958 1726 1106 1759; x_wconf 85' lang='lat' dir='ltr'><em>sortitio</em></span> <span class='ocrx_word' id='word_1_236' title='bbox 1127 1725 1416 1770; x_wconf 85' lang='lat' dir='ltr'><em>provinciarum</em></span> <span class='ocrx_word' id='word_1_237' title='bbox 1445 1723 1607 1757; x_wconf 86' lang='lat' dir='ltr'><em>nondum</em></span> 
     </span>
     <span class='ocr_line' id='line_1_31' title="bbox 136 1769 1607 1817; baseline 0.001 -15"><span class='ocrx_word' id='word_1_238' title='bbox 136 1771 382 1804; x_wconf 85' lang='lat' dir='ltr'><em>subactarum.</em></span> <span class='ocrx_word' id='word_1_239' title='bbox 411 1771 454 1803; x_wconf 88' lang='lat' dir='ltr'><em>in</em></span> <span class='ocrx_word' id='word_1_240' title='bbox 477 1772 639 1806; x_wconf 83' lang='lat' dir='ltr'><em>comitiis</em></span> <span class='ocrx_word' id='word_1_241' title='bbox 664 1773 778 1817; x_wconf 88' lang='lat' dir='ltr'><em>regiis</em></span> <span class='ocrx_word' id='word_1_242' title='bbox 805 1773 1017 1806; x_wconf 81' lang='lat' dir='ltr'><em>sortitionis</em></span> <span class='ocrx_word' id='word_1_243' title='bbox 1030 1774 1137 1805; x_wconf 86' lang='lat' dir='ltr'><em>ritus.</em></span> <span class='ocrx_word' id='word_1_244' title='bbox 1167 1769 1376 1805; x_wconf 88' lang='lat' dir='ltr'><em>Balduinus</em></span> <span class='ocrx_word' id='word_1_245' title='bbox 1405 1769 1607 1804; x_wconf 81' lang='lat' dir='ltr'><em>Flandriae</em></span> 
     </span>
     <span class='ocr_line' id='line_1_32' title="bbox 135 1815 1606 1864; baseline 0 -13"><span class='ocrx_word' id='word_1_246' title='bbox 135 1829 254 1851; x_wconf 87' lang='lat' dir='ltr'><em>comes</em></span> <span class='ocrx_word' id='word_1_247' title='bbox 279 1815 451 1851; x_wconf 86' lang='lat' dir='ltr'><em>Danduli</em></span> <span class='ocrx_word' id='word_1_248' title='bbox 475 1829 590 1864; x_wconf 86' lang='lat' dir='ltr'><em>opera</em></span> <span class='ocrx_word' id='word_1_249' title='bbox 618 1826 772 1852; x_wconf 85' lang='lat' dir='ltr'><em>creatur</em></span> <span class='ocrx_word' id='word_1_250' title='bbox 795 1820 1008 1864; x_wconf 81' lang='lat' dir='ltr'><em>imperator.</em></span> <span class='ocrx_word' id='word_1_251' title='bbox 1034 1816 1195 1851; x_wconf 86' lang='lat' dir='ltr'><em>eiusdem</em></span> <span class='ocrx_word' id='word_1_252' title='bbox 1219 1818 1377 1863; x_wconf 85' lang='lat' dir='ltr'><em>elogium</em></span> <span class='ocrx_word' id='word_1_253' title='bbox 1403 1815 1467 1862; x_wconf 88' lang='lat'>(6).</span> <span class='ocrx_word' id='word_1_254' title='bbox 1515 1818 1606 1851; x_wconf 83' lang='lat' dir='ltr'><em>Bal-</em></span> 
     </span>
     <span class='ocr_line' id='line_1_33' title="bbox 134 1863 1606 1910; baseline -0.001 -13"><span class='ocrx_word' id='word_1_255' title='bbox 134 1863 270 1897; x_wconf 87' lang='lat' dir='ltr'><em>duinus</em></span> <span class='ocrx_word' id='word_1_256' title='bbox 294 1863 484 1907; x_wconf 88' lang='lat' dir='ltr'><em>imperium</em></span> <span class='ocrx_word' id='word_1_257' title='bbox 507 1865 678 1898; x_wconf 84' lang='lat' dir='ltr'><em>stabilire</em></span> <span class='ocrx_word' id='word_1_258' title='bbox 713 1863 847 1901; x_wconf 87' lang='lat' dir='ltr'><em>studet.</em></span> <span class='ocrx_word' id='word_1_259' title='bbox 884 1863 936 1899; x_wconf 88' lang='lat' dir='ltr'><em>ad</em></span> <span class='ocrx_word' id='word_1_260' title='bbox 966 1876 1045 1899; x_wconf 89' lang='lat' dir='ltr'><em>eum</em></span> <span class='ocrx_word' id='word_1_261' title='bbox 1071 1863 1292 1910; x_wconf 87' lang='lat' dir='ltr'><em>Bonisacius</em></span> <span class='ocrx_word' id='word_1_262' title='bbox 1318 1863 1486 1898; x_wconf 80' lang='lat' dir='ltr'><em>marchio</em></span> <span class='ocrx_word' id='word_1_263' title='bbox 1510 1864 1606 1909; x_wconf 82' lang='lat' dir='ltr'><em>desi-</em></span> 
     </span>
     <span class='ocr_line' id='line_1_34' title="bbox 135 1909 1607 1957; baseline -0.002 -11"><span class='ocrx_word' id='word_1_264' title='bbox 135 1913 214 1950; x_wconf 88' lang='lat' dir='ltr'><em>cit,</em></span> <span class='ocrx_word' id='word_1_265' title='bbox 244 1917 279 1943; x_wconf 90' lang='lat' dir='ltr'><em>et</em></span> <span class='ocrx_word' id='word_1_266' title='bbox 306 1911 572 1944; x_wconf 79' lang='lat' dir='ltr'><em>reconciliatus</em></span> <span class='ocrx_word' id='word_1_267' title='bbox 598 1912 794 1946; x_wconf 87' lang='lat' dir='ltr'><em>Graeciam</em></span> <span class='ocrx_word' id='word_1_268' title='bbox 819 1920 976 1957; x_wconf 88' lang='lat' dir='ltr'><em>occupat</em></span> <span class='ocrx_word' id='word_1_269' title='bbox 1000 1910 1064 1957; x_wconf 81' lang='lat'><em>(7).</em></span> <span class='ocrx_word' id='word_1_270' title='bbox 1111 1912 1297 1945; x_wconf 86' lang='lat' dir='ltr'><em>Henricus</em></span> <span class='ocrx_word' id='word_1_271' title='bbox 1321 1909 1607 1956; x_wconf 62' lang='lat' dir='ltr'><em>Balduinifivz-</em></span> 
     </span>
     <span class='ocr_line' id='line_1_35' title="bbox 134 1957 1607 2004; baseline -0.001 -12"><span class='ocrx_word' id='word_1_272' title='bbox 134 1966 193 1992; x_wconf 82' lang='lat' dir='ltr'><em>ter</em></span> <span class='ocrx_word' id='word_1_273' title='bbox 219 1964 255 1992; x_wconf 84' lang='lat' dir='ltr'><em>et</em></span> <span class='ocrx_word' id='word_1_274' title='bbox 275 1957 408 1990; x_wconf 77' lang='lat' dir='ltr'><em>Petrus</em></span> <span class='ocrx_word' id='word_1_275' title='bbox 430 1957 608 1992; x_wconf 85' lang='lat' dir='ltr'><em>Plancius</em></span> <span class='ocrx_word' id='word_1_276' title='bbox 632 1959 793 1992; x_wconf 76' lang='lat' dir='ltr'><em>Asianus</em></span> <span class='ocrx_word' id='word_1_277' title='bbox 827 1958 932 1993; x_wconf 87' lang='lat' dir='ltr'><em>urbes</em></span> <span class='ocrx_word' id='word_1_278' title='bbox 958 1966 1154 2004; x_wconf 88' lang='lat' dir='ltr'><em>occupant.</em></span> <span class='ocrx_word' id='word_1_279' title='bbox 1202 1959 1343 1992; x_wconf 90' lang='lat' dir='ltr'><em>Prusae</em></span> <span class='ocrx_word' id='word_1_280' title='bbox 1365 1958 1479 1991; x_wconf 89' lang='lat' dir='ltr'><em>irrita</em></span> <span class='ocrx_word' id='word_1_281' title='bbox 1507 1959 1607 1991; x_wconf 83' lang='lat' dir='ltr'><em>obsi-</em></span> 
     </span>
     <span class='ocr_line' id='line_1_36' title="bbox 134 2001 1606 2052; baseline 0.001 -15"><span class='ocrx_word' id='word_1_282' title='bbox 134 2003 208 2038; x_wconf 84' lang='lat' dir='ltr'><em>dio.</em></span> <span class='ocrx_word' id='word_1_283' title='bbox 261 2001 473 2036; x_wconf 82' lang='lat' dir='ltr'><em>Theodorus</em></span> <span class='ocrx_word' id='word_1_284' title='bbox 497 2003 832 2051; x_wconf 85' lang='lat' dir='ltr'><em>Philadelphiensis</em></span> <span class='ocrx_word' id='word_1_285' title='bbox 861 2005 905 2039; x_wconf 88' lang='lat' dir='ltr'><em>ab</em></span> <span class='ocrx_word' id='word_1_286' title='bbox 928 2006 1090 2039; x_wconf 89' lang='lat' dir='ltr'><em>Henrico</em></span> <span class='ocrx_word' id='word_1_287' title='bbox 1113 2006 1348 2052; x_wconf 78' lang='lat' dir='ltr'><em>profligatus.</em></span> <span class='ocrx_word' id='word_1_288' title='bbox 1378 2004 1606 2038; x_wconf 85' lang='lat' dir='ltr'><em>marchionis</em></span> 
     </span>
     <span class='ocr_line' id='line_1_37' title="bbox 133 2051 1610 2097; baseline 0.001 -13"><span class='ocrx_word' id='word_1_289' title='bbox 133 2051 176 2084; x_wconf 82' lang='lat' dir='ltr'><em>in</em></span> <span class='ocrx_word' id='word_1_290' title='bbox 202 2051 364 2084; x_wconf 87' lang='lat' dir='ltr'><em>Graecia</em></span> <span class='ocrx_word' id='word_1_291' title='bbox 388 2052 655 2095; x_wconf 79' lang='lat' dir='ltr'><em>grassationes.</em></span> <span class='ocrx_word' id='word_1_292' title='bbox 703 2052 839 2086; x_wconf 88' lang='lat' dir='ltr'><em>Leonis</em></span> <span class='ocrx_word' id='word_1_293' title='bbox 862 2053 989 2086; x_wconf 86' lang='lat' dir='ltr'><em>Scurii</em></span> <span class='ocrx_word' id='word_1_294' title='bbox 1019 2053 1181 2097; x_wconf 84' lang='lat' dir='ltr'><em>Nauplii</em></span> <span class='ocrx_word' id='word_1_295' title='bbox 1205 2051 1381 2096; x_wconf 81' lang='lat' dir='ltr'><em>tyrannis</em></span> <span class='ocrx_word' id='word_1_296' title='bbox 1441 2052 1610 2090; x_wconf 83' lang='lat' dir='ltr'><em>Michael</em></span> 
     </span>
     <span class='ocr_line' id='line_1_38' title="bbox 137 2096 1607 2145; baseline 0.003 -15"><span class='ocrx_word' id='word_1_297' title='bbox 137 2097 337 2132; x_wconf 85' lang='lat' dir='ltr'><em>Choniates</em></span> <span class='ocrx_word' id='word_1_298' title='bbox 360 2096 515 2130; x_wconf 85' lang='lat' dir='ltr'><em>Leonem</em></span> <span class='ocrx_word' id='word_1_299' title='bbox 537 2099 666 2143; x_wconf 83' lang='lat' dir='ltr'><em>placat</em></span> <span class='ocrx_word' id='word_1_300' title='bbox 694 2098 760 2144; x_wconf 89' lang='lat'><em>(8).</em></span> <span class='ocrx_word' id='word_1_301' title='bbox 811 2101 948 2134; x_wconf 81' lang='lat' dir='ltr'><em>Scurus</em></span> <span class='ocrx_word' id='word_1_302' title='bbox 971 2099 1094 2133; x_wconf 76' lang='lat' dir='ltr'><em>Alexii</em></span> <span class='ocrx_word' id='word_1_303' title='bbox 1117 2098 1354 2145; x_wconf 87' lang='lat' dir='ltr'><em>imperatoris</em></span> <span class='ocrx_word' id='word_1_304' title='bbox 1376 2098 1500 2144; x_wconf 82' lang='lat' dir='ltr'><em>filiam</em></span> <span class='ocrx_word' id='word_1_305' title='bbox 1526 2099 1607 2134; x_wconf 89' lang='lat' dir='ltr'><em>Eu·</em></span> 
     </span>
     <span class='ocr_line' id='line_1_39' title="bbox 133 2142 1607 2190; baseline 0.002 -13"><span class='ocrx_word' id='word_1_306' title='bbox 133 2143 283 2179; x_wconf 87' lang='lat' dir='ltr'><em>dociam</em></span> <span class='ocrx_word' id='word_1_307' title='bbox 311 2142 426 2177; x_wconf 87' lang='lat' dir='ltr'><em>ducit.</em></span> <span class='ocrx_word' id='word_1_308' title='bbox 487 2145 670 2190; x_wconf 77' lang='lat' dir='ltr'><em>Murzufli</em></span> <span class='ocrx_word' id='word_1_309' title='bbox 698 2146 921 2180; x_wconf 87' lang='lat' dir='ltr'><em>miserabilis</em></span> <span class='ocrx_word' id='word_1_310' title='bbox 948 2146 1135 2180; x_wconf 88' lang='lat' dir='ltr'><em>interitus.</em></span> <span class='ocrx_word' id='word_1_311' title='bbox 1159 2145 1326 2180; x_wconf 86' lang='lat' dir='ltr'><em>marchio</em></span> <span class='ocrx_word' id='word_1_312' title='bbox 1354 2146 1516 2180; x_wconf 85' lang='lat' dir='ltr'><em>Graecia</em></span> <span class='ocrx_word' id='word_1_313' title='bbox 1539 2160 1607 2190; x_wconf 83' lang='lat' dir='ltr'><em>po-</em></span> 
     </span>
     <span class='ocr_line' id='line_1_40' title="bbox 134 2191 1607 2239; baseline 0.002 -16"><span class='ocrx_word' id='word_1_314' title='bbox 134 2192 236 2224; x_wconf 86' lang='lat' dir='ltr'><em>titur.</em></span> <span class='ocrx_word' id='word_1_315' title='bbox 287 2191 426 2224; x_wconf 88' lang='lat' dir='ltr'><em>Scurus</em></span> <span class='ocrx_word' id='word_1_316' title='bbox 462 2191 775 2226; x_wconf 81' lang='lat' dir='ltr'><em>Acrocorinthum</em></span> <span class='ocrx_word' id='word_1_317' title='bbox 809 2193 988 2238; x_wconf 81' lang='lat' dir='ltr'><em>confugit.</em></span> <span class='ocrx_word' id='word_1_318' title='bbox 1036 2193 1190 2227; x_wconf 79' lang='lat' dir='ltr'><em>Alexius</em></span> <span class='ocrx_word' id='word_1_319' title='bbox 1224 2193 1374 2239; x_wconf 84' lang='lat' dir='ltr'><em>imperii</em></span> <span class='ocrx_word' id='word_1_320' title='bbox 1395 2193 1607 2237; x_wconf 74' lang='lat' dir='ltr'><em>insignibus</em></span> 
     </span>
     <span class='ocr_line' id='line_1_41' title="bbox 134 2235 1605 2284; baseline 0.001 -13"><span class='ocrx_word' id='word_1_321' title='bbox 134 2239 287 2271; x_wconf 82' lang='lat' dir='ltr'><em>exuitur</em></span> <span class='ocrx_word' id='word_1_322' title='bbox 308 2236 374 2281; x_wconf 84' lang='lat'><em>(9).</em></span> <span class='ocrx_word' id='word_1_323' title='bbox 435 2238 573 2272; x_wconf 86' lang='lat' dir='ltr'><em>Graeci</em></span> <span class='ocrx_word' id='word_1_324' title='bbox 595 2239 728 2273; x_wconf 87' lang='lat' dir='ltr'><em>milites</em></span> <span class='ocrx_word' id='word_1_325' title='bbox 761 2251 784 2272; x_wconf 91' lang='lat' dir='ltr'><em>a</em></span> <span class='ocrx_word' id='word_1_326' title='bbox 811 2235 959 2274; x_wconf 84' lang='lat' dir='ltr'><em>Latinis</em></span> <span class='ocrx_word' id='word_1_327' title='bbox 984 2239 1173 2283; x_wconf 82' lang='lat' dir='ltr'><em>repudiati</em></span> <span class='ocrx_word' id='word_1_328' title='bbox 1197 2239 1420 2272; x_wconf 88' lang='lat' dir='ltr'><em>Blachorum</em></span> <span class='ocrx_word' id='word_1_329' title='bbox 1445 2251 1512 2284; x_wconf 89' lang='lat' dir='ltr'><em>ope</em></span> <span class='ocrx_word' id='word_1_330' title='bbox 1538 2252 1605 2273; x_wconf 91' lang='lat' dir='ltr'><em>ur-</em></span> 
     </span>
     <span class='ocr_line' id='line_1_42' title="bbox 134 2283 1605 2331; baseline 0.003 -14"><span class='ocrx_word' id='word_1_331' title='bbox 134 2285 194 2318; x_wconf 82' lang='lat' dir='ltr'><em>bes</em></span> <span class='ocrx_word' id='word_1_332' title='bbox 220 2283 271 2318; x_wconf 87' lang='lat' dir='ltr'><em>ad</em></span> <span class='ocrx_word' id='word_1_333' title='bbox 297 2284 539 2325; x_wconf 75' lang='lat' dir='ltr'><em>defectionem</em></span> <span class='ocrx_word' id='word_1_334' title='bbox 571 2286 774 2331; x_wconf 87' lang='lat' dir='ltr'><em>impellunt.</em></span> <span class='ocrx_word' id='word_1_335' title='bbox 822 2287 950 2320; x_wconf 82' lang='lat' dir='ltr'><em>Latini</em></span> <span class='ocrx_word' id='word_1_336' title='bbox 987 2285 1246 2321; x_wconf 78' lang='lat' dir='ltr'><em>Occidentales</em></span> <span class='ocrx_word' id='word_1_337' title='bbox 1271 2286 1378 2319; x_wconf 88' lang='lat' dir='ltr'><em>urbes</em></span> <span class='ocrx_word' id='word_1_338' title='bbox 1405 2298 1605 2331; x_wconf 84' lang='lat' dir='ltr'><em>recupera-</em></span> 
     </span>
     <span class='ocr_line' id='line_1_43' title="bbox 134 2332 1604 2379; baseline 0 -14"><span class='ocrx_word' id='word_1_339' title='bbox 134 2343 174 2365; x_wconf 88' lang='lat' dir='ltr'><em>re</em></span> <span class='ocrx_word' id='word_1_340' title='bbox 202 2338 390 2376; x_wconf 77' lang='lat' dir='ltr'><em>satagunt.</em></span> <span class='ocrx_word' id='word_1_341' title='bbox 429 2332 652 2366; x_wconf 87' lang='lat' dir='ltr'><em>Graecorum</em></span> <span class='ocrx_word' id='word_1_342' title='bbox 685 2332 807 2367; x_wconf 82' lang='lat' dir='ltr'><em>clades</em></span> <span class='ocrx_word' id='word_1_343' title='bbox 833 2333 886 2367; x_wconf 88' lang='lat' dir='ltr'><em>ad</em></span> <span class='ocrx_word' id='word_1_344' title='bbox 907 2333 1196 2378; x_wconf 85' lang='lat' dir='ltr'><em>Arcadiopolim.</em></span> <span class='ocrx_word' id='word_1_345' title='bbox 1244 2332 1516 2379; x_wconf 87' lang='lat' dir='ltr'><em>Adrianopolis</em></span> <span class='ocrx_word' id='word_1_346' title='bbox 1541 2334 1604 2367; x_wconf 83' lang='lat' dir='ltr'><em>ob-</em></span> 
     </span>
     <span class='ocr_line' id='line_1_44' title="bbox 135 2376 1604 2428; baseline 0.002 -18"><span class='ocrx_word' id='word_1_347' title='bbox 135 2376 244 2411; x_wconf 85' lang='lat' dir='ltr'><em>sidio.</em></span> <span class='ocrx_word' id='word_1_348' title='bbox 292 2378 422 2411; x_wconf 86' lang='lat' dir='ltr'><em>Latini</em></span> <span class='ocrx_word' id='word_1_349' title='bbox 451 2390 474 2411; x_wconf 86' lang='lat' dir='ltr'><em>a</em></span> <span class='ocrx_word' id='word_1_350' title='bbox 512 2379 656 2420; x_wconf 85' lang='lat' dir='ltr'><em>Scythis</em></span> <span class='ocrx_word' id='word_1_351' title='bbox 692 2379 736 2412; x_wconf 87' lang='lat' dir='ltr'><em>in</em></span> <span class='ocrx_word' id='word_1_352' title='bbox 760 2379 922 2414; x_wconf 85' lang='lat' dir='ltr'><em>insidias</em></span> <span class='ocrx_word' id='word_1_353' title='bbox 944 2381 1098 2428; x_wconf 86' lang='lat' dir='ltr'><em>pellecti</em></span> <span class='ocrx_word' id='word_1_354' title='bbox 1121 2392 1144 2413; x_wconf 89' lang='lat' dir='ltr'><em>a</em></span> <span class='ocrx_word' id='word_1_355' title='bbox 1168 2380 1321 2414; x_wconf 84' lang='lat' dir='ltr'><em>Blachis</em></span> <span class='ocrx_word' id='word_1_356' title='bbox 1344 2382 1544 2425; x_wconf 75' lang='lat' dir='ltr'><em>capiuntur</em></span> <span class='ocrx_word' id='word_1_357' title='bbox 1569 2390 1604 2414; x_wconf 86' lang='lat' dir='ltr'><em>et</em></span> 
     </span>
     <span class='ocr_line' id='line_1_45' title="bbox 135 2423 1605 2473; baseline 0.001 -15"><span class='ocrx_word' id='word_1_358' title='bbox 135 2423 366 2459; x_wconf 86' lang='lat' dir='ltr'><em>occiduntur.</em></span> <span class='ocrx_word' id='word_1_359' title='bbox 422 2424 622 2460; x_wconf 87' lang='lat' dir='ltr'><em>Dandulus</em></span> <span class='ocrx_word' id='word_1_360' title='bbox 663 2425 793 2472; x_wconf 74' lang='lat' dir='ltr'><em>effugit</em></span> <span class='ocrx_word' id='word_1_361' title='bbox 826 2428 913 2473; x_wconf 86' lang='grc' dir='ltr'>(ιο).</span> <span class='ocrx_word' id='word_1_362' title='bbox 971 2427 1108 2461; x_wconf 86' lang='lat' dir='ltr'><em>Graeci</em></span> <span class='ocrx_word' id='word_1_363' title='bbox 1133 2440 1156 2460; x_wconf 91' lang='lat' dir='ltr'><em>a</em></span> <span class='ocrx_word' id='word_1_364' title='bbox 1177 2426 1323 2470; x_wconf 87' lang='lat' dir='ltr'><em>Scythis</em></span> <span class='ocrx_word' id='word_1_365' title='bbox 1347 2435 1381 2461; x_wconf 86' lang='lat' dir='ltr'><em>et</em></span> <span class='ocrx_word' id='word_1_366' title='bbox 1405 2439 1428 2460; x_wconf 94' lang='lat' dir='ltr'><em>a</em></span> <span class='ocrx_word' id='word_1_367' title='bbox 1455 2428 1605 2461; x_wconf 88' lang='lat' dir='ltr'><em>Latinis</em></span> 
     </span>
     <span class='ocr_line' id='line_1_46' title="bbox 135 2473 1603 2521; baseline 0.002 -17"><span class='ocrx_word' id='word_1_368' title='bbox 135 2480 331 2505; x_wconf 78' lang='lat' dir='ltr'><em>vexantur.</em></span> <span class='ocrx_word' id='word_1_369' title='bbox 386 2473 573 2514; x_wconf 76' lang='lat' dir='ltr'><em>Mysorum</em></span> <span class='ocrx_word' id='word_1_370' title='bbox 597 2481 632 2507; x_wconf 82' lang='lat' dir='ltr'><em>et</em></span> <span class='ocrx_word' id='word_1_371' title='bbox 648 2473 868 2508; x_wconf 86' lang='lat' dir='ltr'><em>Latinorum</em></span> <span class='ocrx_word' id='word_1_372' title='bbox 893 2486 1022 2521; x_wconf 83' lang='lat' dir='ltr'><em>pugna</em></span> <span class='ocrx_word' id='word_1_373' title='bbox 1051 2473 1105 2507; x_wconf 89' lang='lat' dir='ltr'><em>ad</em></span> <span class='ocrx_word' id='word_1_374' title='bbox 1123 2476 1267 2510; x_wconf 75' lang='lat' dir='ltr'><em>Seru-as.</em></span> <span class='ocrx_word' id='word_1_375' title='bbox 1296 2473 1463 2508; x_wconf 85' lang='lat' dir='ltr'><em>marchio</em></span> <span class='ocrx_word' id='word_1_376' title='bbox 1491 2475 1603 2508; x_wconf 82' lang='lat' dir='ltr'><em>Thes—</em></span> 
     </span>
     <span class='ocr_line' id='line_1_47' title="bbox 135 2518 1604 2567; baseline 0.003 -16"><span class='ocrx_word' id='word_1_377' title='bbox 135 2518 422 2552; x_wconf 77' lang='lat' dir='ltr'><em>salonicensium</em></span> <span class='ocrx_word' id='word_1_378' title='bbox 447 2518 687 2564; x_wconf 73' lang='lat' dir='ltr'><em>dejectionem</em></span> <span class='ocrx_word' id='word_1_379' title='bbox 719 2521 925 2556; x_wconf 84' lang='lat' dir='ltr'><em>ulciscitur.</em></span> <span class='ocrx_word' id='word_1_380' title='bbox 981 2522 1107 2555; x_wconf 83' lang='lat' dir='ltr'><em>Alexii</em></span> <span class='ocrx_word' id='word_1_381' title='bbox 1129 2521 1325 2567; x_wconf 79' lang='lat' dir='ltr'><em>relegatio.</em></span> <span class='ocrx_word' id='word_1_382' title='bbox 1353 2521 1604 2556; x_wconf 77' lang='lat' dir='ltr'><em>marchionici</em></span> 
     </span>
     <span class='ocr_line' id='line_1_48' title="bbox 137 2564 1602 2608; baseline 0.003 -10"><span class='ocrx_word' id='word_1_383' title='bbox 137 2564 257 2598; x_wconf 87' lang='lat' dir='ltr'><em>denuo</em></span> <span class='ocrx_word' id='word_1_384' title='bbox 292 2577 316 2598; x_wconf 90' lang='lat' dir='ltr'><em>a</em></span> <span class='ocrx_word' id='word_1_385' title='bbox 349 2566 493 2608; x_wconf 73' lang='lat' dir='ltr'><em>Scythis</em></span> <span class='ocrx_word' id='word_1_386' title='bbox 524 2568 734 2600; x_wconf 88' lang='lat' dir='ltr'><em>vincuntur</em></span> <span class='ocrx_word' id='word_1_387' title='bbox 773 2576 808 2602; x_wconf 87' lang='lat' dir='ltr'><em>et</em></span> <span class='ocrx_word' id='word_1_388' title='bbox 837 2568 945 2602; x_wconf 83' lang='lat' dir='ltr'><em>urbes</em></span> <span class='ocrx_word' id='word_1_389' title='bbox 969 2569 1152 2602; x_wconf 90' lang='lat' dir='ltr'><em>amittunt.</em></span> <span class='ocrx_word' id='word_1_390' title='bbox 1216 2568 1349 2601; x_wconf 88' lang='lat' dir='ltr'><em>Latini</em></span> <span class='ocrx_word' id='word_1_391' title='bbox 1371 2569 1413 2601; x_wconf 90' lang='lat' dir='ltr'><em>in</em></span> <span class='ocrx_word' id='word_1_392' title='bbox 1434 2569 1602 2602; x_wconf 74' lang='lat' dir='ltr'><em>Thracia</em></span> 
     </span>
     <span class='ocr_line' id='line_1_49' title="bbox 137 2612 1601 2662; baseline 0.002 -17"><span class='ocrx_word' id='word_1_393' title='bbox 137 2620 357 2655; x_wconf 83' lang='lat' dir='ltr'><em>grassantur</em></span> <span class='ocrx_word' id='word_1_394' title='bbox 373 2612 458 2658; x_wconf 85' lang='grc' dir='ltr'>(ιι).</span> <span class='ocrx_word' id='word_1_395' title='bbox 507 2614 692 2648; x_wconf 83' lang='lat' dir='ltr'><em>Henricus</em></span> <span class='ocrx_word' id='word_1_396' title='bbox 714 2614 896 2648; x_wconf 86' lang='lat' dir='ltr'><em>Balduini</em></span> <span class='ocrx_word' id='word_1_397' title='bbox 908 2616 1039 2661; x_wconf 77' lang='lat' dir='ltr'><em>ftater</em></span> <span class='ocrx_word' id='word_1_398' title='bbox 1058 2618 1193 2661; x_wconf 90' lang='lat' dir='ltr'><em>Aprum</em></span> <span class='ocrx_word' id='word_1_399' title='bbox 1207 2616 1251 2648; x_wconf 84' lang='lat' dir='ltr'><em>vi</em></span> <span class='ocrx_word' id='word_1_400' title='bbox 1268 2622 1477 2662; x_wconf 74' lang='lat' dir='ltr'><em>expugnat,</em></span> <span class='ocrx_word' id='word_1_401' title='bbox 1506 2617 1601 2648; x_wconf 90' lang='lat' dir='ltr'><em>Ore-</em></span> 
     </span>
     <span class='ocr_line' id='line_1_50' title="bbox 137 2657 1601 2708; baseline 0.003 -18"><span class='ocrx_word' id='word_1_402' title='bbox 137 2657 290 2692; x_wconf 82' lang='lat' dir='ltr'><em>stiadem</em></span> <span class='ocrx_word' id='word_1_403' title='bbox 313 2659 459 2703; x_wconf 78' lang='lat' dir='ltr'><em>frustra</em></span> <span class='ocrx_word' id='word_1_404' title='bbox 489 2669 688 2705; x_wconf 77' lang='lat' dir='ltr'><em>oppugnat.</em></span> <span class='ocrx_word' id='word_1_405' title='bbox 734 2662 836 2696; x_wconf 76' lang='lat' dir='ltr'><em>Retri</em></span> <span class='ocrx_word' id='word_1_406' title='bbox 870 2663 1022 2697; x_wconf 89' lang='lat' dir='ltr'><em>Plancii</em></span> <span class='ocrx_word' id='word_1_407' title='bbox 1043 2673 1164 2697; x_wconf 88' lang='lat' dir='ltr'><em>casus.</em></span> <span class='ocrx_word' id='word_1_408' title='bbox 1204 2663 1284 2696; x_wconf 83' lang='lat' dir='ltr'><em>lues</em></span> <span class='ocrx_word' id='word_1_409' title='bbox 1319 2669 1357 2697; x_wconf 82' lang='lat' dir='ltr'><em>et</em></span> <span class='ocrx_word' id='word_1_410' title='bbox 1381 2661 1508 2708; x_wconf 88' lang='lat' dir='ltr'><em>sames</em></span> <span class='ocrx_word' id='word_1_411' title='bbox 1535 2664 1601 2695; x_wconf 86' lang='lat' dir='ltr'><em>ob-</em></span> 
     </span>
     <span class='ocr_line' id='line_1_51' title="bbox 139 2703 1599 2753; baseline 0.004 -16"><span class='ocrx_word' id='word_1_412' title='bbox 139 2703 319 2739; x_wconf 74' lang='lat' dir='ltr'><em>sidionem</em></span> <span class='ocrx_word' id='word_1_413' title='bbox 343 2706 506 2740; x_wconf 81' lang='lat' dir='ltr'><em>solvunt.</em></span> <span class='ocrx_word' id='word_1_414' title='bbox 524 2706 822 2751; x_wconf 82' lang='lat' dir='ltr'><em>Didymotichum</em></span> <span class='ocrx_word' id='word_1_415' title='bbox 845 2709 946 2743; x_wconf 87' lang='lat' dir='ltr'><em>Euri</em></span> <span class='ocrx_word' id='word_1_416' title='bbox 971 2707 1222 2744; x_wconf 79' lang='lat' dir='ltr'><em>exundatione</em></span> <span class='ocrx_word' id='word_1_417' title='bbox 1248 2707 1446 2753; x_wconf 74' lang='lat' dir='ltr'><em>defensum.</em></span> <span class='ocrx_word' id='word_1_418' title='bbox 1477 2709 1599 2743; x_wconf 88' lang='lat' dir='ltr'><em>Grae-</em></span> 
     </span>
     <span class='ocr_line' id='line_1_52' title="bbox 139 2752 1598 2799; baseline 0.004 -16"><span class='ocrx_word' id='word_1_419' title='bbox 139 2752 218 2784; x_wconf 87' lang='lat' dir='ltr'><em>ciae</em></span> <span class='ocrx_word' id='word_1_420' title='bbox 244 2752 468 2786; x_wconf 85' lang='lat' dir='ltr'><em>miserrimus</em></span> <span class='ocrx_word' id='word_1_421' title='bbox 506 2762 622 2788; x_wconf 87' lang='lat' dir='ltr'><em>status</em></span> <span class='ocrx_word' id='word_1_422' title='bbox 645 2753 734 2799; x_wconf 79' lang='lat'><strong>(12).</strong></span> <span class='ocrx_word' id='word_1_423' title='bbox 790 2757 1046 2791; x_wconf 84' lang='lat' dir='ltr'><em>Mauzoromes</em></span> <span class='ocrx_word' id='word_1_424' title='bbox 1066 2757 1239 2790; x_wconf 85' lang='lat' dir='ltr'><em>Lascaris</em></span> <span class='ocrx_word' id='word_1_425' title='bbox 1263 2764 1299 2788; x_wconf 89' lang='lat' dir='ltr'><em>et</em></span> <span class='ocrx_word' id='word_1_426' title='bbox 1327 2756 1531 2790; x_wconf 76' lang='lat' dir='ltr'><em>comnenus</em></span> <span class='ocrx_word' id='word_1_427' title='bbox 1554 2758 1598 2789; x_wconf 82' lang='lat' dir='ltr'><em>in</em></span> 
     </span>
     <span class='ocr_line' id='line_1_53' title="bbox 142 2797 1595 2849; baseline 0.003 -19"><span class='ocrx_word' id='word_1_428' title='bbox 142 2798 289 2833; x_wconf 80' lang='lat' dir='ltr'><em>Oriente</em></span> <span class='ocrx_word' id='word_1_429' title='bbox 323 2797 367 2833; x_wconf 87' lang='lat' dir='ltr'><em>de</em></span> <span class='ocrx_word' id='word_1_430' title='bbox 402 2800 557 2845; x_wconf 89' lang='lat' dir='ltr'><em>imperio</em></span> <span class='ocrx_word' id='word_1_431' title='bbox 595 2801 834 2836; x_wconf 87' lang='lat' dir='ltr'><em>contendunt.</em></span> <span class='ocrx_word' id='word_1_432' title='bbox 893 2803 1177 2849; x_wconf 79' lang='lat' dir='ltr'><em>Philippopolim</em></span> <span class='ocrx_word' id='word_1_433' title='bbox 1213 2803 1370 2843; x_wconf 77' lang='lat' dir='ltr'><em>machi,</em></span> <span class='ocrx_word' id='word_1_434' title='bbox 1397 2802 1595 2836; x_wconf 75' lang='lat' dir='ltr'><em>Thraciam</em></span> 
     </span>
     <span class='ocr_line' id='line_1_54' title="bbox 142 2844 1593 2895; baseline 0.002 -15"><span class='ocrx_word' id='word_1_435' title='bbox 142 2844 296 2887; x_wconf 70' lang='lat' dir='ltr'><em>Scythae</em></span> <span class='ocrx_word' id='word_1_436' title='bbox 323 2854 485 2883; x_wconf 79' lang='lat' dir='ltr'><em>vastant.</em></span> <span class='ocrx_word' id='word_1_437' title='bbox 510 2847 640 2882; x_wconf 86' lang='lat' dir='ltr'><em>Latini</em></span> <span class='ocrx_word' id='word_1_438' title='bbox 664 2847 715 2883; x_wconf 86' lang='lat' dir='ltr'><em>ad</em></span> <span class='ocrx_word' id='word_1_439' title='bbox 739 2850 887 2885; x_wconf 85' lang='lat' dir='ltr'><em>Rusium</em></span> <span class='ocrx_word' id='word_1_440' title='bbox 914 2851 1016 2885; x_wconf 81' lang='lat' dir='ltr'><em>caesi</em></span> <span class='ocrx_word' id='word_1_441' title='bbox 1038 2862 1061 2884; x_wconf 86' lang='lat' dir='ltr'><em>a</em></span> <span class='ocrx_word' id='word_1_442' title='bbox 1088 2849 1232 2894; x_wconf 77' lang='lat' dir='ltr'><em>Scythis</em></span> <span class='ocrx_word' id='word_1_443' title='bbox 1256 2848 1343 2895; x_wconf 86' lang='lat'><strong>(13).</strong></span> <span class='ocrx_word' id='word_1_444' title='bbox 1391 2850 1593 2884; x_wconf 82' lang='lat' dir='ltr'><em>Multarum</em></span> 
     </span>
    </p>
   </div>
  </div>
 </body>
</html>
