1878 3230
464 177 689 219 Amans
734 174 1003 218 MANUEms
1039 173 1282 217 cosmum
1324 173 1369 214 F.
1528 153 1631 208 311

199 274 474 333 α’δαημοσύνῃ
507 274 882 327 κατεπεμβαίνουσι
911 274 987 314 τοῦ
1013 273 1145 314 καλοῦ
1154 305 1167 326 ,
1205 274 1279 314 καί
1302 271 1685 328 προσρυομένουςα

198 343 286 398 θεῷ
313 342 358 384 ἐκ
386 343 463 383 τοῦ
488 340 568 382 νεώ
608 337 760 381 τούτου
797 338 990 379 ἀποσπᾶν
1021 338 1242 390 ἐθέλουσι,
1276 335 1417 392 χρεών
1441 335 1499 393 μὴ
1533 334 1644 380 οὕτω

199 408 332 461 δρᾶν,
371 403 435 448 ὅτι
461 421 504 449 τε
545 405 667 447 οὐδὲν
709 403 843 459 α’χαρί
881 406 1120 457 ἑπεγκαλεῖν
1147 401 1250 457 ἡμῖν
1275 401 1448 457 ἔχουσι,
1476 405 1549 445 καί
1580 398 1645 443 ὅτι

198 474 272 526 τῆς
300 468 479 526 ἐσχάτης
505 469 615 513 ἐστίν
640 470 840 518 ἀπονοίας
873 468 1069 520 ἐπιτιμᾶν
1098 463 1206 516 ὅλως
1229 465 1259 523 ἢ
1285 468 1344 518 οὖς
1374 465 1491 510 δεινὰ
1535 469 1646 524 δρῶ-

161 542 264 582 5σιν
301 537 577 592 α’ρειμανιόυς
614 537 729 591 σφᾶς
768 535 929 576 ἐπιέναι
973 539 1060 582 τοῖς
1091 535 1154 581 εἷς
1183 532 1286 574 θεὸν
1331 532 1646 589 καταφεύγουσι

194 601 268 644 καὶ
290 603 462 656 μεσίτην
489 603 635 643 τοῦτον
662 600 1014 654 προβαλλομένοις
1041 600 1112 640 καί
1130 599 1287 653 λυτῆρα
1303 601 1386 641 τῶν
1416 600 1643 649 διενέξεων.

194 662 294 709 οὔτε
321 662 396 709 οὖν
422 665 673 723 ὑφορᾶσθαι
702 665 796 706 δέον
825 663 883 713 ὥς
911 661 1081 706 α’νόσιον
1099 662 1146 705 τὸ
1177 660 1284 718 ὅπερ
1309 664 1531 718 μάχεσθαι’
1551 680 1645 708 τινα

191 731 347 775 ἑαυτοῦ
377 730 452 774 καὶ
472 728 669 774 σπεύδειν
695 728 802 772 κατοὶ
831 731 906 772 τοῦ
946 727 1194 783 πλήττοντος
1222 728 1352 772 αὐτὸν
1378 731 1645 786 ἐπιστρέφειν

191 798 266 841 τὸν
290 799 450 840 ἐκεῖθεν
481 797 733 851 ἐπαγόμενον
758 796 959 848 θάνατον,
989 791 1083 837 οὔτε
1101 795 1174 838 τὸν
1197 793 1302 849 μετὰ
1324 798 1472 852 ξίφους
1502 795 1642 838 ἐπιόν-

133 880 179 907 ιο
191 879 244 906 τα
271 861 346 906 καί
370 860 625 918 ἀναιροῦντα
669 860 847 916 ὁμογενῆ
873 861 1040 916 α’πλῆγα
1072 861 1143 902 δεῖ
1161 863 1381 915 παριέναι,
1409 861 1501 903 ἀλλ’
1528 857 1642 911 ἅπας

188 931 326 979 κακῶς
365 927 569 979 διατιθεὶς
614 929 821 983 κρινέσθω
849 928 1044 980 πολέμιος
1068 928 1140 968 καί
1169 926 1193 968 o‘
1223 923 1462 983 ἀναιρήσων
1494 929 1640 970 πιπτέ-

187 1011 257 1038 τω.
327 992 428 1050 ἡμῖν
459 995 507 1037 δὲ
548 993 622 1036 καί
646 991 693 1036 τὸ
732 996 848 1035 θεῖον
890 991 1051 1034 εἴσεται
1094 992 1310 1048 δήπουθεν
1344 990 1497 1048 χάριν,
1528 993 1567 1035 εἰ
1593 995 1639 1034 ἐκ

185 1060 264 1102 τοῦ
307 1059 424 1116 ἱεροῦ
461 1060 583 1102 τοῦδε
622 1056 721 1109 τούς
755 1055 1008 1114 μιαιφόνους
1054 1055 1399 1114 α’ποσοβήσομεν,
1443 1056 1526 1100 εἴτε
1552 1057 1682 1113 μὴνο

186 1124 431 1181 κεχηνόσιν,
461 1122 519 1175 ὥς
549 1124 701 1180 ὅρᾶτε,
729 1122 835 1166 κατὰ
868 1125 953 1166 τῶν
981 1122 1113 1178 ἁγιῖιον
1141 1125 1216 1166 καί
1242 1121 1477 1179 διαρπάσαι
1502 1126 1637 1165 ταῦτα

127 1195 172 1234 ι5
186 1192 550 1248 προθυμουμένοις
578 1191 863 1244 α’ντιβαιήμεν.
935 1190 976 1232 εἰ
999 1187 1060 1244 μὴ
1088 1189 1170 1245 γὰρ
1196 1191 1305 1232 τοῦτ’
1333 1185 1386 1245 ἦν
1413 1188 1520 1231 ἀλλὰ
1551 1191 1637 1231 διέ-

182 1260 351 1300 στελλον
379 1254 460 1298 α’νά
490 1257 620 1310 μέσον
646 1256 829 1311 βεβήλου
858 1254 931 1297 καί
954 1254 1095 1311 ἱεροῦ,
1123 1253 1257 1297 πάλαι
1285 1251 1339 1298 ἂν
1366 1254 1443 1311 τήν
1474 1256 1635 1298 ἐνδοτέ-

182 1339 245 1376 ρω
267 1325 349 1365 τῶν
367 1319 561 1378 προνάων
584 1324 776 1376 παρῆκαν
792 1323 1017 1375 λίχνευσιν,
1045 1318 1102 1371 ὥς
1127 1316 1209 1377 ἤδη
1236 1319 1284 1364 τὸ
1313 1322 1432 1364 νικᾶν
1457 1318 1637 1375 ἔχοντες.

180 1386 220 1430 οἱ
241 1389 288 1430 δὲ
313 1384 421 1429 οὕτω
445 1389 515 1430 τοί
538 1387 644 1429 εἶσιν
660 1387 951 1430 ἄναιδέστατοι
974 1386 1031 1437 ὥς
1051 1386 1103 1428 ov’
1119 1387 1250 1439 μόνον
1270 1388 1495 1429 σκυλεῦσαι
1527 1402 1637 1442 φαν-

177 1451 382 1505 τιέζεσθαι
405 1451 459 1496 τὰ
482 1450 677 1509 ἡμέτερα,
705 1451 811 1495 ἄλλα
834 1454 907 1496 καί
926 1452 980 1495 τὰ
997 1455 1072 1496 τοῦ
1097 1455 1202 1495 θεοῦ
1231 1454 1489 1496 ἰδιώσασθαι
1517 1451 1555 1494 οἱ
1582 1453 1632 1493 α’-

114 1521 378 1575 αοβέλτεροι.
397 1519 490 1562 ἀλλ’
509 1519 562 1561 ου’
576 1517 638 1572 μοὶ
660 1518 729 1562 τὸν
755 1521 939 1574 παγέντα
958 1521 1128 1577 σταυρῷ
1152 1520 1227 1562 καί
1246 1519 1325 1575 τήν
1352 1517 1504 1574 λόγχην
1532 1517 1632 1561 ταῦ-

176 1590 266 1640 την,
295 1580 447 1627 οὔκουν
469 1581 610 1634 αὕτοῖς
637 1587 794 1627 ἐσεῖται
821 1587 951 1639 πέρας
975 1587 1186 1627 ἐπιθεῖναι
1202 1590 1291 1634 τοῖς
1317 1586 1631 1640 ἐγχειρήμασιν,

176 1649 269 1692 ἐπεὶ
293 1651 368 1692 καί
394 1651 482 1707 θεῷ
516 1649 570 1691 τά
601 1651 733 1691 οἰκεῖα
760 1652 890 1705 χερσί
912 1652 1224 1705 κεχραμμέναις
1239 1646 1442 1703 ἄψαυστα
1472 1651 1630 1705 διαφυ-

175 1715 459 1772 λαχθήσονται
477 1715 551 1758 καί
568 1714 686 1771 ἡμεῖς
705 1715 908 1768 ἑσοᾴιεθα
929 1713 982 1757 ἄν
1009 1716 1348 1771 ἄπρονόμευτοι.”
1378 1714 1543 1764 τούτοις
1557 1717 1630 1758 καὶ

269 1815 302 1850 3.
331 1814 444 1863 δρᾶν]
472 1821 603 1850 ποιεῖν
620 1817 662 1852 Α.
726 1855 736 1870 ἱ
757 1816 788 1860 4.
813 1814 870 1859 δρ.
894 1814 964 1850 οὐκ
989 1814 1183 1851 ἐνδιδόναι
1207 1820 1288 1853 τοῖς
1315 1817 1355 1849 Α.
1480 1817 1529 1850 16.
1556 1814 1625 1858 τὴν

267 1862 466 1910 ἐνδοτέρω]
505 1866 678 1909 παρῆκαν
698 1874 767 1904 ην
785 1862 857 1896 sud.
894 1866 971 1896 τῶν
993 1862 1175 1906 προνάιον
1210 1861 1469 1907 εἰσβιάζεσθαι
1500 1859 1622 1908 πείρο-

266 1907 336 1945 dor
367 1909 419 1948 αἷς
455 1910 495 1943 Α.
637 1909 692 1942 23.
719 1908 1028 1957 α’προνόμευτοι]
1056 1908 1347 1962 (ἐπρομήθευτοι
1369 1911 1410 1943 Α.

174 2011 271 2034 arma
301 2010 377 2033 non
414 1999 598 2045 cepimus,
636 2005 760 2033 contra
785 2011 850 2034 nos
875 2000 988 2034 veluti
1025 2000 1153 2046 capitis
1179 1999 1367 2034 damnatos
1391 2000 1621 2046 impudenter

172 2051 384 2087 accurrunt,
410 2047 513 2079 nullo
540 2052 704 2091 respectu
731 2046 956 2089 honestatis;
980 2058 1121 2092 nosque
1156 2047 1224 2080 deo
1261 2047 1443 2092 supplices
1461 2073 1470 2087 ‚
1496 2053 1621 2081 contra

174 2105 317 2127 omnem
341 2094 564 2138 aequitatem
589 2105 632 2126 ex
655 2093 746 2126 aede
771 2094 926 2127 avellere
951 2094 1188 2135 contendunt,
1218 2094 1320 2127 nulla
1345 2106 1364 2126 a
1390 2094 1497 2127 nobis
1522 2095 1621 2127 iniu-

172 2141 225 2173 τίει
253 2140 424 2174 lacessiti.
449 2146 505 2174 est
526 2141 622 2173 enim
641 2146 822 2174 extremae
848 2142 1012 2174 insaniae
1035 2152 1096 2174 eos
1119 2141 1178 2175 vel
1202 2141 1393 2185 obiurgare
1416 2141 1474 2174 vel
1498 2147 1539 2174 nt
1563 2141 1621 2174 in-

170 2187 284 2221 iun-ios
307 2187 482 2220 lacessere
499 2212 508 2228 ‚
536 2187 599 2232 qui
626 2186 673 2220 ad
701 2187 809 2220 deum
825 2187 1057 2232 confugiunt,
1082 2199 1200 2233 eoque
1226 2188 1464 2220 intercessore
1494 2193 1531 2221 et
1555 2187 1621 2221 de-

170 2234 313 2267 sensore
337 2234 630 2279 persecutionum
658 2234 856 2267 remedium
871 2240 1061 2279 quaerunt.
1087 2245 1201 2279 quare
1228 2245 1335 2268 nemo
1360 2235 1462 2267 nefas
1490 2240 1620 2279 putare

171 2279 283 2314 debet
319 2291 419 2314 suam
454 2281 607 2314 salutem
632 2292 858 2325 propugnare
892 2287 928 2315 et
954 2283 1064 2314 ictum
1092 2281 1264 2314 hostilem
1291 2286 1529 2315 antevertere.
1552 2293 1618 2315 ne-

169 2337 243 2372 que
277 2327 445 2372 populari
477 2339 565 2368 suo,
601 2328 724 2360 stricto
766 2338 851 2361 ense
874 2334 1025 2362 mortem
1056 2329 1262 2369 minitanti,
1301 2327 1522 2372 parcendum
1551 2333 1616 2361 est.

170 2373 336 2419 quisquis
361 2379 490 2415 nocet,
514 2373 628 2407 hostis
652 2373 839 2408 habeatur.
863 2375 927 2420 qui
955 2375 1112 2408 occisum
1133 2376 1173 2416 it,
1202 2374 1399 2409 occidatur,
1426 2376 1498 2408 imo
1525 2375 1617 2408 deus

168 2419 248 2464 ipse
271 2421 419 2465 gratiam
443 2421 550 2454 nobis
577 2420 753 2462 habebit,
778 2422 809 2455 si
833 2421 1009 2466 templum
1034 2434 1139 2455 suum
1164 2427 1288 2455 contra
1313 2423 1402 2455 istos
1427 2422 1616 2455 carnifices

170 2465 456 2508 defenderimus,
481 2469 545 2512 qui
569 2466 686 2501 hianti
713 2479 775 2500 ore
790 2493 800 2509 ‚
838 2474 880 2502 ut
901 2468 1054 2510 videtis,
1080 2469 1127 2502 ad
1152 2480 1252 2501 sacra
1280 2468 1487 2514 diripienda
1510 2468 1614 2502 veni-

169 2517 247 2545 unt.
271 2513 370 2559 quod
390 2514 462 2547 nisi
486 2515 678 2548 insanimis
702 2514 903 2555 haberent,
931 2521 968 2549 et
1001 2527 1101 2549 sacra
1126 2515 1351 2560 profanaque
1375 2515 1477 2548 iuxta
1503 2515 1613 2547 aesti-

167 2565 332 2600 marent,
369 2560 580 2605 iampridem
604 2562 741 2606 quippe
772 2562 947 2603 victores,
972 2563 1069 2595 ultra
1091 2562 1220 2607 templi
1237 2561 1458 2596 vestibulum
1485 2562 1520 2594 vi
1546 2571 1612 2605 pe-

169 2610 312 2638 netrare
330 2605 564 2640 destitissent.
588 2619 711 2641 verum
734 2613 836 2641 tanta
861 2614 916 2642 est
939 2620 1063 2642 eorum
1100 2608 1349 2653 impudentia,
1374 2614 1415 2641 ut
1437 2619 1511 2640 non
1533 2617 1611 2639 mo-

169 2650 217 2684 do
246 2663 313 2685 nos
350 2652 419 2685 sed·
446 2653 562 2698 ipsum
605 2655 713 2688 etiam
739 2655 846 2688 deum
871 2657 1067 2701 spoliatum
1101 2657 1228 2689 velint.
1259 2655 1324 2688 sed
1348 2655 1444 2688 cruci
1468 2653 1610 2686 affixum

169 2703 208 2731 et
230 2698 325 2732 hanc
347 2698 487 2732 hastam
514 2705 651 2741 testor,
675 2701 772 2734 haud
797 2713 979 2747 (piaquam
1004 2702 1050 2736 ad
1084 2703 1219 2736 exitum
1246 2706 1373 2746 coepta
1399 2700 1607 2744 perducent.

169 2755 251 2780 nam
275 2750 313 2780 et
334 2744 403 2779 deo
431 2744 581 2781 donaria
604 2746 692 2780 haec
717 2759 737 2780 a
761 2749 911 2791 pollutis
937 2749 1101 2784 manibus
1139 2750 1274 2784 intacta
1295 2745 1604 2785 conservabimus,
