1878 3230
305 193 418 262 436
717 204 942 249 meam:
978 201 1286 245 cnomAm:

299 312 565 365 α’ντίφρονες,
594 303 739 345 ὀπόσοι
766 317 810 343 τε
838 301 996 350 τούτοις
1023 300 1116 341 καθ’
1139 294 1244 350 αἷμα
1271 297 1344 337 καί
1369 293 1534 338 εὔνοιαν
1551 308 1711 352 προσῳ-

301 378 480 418 κείωντο.
534 367 704 416 τούτους
729 367 809 421 γὰρ
836 364 909 421 τήν
935 366 1198 419 Ἀνδρονίκου
1231 361 1362 414 διψᾶν
1393 357 1613 413 ἀπώλειαν,
1641 361 1714 402 καί

300 439 435 481 πάντα
465 436 600 477 κάλων
641 437 790 481 κινεῖν,
838 429 962 479 εἴπως
999 432 1074 483 τῆς
1102 424 1235 482 ἀρχῆς
1274 422 1597 481 ἑκσφαιρισθεὺ]
1617 424 1712 466 Ἀν-

300 503 485 558 δρόνικος
514 501 585 541 καί
624 502 811 540 πεσεῖται
837 497 982 546 πτῶμα
1027 492 1302 546 παγχάλεπον.
1359 487 1419 544 μή
1464 487 1634 542 ἔχοντας
1675 489 1713 530 δ’

298 563 372 609 οὖν
401 564 513 619 ὅμως
549 563 620 605 διὰ
647 561 881 614 συνάρσεως
913 557 1115 613 ὁμογενῶν
1145 559 1266 612 σφίσι
1297 557 1444 597 δοῦναι
1471 551 1546 609 τήν
1574 551 1751 608 ἔφεσινὸ

298 634 468 685 πέρατι,
503 625 722 682 ἀλλοτρίαν
746 627 817 667 καί
852 624 1074 679 ὑπερόριον
1113 619 1351 674 εἰσενεγκεῖν
1387 616 1608 673 στρατιάν,
1645 617 1718 659 καί

261 695 449 738 Οταῦτόν
479 691 669 748 ἄντικρυς
700 692 804 745 δρᾶν
830 692 885 747 τῷ
908 691 990 730 τῶν
1017 688 1197 741 ἀκρίδων
1225 684 1356 738 ἔθνει,
1385 684 1433 726 αἲ
1457 682 1502 726 τὸ
1533 685 1617 738 πῦρ
1649 683 1711 724 ἐκ·

298 759 594 815 διδροῖσκουσαι
620 763 704 806 τοῖς
731 753 880 797 ὕδασιν
905 754 1211 806 ἀποπνίγονται,
1269 751 1389 805 ,,α’λλ’
1416 748 1466 790 οὗ
1492 746 1554 802 μοὶ
1578 746 1624 790 τό
1643 748 1718 802 γῆ-

296 841 375 881 ρας
403 823 553 866 rufin?
584 839 689 878 φησι
721 817 1026 874 ,,χαιρη’σουσιν
1053 815 1091 858 οἱ
1120 818 1344 872 φίλεχθροι
1380 813 1453 856 καί
1487 817 1716 866 πολεμοχα·

297 896 383 946 ρεῖς
394 889 516 942 Ἀνδρ
523 887 652 943 ονίκῳ,
664 883 751 928 ἄλλ’
765 883 789 926 ὃ
804 887 955 926 παθεῖν
963 881 1233 935 Ἀνδρόνικον
1245 881 1468 935 γλίχονται,
1479 880 1587 921 τοῦτ’
1599 878 1721 920 αὕτοί
1735 893 1782 921 ιο

297 955 403 1011 πρὸς
429 954 692 1007 Ἀνδρονίκου
721 943 946 992 πεύσονται.
1001 948 1098 990 εἰδὲ
1125 945 1170 989 τό
1198 946 1399 1001 μόρσιμον
1425 946 1485 994 εἷς
1505 942 1611 1001 ᾅδου
1636 943 1720 985 δαῖ-

296 1036 412 1073 ματα
452 1020 667 1074 ἐφέλκεται
708 1014 781 1057 καί
813 1014 1105 1068 Ἀνδρόνικον,
1153 1011 1278 1052 αὖτοί
1313 1010 1620 1064 καθηγήσονται
1650 1009 1724 1051 καί

300 1082 573 1134 ὑπανοίξουσι
599 1079 799 1137 πρότερον
823 1077 897 1132 τήν
935 1074 1053 1118 ὁδόν·
1109 1072 1189 1117 εἷθ’
1219 1072 1353 1124 οὕτως
1393 1076 1723 1128 ἑπιπορευσεῖται

296 1146 599 1202 Ἀνδρόνικος.”
653 1146 772 1187 ταῦτ’
800 1140 945 1194 εἰπών,
974 1142 1046 1183 καί
1077 1139 1121 1182 τὸ
1160 1141 1235 1182 τοῦ
1262 1139 1444 1182 Παύλου
1472 1137 1723 1193 παραφοὶμε-

298 1227 368 1261 νος
396 1207 531 1264 ,,ὧ’στε
561 1205 639 1263 οὗχ
663 1208 687 1250 ὃ
712 1211 822 1250 θέλω
850 1210 971 1250 τοῦτο
998 1205 1202 1260 δράσαιμι
1229 1201 1399 1259 ἀγαθόν,
1427 1203 1516 1246 ἀλλ’
1534 1202 1559 1244 ὃ
1575 1198 1625 1244 οὗ
1648 1206 1719 1245 3⁸¹-
1738 1207 1785 1248 15

298 1281 359 1318 λω
389 1274 512 1317 κακὸν
543 1276 664 1316 τοῦτο
691 1274 1024 1327 διαπραξαίμην,
1061 1270 1489 1324 ἄντιστρατευομένων
1526 1283 1598 1321 μοι
1638 1270 1723 1310 τῶν

299 1341 493 1383 ἐναντίων
521 1338 593 1381 καί
618 1335 1003 1392 αἶχμαλωτιζόντων
1030 1336 1089 1385 εἷς
1115 1333 1167 1376 τοὶ
1196 1332 1310 1389 παρὰ
1338 1335 1578 1390 προαίρεσιν
1589 1334 1625 1386 ,”
1648 1336 1722 1374 θε-

256 1405 478 1460 Βραπείαν
504 1403 676 1457 ἐζήτησε
704 1404 779 1443 τοῦ
802 1402 943 1446 κακοῦ.
997 1397 1190 1455 α’ράντων
1220 1400 1267 1441 δὲ
1292 1397 1364 1453 τὴν
1391 1396 1536 1454 φωνήν
1563 1399 1646 1440 τῶν
1675 1399 1721 1439 ἐκ

299 1471 374 1524 τῆς
400 1469 558 1509 ἐκείνου
585 1468 768 1522 φατρίας
798 1464 972 1518 πάντων,
1001 1466 1074 1506 καί
1099 1467 1204 1518 μέγα
1229 1462 1464 1517 κραξάντων
1491 1462 1626 1518 αἴρειν
1643 1462 1723 1505 αὖ·

299 1531 398 1581 τούς
424 1533 480 1574 s‘x*
507 1533 580 1586 τῆς
618 1533 691 1585 γῆς
733 1530 805 1572 καὶ
837 1532 1069 1585 φείσασθαι
1108 1526 1304 1583 μηδενός,
1343 1530 1546 1583 κυροῦται
1580 1528 1607 1583 ἧ
1643 1530 1788 1571 nimo

300 1594 409 1639 ὅλων
436 1595 698 1652 α’φάντωσις,
728 1591 850 1644 ὅσους
873 1610 916 1636 τε
944 1590 1031 1647 εἶχε
1059 1593 1318 1649 συνειληφώς
1345 1595 1389 1635 ἐν
1420 1599 1624 1648 φρουραῖς
1654 1592 1727 1635 καὶ

302 1659 393 1703 ὅσοι
419 1659 493 1716 τὴν
519 1660 744 1715 ὑπερορίαν
771 1659 1099 1713 κατεκρίθησαν,
1129 1656 1202 1700 καί
1226 1657 1272 1699 τὸ
1303 1657 1602 1712 θεραπευτικὸν
1626 1655 1724 1700 wv'-

302 1742 385 1768 των
410 1725 481 1767 καί
503 1726 706 1779 συγγενές.
758 1722 831 1766 καί
857 1723 907 1779 δή
934 1722 1058 1776 τόμος
1084 1722 1214 1772 εὐθὺς
1231 1723 1394 1776 ἐδέχετο
1417 1721 1470 1764 τά
1490 1720 1725 1764 {mmmm}-

400 1835 428 1857 1.
460 1824 768 1869 προσωκείωνται
791 1824 831 1856 Α.
971 1833 1003 1856 2.
1025 1820 1114 1869 γάρ]
1140 1821 1216 1868 γάρ
1244 1830 1343 1869 φησι
1363 1823 1403 1856 A.
1539 1822 1571 1856 3.
1595 1820 1724 1869 εἴπως’]

395 1869 499 1907 ὅπως
521 1871 561 1903 Α.
706 1882 756 1904 ιι.
779 1867 875 1914 πρὸς
894 1868 1030 1917 {Arda}
1058 1871 1147 1913 παρ’
1171 1870 1210 1902 Α.
1361 1867 1571 1915 πείσονται]
1601 1869 1726 1910 παθη·-

397 1926 530 1950 σονῐαι
556 1916 593 1948 Β.
716 1927 766 1948 12.
789 1915 998 1962 ἐφέλκεται]
1026 1918 1197 1959 κατασπᾷ
1218 1914 1258 1947 Α.
1394 1917 1442 1949 15.
1467 1915 1578 1949 τοῦτο
1605 1925 1662 1946 om
1685 1915 1727 1948 A.

395 1960 731 2042 εξῗίέἰθήἲιαπρᾸιὶξομαι
753 1963 792 1996 A.
843 1973 894 2008 ¹7·
918 1961 1272 2008 αἰχμαλωτιζόντων]
1295 1961 1583 2008 μεταφερόντων
1605 1961 1657 1998 εἰς
1681 1959 1728 1996 τὰ

494 2019 558 2049 ητα
612 2031 620 2040 .

310 2097 383 2130 cias
407 2096 581 2138 afficiant,
605 2101 695 2141 quot
717 2097 822 2130 urbes
848 2098 883 2130 vi
907 2097 1151 2142 expugnarint.
1180 2108 1321 2130 causam
1346 2107 1465 2130 earum
1490 2106 1606 2130 rerum
1635 2107 1727 2130 non-

309 2143 381 2176 nisi
414 2143 602 2183 Romanis,
639 2143 701 2187 qui
741 2144 811 2176 sibi
849 2144 1097 2185 adversentur,
1135 2154 1328 2188 eorumque
1361 2143 1518 2188 cognatis
1543 2149 1580 2177 et
1605 2144 1727 2176 amicis

311 2188 556 2222 ascribendam
581 2199 668 2221 esse.
692 2199 751 2222 eos
776 2190 876 2223 sitire
902 2189 1096 2223 Andronici
1127 2190 1333 2230 interitum,
1359 2194 1396 2222 et
1420 2199 1558 2222 omnem
1586 2200 1728 2222 movere

310 2235 479 2279 lapidem,
496 2239 537 2267 ut
559 2234 709 2278 imperio
725 2234 933 2269 deturbatus
947 2236 1142 2269 miserrime
1165 2235 1338 2268 concidat.
1366 2246 1471 2280 quam
1495 2235 1728 2279 cupiditatem

311 2292 390 2314 cum
413 2291 477 2324 per
499 2280 689 2324 populares
715 2281 761 2313 ad
785 2282 918 2315 exitum
944 2282 1137 2326 perducere
1161 2287 1363 2325 nequeant,
1399 2281 1554 2314 alienum
1581 2293 1624 2314 ex
1648 2282 1729 2315 lon-

311 2327 444 2371 ginquo
472 2326 667 2358 exercitum
691 2337 890 2368 accersere,
915 2339 956 2360 ac
978 2328 1132 2360 locustas
1147 2327 1298 2368 imitari,
1323 2338 1416 2372 quae
1444 2327 1592 2361 flammis
1616 2328 1729 2361 evita-

312 2373 359 2406 tis
387 2382 480 2416 aqua
519 2373 744 2405 suffocentur.
778 2384 921 2413 „verum
944 2379 1162 2406 senectutem
1198 2372 1310 2406 hanc’'
1333 2373 1452 2418 inquit
1477 2379 1630 2415 „testor‚
1654 2384 1730 2407 non

313 2417 521 2462 gaudebunt
558 2417 695 2450 inimici
735 2423 770 2451 et
792 2419 912 2451 hostes
945 2419 1157 2459 Andronici,
1196 2419 1259 2452 sed
1298 2429 1389 2463 quae
1424 2420 1462 2452 in
1487 2419 1730 2453 Andronicum

314 2464 529 2503 moliuntur,
563 2473 604 2495 ea
646 2463 690 2495 ab
716 2464 918 2497 Andronico
954 2465 1210 2508 perpetientur.
1247 2465 1302 2498 sin
1329 2465 1400 2498 fata
1425 2465 1471 2498 ad
1495 2467 1628 2500 inferos
1651 2466 1731 2499 adi-

316 2515 405 2555 gunt
430 2509 536 2542 etiam
561 2509 824 2550 Andronicum,
858 2510 925 2554 ipsi
954 2510 1166 2543 antecedent
1189 2516 1226 2543 et
1249 2511 1341 2544 viam
1366 2512 1648 2557 praeparabunt:
1673 2522 1731 2545 se·-

317 2561 447 2602 quetur
471 2554 726 2588 Andronicus.”
749 2554 837 2588 haec
873 2556 1011 2588 locutus
1026 2581 1035 2596 ,
1061 2556 1272 2601 adiectaque
1296 2558 1441 2591 Paulina
1464 2558 1528 2591 illa
1551 2558 1730 2592 sententia

318 2613 416 2644 „non
442 2601 566 2634 faciam
594 2600 691 2645 quod
713 2601 794 2633 volo
821 2601 964 2642 bonum,
991 2601 1053 2634 sed
1070 2603 1200 2635 malum
1226 2603 1323 2647 quod
1345 2605 1429 2636 nolo
1457 2615 1639 2648 peragam,
1665 2604 1731 2638 ad·

316 2647 480 2681 versariis
496 2651 616 2680 contra
631 2647 948 2692 rue-militantibus,
975 2653 1010 2680 et
1037 2648 1081 2681 ad
1106 2659 1146 2680 ea
1170 2659 1225 2681 me
1248 2650 1544 2694 compellentibus
1562 2662 1581 2683 a
1598 2650 1729 2696 quibus

319 2693 527 2734 abhoc-reo,''
552 2693 723 2726 malorum
749 2693 941 2726 remedium
978 2695 1182 2737 quaerebat.
1206 2706 1284 2728 cnm
1312 2702 1429 2730 autem
1453 2697 1627 2730 coniurati
1652 2697 1729 2730 eius

320 2740 454 2785 maguis
497 2738 641 2775 vocibus
679 2739 932 2773 exclamassent
955 2740 1132 2775 tollendos
1161 2752 1220 2776 eos
1249 2753 1268 2776 e
1304 2747 1396 2776 terra
1425 2755 1465 2776 ac
1488 2743 1621 2777 nemini
1646 2753 1731 2790 par-
