1838 3210
264 178 370 244 242
685 189 913 231 NICETAE
953 186 1265 228 cnomA’rAss

258 293 488 348 λαμωμὲνῳ
527 305 568 332 τε
600 290 672 329 καί
700 287 1010 342 ἐπιφυλλίζοντι
1051 283 1097 327 τό
1129 283 1347 341 timinam?
1404 283 1510 329 οὕτω
1539 289 1578 330 δ’
1606 286 1697 330 ἱλα-

259 361 344 413 ρῶς
372 355 443 398 τὸν
472 352 698 408 κατήγορον
722 346 977 394 ἐκεῖνον’καί
1004 353 1195 406 λοίδορον
1222 348 1448 406 ὑπήνεγκεν
1464 347 1698 408 ἄνθρωπον,

258 423 315 471 ὥς
346 423 386 463 εἰ
414 418 471 474 μὴ
511 415 562 474 ἦν
605 416 767 459 α’κούων
802 418 900 471 μηδ’
941 414 1052 470 ἔχων
1097 414 1297 470 ἐλεγμούς
1332 418 1378 459 ἐν
1418 417 1474 473 τῷ
1511 417 1700 470 στόματι.

258 487 368 540 ὁρῶν
393 486 439 526 δὲ
481 485 554 526 καί
591 482 690 532 τούς
715 482 1100 538 θησαυροφύλακας
1142 481 1358 530 θυλάκους
1387 482 1701 535 διασπωμένους

256 549 338 593 ὑπὸ
359 552 544 605 Περσῶν
571 548 644 590 καί
660 547 764 589 κατὰ
796 550 870 602 γῆς
897 546 1094 601 χεόμενον
1120 549 1193 589 καί
1227 546 1517 601 ἁρπαζόμενον
1541 546 1613 589 τὸν
1641 549 1737 597 εἰς5

256 616 444 669 νόμισμα
468 616 719 667 κεκομμένον
746 612 907 667 χρυσόν
939 628 984 654 τε
1013 611 1083 654 καὶ
1111 606 1308 667 ἄργυρον,
1339 613 1457 667 ἐνῆγε
1482 610 1580 661 τούς
1605 628 1703 655 συν-

257 679 378 729 όντας
412 680 658 732 “Ρω,ιιαίους
700 681 958 721 ἑπεισπεσεῖν
987 683 1074 727 τοῖς
1101 677 1335 733 βαρβάροις
1362 679 1434 719 καί
1460 675 1702 732 κτήσασθαι

255 744 306 787 τοὶ
336 742 535 801 χρήματα
563 747 746 800 Περσῶν
775 743 1044 799 δικαιότερον.
1110 743 1267 792 συστὰς
1297 744 1342 784 δὲ
1372 738 1501 791 αὖθις
1528 742 1558 783 ὅ·
1579 744 1703 798 λῆρος

256 809 407 860 ἐκεῖνος
438 809 543 865 οἷνὴρ
573 811 869 864 διελοιδορεῖτο
899 809 1082 857 οἷναιδαῖς
1117 812 1287 861 βασιλεῖ’
1310 809 1485 850 τοιαῦτα
1511 806 1703 849 κελεύον-

217 884 242 916 Β
259 892 299 918 τι
318 909 330 930 ,
360 877 540 930 ,,ὲχρῆν”
569 876 699 930 λέγων
733 873 958 927 »ἑκουσίως
1003 876 1076 915 καί
1102 871 1301 928 πρότερον
1329 874 1488 915 διδόναι
1512 873 1702 925 “Ρωμαί-
1721 888 1767 915 ιο

255 957 318 991 οις
344 939 486 994 ταυτί,
532 939 631 994 ου’χί
669 941 714 982 δὲ
753 936 919 988 πάντως
947 939 1070 991 νυνί,
1105 937 1278 993 ὃπότεῆ
1321 939 1460 992 κτῆσις
1497 936 1703 992 δυσχερής

256 1006 327 1049 καὶ
354 1007 451 1059 μεθ’
496 1004 684 1059 αἵματος.
754 1004 793 1045 εἰ
837 1005 878 1044 δ’
918 1002 1049 1052 αι’-’τὸς
1079 1002 1180 1057 α’νήρ
1228 1005 1340 1045 ἐστιν
1368 1005 1536 1056 ἰσχύος,
1566 1002 1705 1051 ὁποῖος

256 1067 423 1125 εὔχεται
451 1067 582 1123 εἶναι,
621 1065 649 1124 ἢ
681 1070 782 1124 γοῦν
823 1069 1056 1123 ἄναξυρίδα
1100 1067 1352 1125 περίκειται,
1381 1074 1468 1117 τοῖς
1490 1065 1704 1122 χρυσοσύ-

255 1141 348 1185 λαις
377 1137 601 1191 συρραγείς
630 1137 830 1190 Πέρσαις
862 1136 934 1176 καί
963 1131 1182 1188 συγκόψας
1212 1134 1382 1182 τούτους
1413 1131 1706 1188 θαρραλεώτε-

255 1218 328 1257 ρον
366 1197 680 1244 ἐπανασωσάτω
718 1201 954 1252 ζΡωμαίοις
989 1197 1039 1241 τοὶ
1082 1198 1386 1252 ἁρπαζόμενα.”
1451 1198 1611 1241 ἐσιώπα
1659 1199 1770 1245 δὲιὸ

255 1267 360 1309 minc*
383 1265 547 1315 τούτοις
576 1270 663 1313 τοῖς
688 1263 868 1320 ῥήμασι,
903 1263 961 1319 μή
994 1265 1067 1304 ὑπ’
1107 1262 1259 1305 ὀδόντα
1287 1263 1450 1320 γρύζων
1477 1266 1584 1319 μηδὲ
1611 1278 1705 1305 τον..

255 1332 474 1385 θορύζων,
505 1329 611 1372 ἀλλὰ
647 1333 788 1386 φέρων
818 1327 892 1383 τὴν
919 1330 995 1370 τοῦ
1028 1327 1228 1383 κερτόμου
1259 1330 1508 1385 προπέτειαν
1535 1327 1591 1378 ὥς
1620 1332 1707 1372 Δα-

256 1399 331 1450 βίδ
356 1396 486 1438 πάλαι
512 1396 662 1448 Σεμεεί
704 1393 779 1449 τὴν
825 1391 1073 1436 αὐθάδειαν.
1128 1394 1212 1447 ὀψὲ
1243 1396 1288 1435 δὲ
1317 1396 1390 1436 καί
1420 1392 1442 1435 ὃ
1472 1396 1709 1436 Κοντοστέ-

259 1477 389 1518 φανος
414 1458 670 1516 Ἀνδρόνικος
702 1458 892 1513 α’βλαβὴς
923 1461 1074 1513 παρῆν,
1106 1457 1152 1507 ὃς
1183 1460 1319 1514 ἡγεῖτο
1348 1461 1429 1501 τῶν
1457 1462 1708 1502 τελευταίων

258 1527 438 1580 τάξεων,
471 1527 543 1567 καί
585 1527 718 1581 ἕτεροι
747 1527 828 1566 τῶν
859 1526 1104 1577 δυναμένων
1131 1526 1239 1578 μέγα
1267 1523 1382 1579 παρὰ
1412 1525 1467 1581 τῷ
1494 1523 1705 1581 Μανουὴλ
1721 1544 1773 1572 20

260 1594 443 1646 οἷπλῆγες
472 1590 882 1645 συνδεδραμήκασιν.

223 1664 250 1697 C
369 1657 480 1698 Ἐπεὶ
506 1657 552 1697 δὲ
581 1653 658 1706 νὺξ
683 1657 840 1709 ἐπῆλθε
859 1657 932 1696 καί
952 1655 1096 1704 σκότος
1125 1653 1284 1709 ἡμέρας
1313 1652 1511 1710 διάδοχον
1537 1655 1608 1699 τὸν
1633 1655 1708 1699 ’πό-
1755 1699 1759 1708 ,

262 1727 387 1775 λεμον
415 1721 618 1774 ἔπαυσεν,
648 1720 867 1775 ἀδημονῶν
911 1717 1022 1769 ἅπας
1054 1723 1238 1775 καθῆστο
1274 1720 1406 1778 ὑπτίῳ
1433 1723 1491 1779 τῷ
1519 1725 1593 1777 τῆς
1620 1739 1710 1777 χει-

263 1786 337 1844 ρὸς
374 1786 498 1844 κοίλῳ
539 1784 671 1842 ῥίψας
709 1784 781 1840 τὴν
818 1784 1026 1841 κεφαλήν,
1068 1784 1141 1827 καί
1177 1785 1253 1828 τόν
1291 1789 1496 1829 ἐνεστῶτα
1523 1790 1710 1831 κίνδυνον

356 1902 388 1945 4.
409 1898 615 1947 θυλάκους]
638 1900 889 1945 βουλγίδιαΒ.
968 1913 1016 1946 ¹9·
1045 1899 1084 1938 ὃς
1108 1901 1251 1949 ἡγεῖτο]
1279 1900 1318 1940 ὃς
1341 1901 1654 1950 ὄπισθοφυλάκει
1669 1904 1708 1937 Α.

264 2009 349 2041 dum
373 2017 551 2052 pauperes
577 2005 744 2039 subditos
781 2007 1031 2040 exactionibus
1056 2018 1161 2040 vexas
1190 2012 1226 2040 et
1255 2008 1454 2052 deglubis.''
1480 2019 1560 2042 eum
1588 2010 1711 2043 convi-

265 2056 436 2087 ciatorem
471 2053 619 2086 Manuel
652 2053 703 2086 ita
736 2064 853 2098 aequo
879 2055 998 2086 animo
1036 2055 1123 2087 tulit
1146 2066 1186 2086 ac
1213 2055 1241 2087 si
1271 2055 1398 2088 surdus
1425 2061 1541 2096 esset3
1569 2061 1606 2088 et
1630 2067 1710 2089 cum

265 2101 425 2140 vidulos,
464 2100 502 2132 in
536 2099 668 2144 quibus
700 2100 839 2143 signata
864 2101 1018 2144 pecunia
1058 2106 1153 2142 erat,
1188 2112 1207 2133 a
1236 2102 1348 2134 Persis
1375 2102 1484 2147 diripi
1512 2106 1549 2134 et
1575 2102 1709 2135 effundi

265 2147 427 2187 videret,
453 2147 628 2179 Romanos
655 2145 820 2180 hortatus
849 2152 902 2180 est
917 2152 958 2180 ut
987 2148 1122 2192 impetu
1148 2148 1184 2179 in
1209 2147 1378 2180 barbaros
1400 2147 1494 2180 saevo
1520 2149 1710 2192 pecuniam

268 2194 368 2225 illam
385 2193 472 2237 ipsis
500 2193 622 2236 potius
647 2192 807 2226 debitam
833 2194 1043 2238 arriperent.
1069 2199 1147 2227 tuin
1173 2205 1291 2226 rursus
1314 2193 1410 2226 idem
1434 2194 1498 2227 ille
1519 2195 1713 2240 impuden-

269 2245 325 2272 ter
354 2240 392 2270 in
418 2239 670 2282 imperatorem
685 2239 846 2272 invectus
866 2240 1008 2280 „ultro”
1034 2241 1156 2285 inquit
1177 2238 1270 2280 „ista
1294 2241 1392 2284 prius
1418 2241 1585 2274 Romanis
1622 2241 1713 2275 ‹lan-

271 2285 317 2318 da
341 2285 431 2325 suit,
468 2296 541 2317 non
578 2297 693 2326 nunc,
719 2287 782 2319 ubi
812 2298 891 2318 cum
923 2286 1136 2319 difficultate
1171 2292 1208 2318 et
1244 2287 1418 2330 sanguine
1449 2287 1608 2332 paranda
1646 2293 1711 2322 est.

273 2331 404 2376 quodsi
433 2331 487 2363 vir
520 2331 623 2364 fortis
662 2338 716 2364 est
732 2358 741 2373 ‚
766 2337 805 2365 ut
830 2333 1003 2376 gloriatur
1041 2338 1077 2366 et
1099 2332 1255 2376 chlamys
1279 2334 1461 2377 postulat,
1487 2334 1526 2366 in
1550 2340 1712 2379 raptores

273 2379 395 2411 Persas
422 2378 597 2421 impetum
631 2378 760 2419 faciat,
787 2379 907 2423 iisque
931 2379 1073 2412 fortiter
1103 2379 1214 2411 caesis
1241 2380 1383 2424 rapinas
1408 2382 1629 2425 recuperet.’'
1658 2387 1714 2414 tn-

275 2425 350 2457 cuit
376 2429 412 2456 et
437 2423 483 2455 ad
507 2433 548 2455 ea
573 2424 682 2457 verba
707 2424 863 2457 hominis
893 2425 1088 2469 importuni
1113 2425 1280 2466 Manuel‚
1307 2427 1384 2458 sine
1409 2427 1484 2459 ullo
1507 2439 1713 2468 murmure,

274 2482 349 2503 non
376 2481 477 2502 secus
505 2476 615 2514 atque
644 2471 731 2504 olim
753 2471 871 2504 David
897 2472 1031 2504 Semeis
1069 2472 1302 2516 intemperias
1327 2472 1422 2505 tulit.
1448 2473 1593 2506 tandem
1620 2474 1736 2507 Con-'

274 2515 515 2560 tostephanus
554 2527 700 2560 quoque
734 2518 957 2550 Andronicus
991 2518 1181 2551 incolumis
1216 2517 1382 2559 advenit,
1417 2520 1480 2563 qui
1516 2525 1714 2553 extremum

276 2574 402 2607 agmen
427 2562 604 2604 ducebat;
634 2568 670 2595 et
693 2563 756 2595 alii
790 2563 936 2608 quidam
967 2563 1065 2608 apud
1089 2565 1293 2598 Manuelem
1318 2565 1488 2609 gratiosi,
1526 2567 1714 2600 vulnerum

276 2615 459 2655 expertes,
486 2615 753 2642 concurrerunt.

371 2655 440 2688 Ubi
463 2666 534 2687 nox
559 2656 734 2699 praelium
769 2655 943 2696 diremit,
983 2666 1105 2689 omnes
1139 2656 1309 2690 sederunt
1334 2658 1476 2698 tristes,
1501 2658 1619 2703 capita
1641 2669 1717 2692 ma—

278 2702 384 2736 nibus
410 2702 644 2743 sustinentem,
676 2707 712 2735 et
734 2701 817 2734 dum
844 2712 1014 2748 praesens
1044 2702 1236 2736 discrimen
1259 2710 1438 2748 reputant,
1466 2716 1503 2737 se
1531 2705 1619 2737 vivis
1642 2716 1716 2738 non

281 2748 588 2788 annumerabant,
624 2759 666 2780 co
703 2749 929 2793 potissimum
953 2749 1093 2791 territi,
1118 2749 1217 2795 quod
1254 2749 1399 2784 barbari
1425 2751 1556 2785 circum
1581 2750 1715 2785 vallum
