1838 3210
240 186 349 243 238
712 199 939 241 mensas
984 196 1294 240 cuoNJATAE

235 302 365 350 αύτός
392 314 518 357 φησιν
559 295 580 337 ὅ
627 297 902 351 φιλόψαλμος.
957 294 1005 337 τά
1035 297 1072 337 δ’
1102 289 1215 337 ἄλλα
1233 293 1442 348 Ῥωμαϊκά
1461 293 1661 350 τάγματα

195 383 222 415 B
232 364 432 421 χειρόνως
458 361 640 414 ἔπασχον
667 359 736 401 dei
762 360 911 412 δόρασι
937 358 1186 415 περισταδόν
1213 361 1535 414 λελογχωμένοις
1560 377 1662 403 νυσ-

231 428 388 483 σόμενα
412 429 484 468 καί
508 427 670 480 βέλεσιν
700 425 747 466 ἐκ
772 426 848 466 τοῦ
875 423 1027 478 σχεδὸν
1054 425 1280 478 διαμπερὲς
1306 425 1562 477 ἐλαυνόμενα
1587 427 1663 467 καί

229 495 302 536 ὕπ’
329 491 519 546 ἀλλήλων
548 492 605 539 ,ἐν
649 491 706 548 τῷ
741 492 992 542 συμπίπτειν
1032 487 1383 546 διαφθειρόμενα.
1446 488 1530 531 εἰσί
1553 491 1593 531 δ’
1620 491 1663 533 οἳ

228 557 302 599 καί
339 555 494 611 ταύτην
534 557 613 608 μὲν
651 556 829 603 οἷπαθεῖς
866 556 1084 610 παρῆλθον
1118 552 1192 608 τὴν
1236 554 1432 610 φάραγγα
1464 553 1536 596 καί
1561 552 1696 603 roais-5

227 624 292 665 ἐπ’
322 618 454 676 αὐτῆς
481 619 727 673 ἱσταμένους
755 621 931 675 Πέρσας
963 619 1190 675 ἐσύβησαν,
1220 620 1490 674 προελθόντες
1516 620 1562 660 δὲ
1586 619 1660 662 καὶ

226 689 300 742 τῆς
326 689 410 740 μετ’
443 687 598 741 ἐκείνην
631 685 841 739 ἁψάμενοι
879 681 1083 740 σήραγγος
1109 683 1189 726 ὑπὸ
1220 687 1304 727 τῶν
1334 685 1466 727 ἐκεῖσε
1492 685 1659 738 πολεμί-

227 768 287 794 ων
313 742 545 793 ἀπώλοντο.
598 753 658 799 εἰς
685 750 764 805 γὰρ
794 747 898 791 ἔπτὰ
936 748 1134 799 κοιλάδας
1158 748 1396 806 ταφριόδεις
1421 747 1558 799 πάσας
1586 750 1661 792 καί

225 817 524 872 οἷγχιτέρμονας
550 815 578 870 ἦ
605 814 787 871 πάροδος
814 813 946 869 ἐκείνη
978 816 1204 869 διέσχιστο,
1233 815 1485 871 εὖρυνομένη
1511 813 1654 870 βραχύ

226 881 300 923 καί
335 882 687 934 συμπτυσσομένη
724 877 847 921 πάλιν
875 879 980 934 πρὸς
1019 878 1063 921 τό
1105 877 1382 935 στενόπορον·
1449 879 1523 922 καὶ
1548 876 1654 936 ἦσαν
1672 899 1720 927 io

225 942 355 988 αὗται
395 943 509 1001 παρὰ
550 946 633 987 τῶν
673 944 869 999 Τούρκων
906 945 1086 999 α’κριβαῖς
1120 944 1364 1001 ἐφεστώτων
1391 942 1653 1001 τηρούμεναι.

223 1011 314 1053 ἄλλ’
342 1010 430 1052 οὔδ’
472 1007 494 1051 ὃ
534 1008 677 1060 λοιπὸς
698 1010 839 1064 χῶρος
866 1011 946 1051 τῶν
982 1012 1189 1062 πολεμίων
1215 1010 1407 1061 ἐσπάνιζε
1434 1013 1653 1066 καθαρῶς,

223 1077 314 1118 ἀλλ’
344 1073 456 1124 ἅπας
482 1074 639 1117 τούτων
668 1074 926 1130 πεπλήρωτο.
983 1073 1072 1117 τότε
1089 1076 1136 1117 δὲ
1162 1076 1236 1118 καί
1265 1072 1422 1128 ἀνέμου
1453 1074 1655 1119 πνεύσαν-

186 1152 291 1188 (ζτος
314 1142 385 1182 καί
411 1143 512 1181 θῖνα
539 1142 718 1192 βαθεῖαν
744 1140 790 1181 ἐκ
819 1140 892 1194 τῆς
919 1141 1050 1182 ἐκεῖσε
1087 1138 1352 1194 ψαμμώδους
1376 1141 1654 1195 μετεωρίσαν-

223 1220 294 1254 τος
321 1207 396 1260 γῆς
425 1204 584 1260 σύρδην
612 1203 896 1257 ἐμπίπτουσαν
922 1201 1138 1260 ἀμφότερα
1166 1211 1390 1258 συμπεσεῖν
1418 1206 1576 1260 ἐγένετο
1602 1206 1653 1248 τοὶ
1671 1210 1719 1253 15

221 1270 546 1326 στρατεύματα,
586 1271 659 1311 καί
699 1267 755 1318 ὦς
787 1268 831 1311 ἐν
859 1269 1115 1328 νυκτομαχίᾳ
1156 1271 1228 1312 καί
1254 1268 1391 1312 σκότει
1418 1275 1656 1330 ψηλαφητῷ

221 1333 414 1391 ἀλλήλοις
452 1336 776 1391 προσφερόμενα
818 1340 902 1383 τοῖς
942 1337 1112 1390 ἐχθροῖς
1148 1334 1245 1386 τούς
1289 1338 1437 1391 φίλους
1464 1338 1653 1380 ἐπικατέ-

219 1416 427 1456 σφαττον,
452 1399 526 1442 καί
553 1400 629 1441 οὐκ
653 1395 705 1453 ἦν
725 1401 768 1449 ἐξ
794 1397 1011 1456 ὁμοφύλου
1039 1402 1263 1456 διακρίνειν
1289 1398 1545 1458 ἀλλόφυλον,
1578 1403 1653 1444 άλ-

218 1465 272 1508 λοὶ
302 1467 475 1520 Πέρσαι
515 1467 588 1506 καί
621 1464 823 1517 Ῥωμαῖοι
855 1468 1186 1521 συμβεβλημένοι
1225 1469 1297 1509 καί
1321 1469 1419 1508 καθ’
1445 1466 1652 1521 ὁμογενῶν

219 1532 406 1573 ἒσπῶντο
436 1528 490 1571 τά
517 1529 617 1585 ξίφη
645 1532 718 1571 καί
742 1528 812 1572 τὸν
838 1529 1063 1586 προσιόντα
1090 1533 1329 1574 κατέκαινον
1356 1531 1414 1581 ὥς
1439 1532 1648 1587 πολέμιον,
1661 1551 1714 1578 20

186 1604 188 1606 ’
218 1594 277 1644 ὦς
300 1594 377 1644 τοὶς
417 1595 597 1651 τάφρους
616 1594 750 1651 τάφον
778 1596 853 1637 ἕνα
886 1596 1083 1649 γενέσθαι
1117 1597 1191 1637 καί
1211 1597 1446 1650 πάμμικτον
1470 1597 1650 1639 πολυάν-

219 1663 336 1716 δριον
374 1662 447 1702 καί
483 1659 682 1714 σκήνωμα
724 1659 860 1702 κοινὸν
895 1660 1112 1713 Ῥωμαίων
1139 1677 1184 1702 τε
1226 1661 1299 1703 καί
1323 1660 1552 1718 βαρβάρων
1579 1665 1652 1705 καί

175 1725 356 1769 Βῖππων
386 1724 459 1766 καί
479 1726 588 1778 βοῶν
615 1723 688 1766 καί
713 1719 817 1767 ῗὶνων
838 1723 1205 1781 ἆχθηφορούντων.
1253 1725 1402 1770 ἔπεσον
1441 1723 1518 1770 οὖν
1554 1728 1648 1782 ἆρι·

217 1793 315 1849 θμιῖί
338 1791 505 1839 πλείους
524 1789 737 1843 Ῥωμαῖοι,
764 1792 836 1843 καί
849 1787 1033 1843 μάλιστα
1062 1793 1144 1833 τιόν
1161 1793 1207 1833 ἐκ
1237 1794 1312 1834 τοῦ
1336 1794 1479 1847 γένους
1498 1795 1647 1852 τῷβα-
1699 1820 1702 1824 v

308 1903 341 1935 5.
366 1899 525 1938 ἀπαθῶς
547 1900 597 1933 A„
698 1911 750 1935 ιο.
776 1899 1004 1944 στενώτερον
1027 1901 1067 1933 Α.
1192 1913 1243 1948 ¹7·
1268 1902 1582 1950 προσφερόμενοι
1605 1906 1645 1938 A.

309 1947 366 1979 23.
389 1946 500 1994 βοῶν]
527 1947 652 1981 κυνῶν
674 1949 739 1980 καὶ
763 1946 862 1983 ὄνων
886 1945 1213 1993 ἀχθοφορούντων
1236 1950 1277 1983 A.
1381 1952 1436 1996 24.
1461 1949 1643 1999 μάλιστα]

309 1995 481 2027 πλεῖστοι
501 1991 604 2039 μάλα
631 1993 671 2026 A.

218 2094 348 2138 effugit.
367 2099 528 2127 caeterae
551 2104 635 2126 vero
660 2094 819 2137 legiones
842 2094 995 2127 subinde
1009 2096 1111 2140 peius
1125 2095 1379 2130 tractabantur.
1402 2107 1485 2130 nam
1511 2101 1548 2130 et
1573 2098 1644 2130 ser-

218 2141 303 2174 ratis
327 2139 439 2173 hastis
474 2139 636 2184 undique
666 2141 918 2185 pungebantur
944 2147 980 2174 et
1003 2142 1129 2175 iaculis
1153 2143 1391 2187 petebantur,
1429 2149 1466 2176 et
1491 2143 1643 2176 invicem

217 2187 288 2231 ipsi
314 2198 389 2219 sese
415 2188 585 2230 prostrati
609 2187 876 2220 conculcabant.
902 2187 1032 2232 quodsi
1060 2190 1123 2232 qui
1146 2188 1209 2221 has
1235 2200 1378 2233 quoque
1405 2190 1536 2230 fauces,
1559 2191 1644 2223 bar-

216 2233 313 2267 baris
338 2231 401 2277 qui
441 2243 499 2264 eas
527 2232 734 2265 insederant
757 2234 870 2278 pulsis
885 2258 894 2274 ,
929 2239 1160 2278 superarunt,
1183 2235 1222 2267 in
1249 2235 1361 2268 altera
1384 2236 1477 2269 valle
1507 2235 1552 2268 ab
1575 2236 1643 2269 ho-

217 2279 331 2313 stibus
354 2278 562 2311 interibant.
588 2279 617 2311 is
643 2280 738 2311 enim
762 2281 934 2312 transitus
960 2280 999 2313 in
1023 2280 1089 2312 VII
1110 2280 1306 2325 profundas
1333 2282 1444 2315 valles
1467 2282 1563 2316 inter
1586 2293 1643 2315 se-

218 2337 255 2359 se
278 2324 412 2357 vicinas
436 2324 651 2366 findebatur,
679 2330 716 2358 et
732 2325 838 2359 initio
863 2325 971 2370 paulo
997 2325 1106 2359 latior
1131 2338 1251 2360 rursus
1275 2327 1313 2360 in
1339 2329 1520 2372 angustias
1545 2339 1643 2362 com-

216 2371 429 2417 plicabatur.
455 2381 517 2403 eae
545 2382 629 2404 vero
658 2382 778 2404 omnes
809 2377 971 2404 accurate
996 2383 1018 2404 a
1043 2371 1169 2405 Turcis
1194 2373 1508 2414 custodiebantur,
1533 2380 1641 2419 atque

218 2417 307 2451 adeo
332 2422 471 2450 caetera
486 2428 630 2462 quoque
643 2417 722 2450 loca
735 2418 929 2450 Turcarum
951 2418 1059 2462 plena
1075 2423 1187 2452 erant.
1211 2419 1358 2452 adhaec
1379 2421 1547 2465 procellis
1563 2432 1642 2453 are-

218 2475 343 2497 narum
378 2469 485 2497 vento
513 2463 551 2496 in
575 2474 634 2496 eos
674 2464 836 2508 impulsis
861 2463 964 2496 ambo
991 2465 1165 2498 exercitus
1189 2466 1326 2510 impetu
1350 2467 1552 2511 congressi,
1579 2478 1643 2500 ve-

218 2510 287 2543 luti
310 2515 418 2543 noctu
443 2515 479 2542 et
501 2509 539 2542 in
563 2509 782 2542 densissimis
806 2509 963 2543 tenebris
989 2511 1215 2555 pugnabant3
1242 2523 1309 2544 nec
1332 2513 1408 2545 ullo
1435 2512 1641 2546 discrimine

217 2556 322 2589 amici
347 2561 408 2589 aut
430 2556 590 2597 inimici,
618 2555 715 2590 obvii
738 2556 874 2600 quique
901 2556 1193 2600 trucidabantur3
1215 2558 1414 2603 eodemque
1439 2559 1520 2592 loco
1531 2560 1641 2593 Turci

218 2608 256 2636 et
288 2602 460 2643 Romani,
501 2602 660 2635 iumenta
688 2607 724 2635 et
746 2602 908 2636 homines
932 2603 1117 2644 iacebant,
1150 2609 1191 2637 ut
1213 2605 1316 2638 vallis
1341 2605 1405 2637 illa
1431 2606 1524 2638 nihil
1548 2611 1642 2640 esset

217 2649 318 2683 aliud
340 2649 410 2682 nisi
435 2649 691 2693 amplissimum
715 2648 896 2693 quoddam
925 2655 962 2682 et
994 2661 1180 2682 commune
1205 2651 1442 2684 Romanorum
1467 2651 1642 2685 harbaro-

217 2707 316 2736 rum,
343 2696 578 2728 iumentorum
604 2694 854 2740 pecudumque
878 2695 1089 2740 sepulcrum.
1116 2697 1236 2741 plures
1262 2702 1381 2730 tamen
1406 2698 1554 2731 Romani
1581 2709 1642 2731 ce.

217 2742 403 2783 ciderunt,
429 2742 638 2788 praesertim
661 2742 893 2776 illustrissimi
918 2742 1054 2789 quique
1080 2743 1304 2790 imperatoris
1329 2745 1492 2790 cognati„
1509 2750 1550 2780 ut
1574 2755 1641 2778 au-
