1878 3230
315 195 421 251 812
721 206 950 250 NicETAE
1002 204 1314 248 cnoNiA‘rAE

178 312 298 351 v.325
312 326 382 352 νον
409 307 568 350 πλειόσι
597 306 671 347 τοῦ
698 303 930 358 βάλλεσθαι
957 307 1029 347 καί
1062 306 1228 359 βάλλειν
1257 304 1326 346 διά
1358 303 1432 359 την
1466 307 1547 347 τῶν
1585 307 1733 361 τειχῶν

310 372 552 427 ἐχυρότητα.
623 369 775 413 οὗκοῦν
819 370 868 412 τὰ
912 370 1055 425 βάθρα
1103 373 1186 413 τῶν
1229 372 1380 424 τειχῶν
1430 366 1729 423 οἷνεμόχλευον,

310 437 485 493 α’φανῶς
515 434 788 477 ὖποσαλεύειν
813 435 865 478 τά
893 438 1009 489 τείχη
1049 435 1318 490 πειρώμενοι,
1358 433 1399 484 ἐς
1436 432 1500 477 ὅτι
1536 435 1734 489 μήκιστον

309 501 631 553 ὑπονομεύοντες
657 500 729 542 καί
746 500 817 543 τὸν
843 502 948 554 χοῦν
969 499 1199 555 λεληθότως
1219 502 1496 556 α’ναφέροντες
1520 501 1591 542 καί
1609 500 1735 554 ὑπερ·

311 568 490 619 είσματα
520 567 564 607 ἐκ
593 565 726 617 ’ξύλων
765 566 1008 621 εὔπρηστων
1045 573 1134 615 ταῖς
1175 565 1343 621 ὄρυγαΐς
1382 566 1627 621 ἑφιστῶντες
1665 567 1738 607 καί
1748 568 1771 609 5

310 633 553 688 πολυχειρίᾳ
583 630 626 674 τὸ
657 629 774 686 ἔργον
802 631 1009 681 α’νύοντες.
1063 627 1170 686 ἦσαν
1209 633 1254 673 δὲ
1291 631 1363 672 καί
1393 630 1590 684 Ῥωμαῖοι
1631 629 1737 686 πρὸς

309 698 440 738 ταῦτα
469 697 791 750 διατεχνώμενοι
818 695 867 737 τά
906 700 956 753 τῇ
982 697 1101 738 πόλει
1145 695 1347 750 σωτήρια.
1400 696 1488 753 ἀλλ’
1519 691 1634 737 οὔπω
1659 712 1736 738 συ-

270 761 404 815 Βχνοί
427 763 710 817 περίππευσαν
737 758 858 816 ἣλιοι,
888 764 960 803 καί
984 767 1136 816 μοῖραν
1170 760 1335 817 διαφείς
1364 760 1386 802 ὅ
1417 757 1608 815 Ἰωάννης
1628 763 1735 803 Σκυ-

306 829 430 868 θικοῦ
458 824 763 880 στρατεύματος
795 833 881 876 τοῖς
910 825 1031 878 ζώοις
1059 829 1132 881 τῆς
1160 828 1320 881 διαίτης
1346 825 1418 868 καί
1453 832 1539 875 τοῖς
1575 826 1736 881 ὀχήμα-

305 906 374 932 σιν
403 893 629 933 ἐντέλλεται
658 895 931 947 προσβαλεῖν,
961 891 991 933 ἃ
1019 891 1117 946 περὶ
1152 890 1197 934 τὸ
1228 890 1505 947 στρατόπεδον
1528 893 1610 933 τῶν
1638 895 1733 934 Aa-
1752 909 1798 939 ιο

304 954 428 998 τίνων
447 954 496 998 τά
522 955 670 1011 χλωροὶ
701 959 772 1012 τῆς
803 955 905 1013 ὕλης
932 959 1180 1013 ἑδρέποντο,
1209 955 1279 999 διά
1313 959 1392 999 τοῦ
1419 953 1735 1010 μεθοδεύματος

304 1023 460 1075 γνῶναι
483 1020 738 1075 βουλόμενος
770 1022 895 1064 ὁποῖα
928 1021 979 1064 τοὶ
1022 1025 1103 1064 τῶν
1144 1023 1353 1076 πολεμίων
1392 1021 1477 1064 εἰσί
1513 1019 1735 1076 διαβούλια

306 1087 378 1127 καί
404 1083 516 1135 ὅπως
543 1086 620 1136 τὰς
648 1089 706 1136 εἰς
729 1086 908 1141 πόλεμον
935 1086 1118 1138 ἐκτάσεις
1146 1091 1348 1131 τιθέασιν.
1405 1085 1444 1129 οἱ
1474 1089 1520 1130 δὲ
1539 1086 1612 1130 καὶ
1631 1087 1736 1142 πρὸς

306 1149 383 1204 τήν
414 1150 578 1206 πρώτην
606 1154 688 1194 τῶν
718 1155 894 1194 Σκυθῶν
920 1154 1024 1194 θέαν
1053 1150 1361 1202 ἐνθουσιώδους
1388 1154 1638 1208 πλησθέντες
1665 1151 1736 1207 ὄρ-

304 1212 495 1268 μήματος
525 1213 630 1269 πρὸς
657 1222 743 1265 τοῖς
770 1218 910 1266 ἵπποις
946 1216 1018 1258 καί
1042 1224 1128 1267 τοῖς
1155 1217 1303 1272 δόρασι
1336 1219 1532 1271 γίνονται.
1590 1219 1663 1259 καί
1697 1215 1798 1261 οΐι5

304 1282 381 1332 μὲν
407 1282 479 1333 τῆς
507 1281 576 1321 ὲπί
594 1280 758 1329 Σκύθας
785 1279 888 1322 κατὰ
919 1280 1068 1334 κράτος
1096 1281 1278 1334 εἴχοντο,
1308 1280 1349 1323 οἱ
1378 1283 1426 1323 δὲ
1448 1281 1496 1323 τὰ
1520 1283 1632 1324 νῶτα
1657 1296 1734 1335 με..

304 1337 777 1398 ταβαλόντεςσυντόνου
810 1347 1002 1400 δρασμοῦ
1030 1343 1223 1400 ἥπτοντο,
1252 1347 1294 1395 ἐς
1321 1347 1507 1388 τούπίσω
1543 1345 1592 1388 τά
1632 1349 1733 1402 βέλη

304 1411 532 1462 πέμποντες
561 1411 634 1451 καί
660 1411 758 1464 μηδ’
782 1407 888 1451 οὕτω
915 1412 987 1452 τοῦ
1011 1411 1181 1466 φεύγειν
1213 1410 1507 1467 προτροπάδην
1534 1413 1734 1454 ἐπιλαθό-

304 1489 442 1527 μενοι·
500 1474 538 1515 οἱ
577 1475 622 1515 δὲ
658 1475 863 1516 ἐπέκειντο
907 1477 979 1516 καί
1022 1473 1153 1524 οὕτως
1198 1475 1438 1529 διώκοντες,
1490 1473 1567 1518 κᾶν
1610 1474 1737 1519 οὐδὲν

303 1535 430 1593 ἤνυον
456 1537 686 1594 πτηνώδεσι
714 1541 786 1581 καί
809 1539 984 1596 κούφοις
1012 1539 1083 1582 διά
1111 1539 1187 1594 την
1218 1538 1379 1583 ὅπλισιν
1406 1541 1607 1596 α’νδράσιν
1633 1543 1730 1598 ἔφε·
1743 1557 1796 1584 20

266 1601 489 1656 Οπόμενοι.
545 1606 618 1646 καί
644 1606 833 1646 τοιοῦτον
858 1607 937 1657 μὲν
968 1607 1096 1658 πέρας
1126 1606 1178 1646 τὰ
1218 1608 1288 1661 τῆς
1313 1604 1402 1648 τόθ’
1435 1606 1592 1662 ἡμέρας
1619 1608 1730 1661 εἰλή-

303 1684 456 1724 φεσαν·
514 1671 559 1711 ἐκ
597 1671 643 1712 δὲ
681 1669 829 1712 τούτου
872 1669 1061 1726 Ἰωάννης
1100 1674 1177 1724 μὲν
1217 1669 1262 1713 τὸ
1304 1673 1448 1714 οἰκεῖον
1488 1671 1727 1728 στράτευμα

393 1805 427 1838 9.
455 1796 532 1829 τοῖς
560 1792 679 1838 ζώοις]
704 1789 801 1837 πρὸς
825 1788 911 1829 τούς
933 1792 1026 1831 ξύλα
1050 1795 1113 1827 καὶ
1135 1792 1274 1840 χόρτον
1299 1794 1533 1839 συνάγοντας
1555 1794 1630 1827 τῶν
1665 1794 1730 1839 λοι-

391 1842 505 1872 ·ιίνων
528 1838 696 1884 ἔπεμψεν
719 1841 755 1873 Β.
902 1849 950 1870 12.
976 1833 1017 1873 τὰ
1045 1843 1118 1872 τῶν
1140 1840 1344 1886 πολεμίων]
1372 1841 1414 1872 τοὶ
1438 1842 1512 1874 τῶν
1542 1841 1730 1885 φράγγων

391 1884 628 1930 βουλεύματα
648 1886 709 1918 καὶ
735 1881 801 1927 τη“ν
828 1888 1023 1929 στρατείαν
1048 1885 1170 1919 ιιιῖτιῦν
1199 1886 1298 1923 ὅπως
1320 1886 1527 1920 διάκεινται
1551 1884 1730 1929 πρὸς-τὸν

393 1931 563 1975 πόλεμον
586 1932 621 1964 Β.
735 1934 783 1965 13.
809 1932 971 1970 ἐκτάξεις
997 1931 1181 1965 Fabrotus.
1296 1935 1344 1966 16.
1369 1933 1406 1965 οἱ
1429 1931 1482 1979 δὲ]
1511 1933 1547 1967 οἱ
1567 1933 1729 1978 κόμανοι

394 1977 435 2011 δὲ
460 1979 685 2022 στραφέντες
708 1980 772 2011 καὶ
784 1977 996 2016 τοξεύοντες
1020 1978 1222 2017 ἐξόπισθεν
1248 1978 1413 2024 ἔφευγον
1434 1978 1521 2024 μηδ’.
1549 1978 1638 2015 ὅλως
1662 1991 1728 2024 yu-
1755 1981 1758 1984 ’

395 2024 558 2069 ρίζοντες
585 2020 605 2065 ἢ
630 2022 753 2069 μόνον
778 2026 932 2070 σαγίτας
955 2019 1052 2071 πρὸς
1076 2019 1143 2068 τήν
1174 2025 1280 2064 τάξιν
1313 2024 1436 2059 αὐτῶν
1465 2025 1665 2071 σύρνοντες
1689 2026 1726 2058 Β.

306 2140 382 2172 dies
408 2140 606 2183 complures
621 2151 693 2173 non
718 2140 816 2174 aliud
841 2141 1076 2186 proficiebant
1098 2142 1167 2174 uisi
1192 2148 1232 2175 ut
1255 2142 1336 2175 telis
1355 2148 1390 2175 et
1413 2147 1577 2186 peterent
1601 2147 1638 2175 et
1662 2154 1727 2187 pe-

304 2191 474 2218 terentur.
499 2187 622 2230 itaque
649 2188 785 2227 vineis,
810 2188 1041 2221 multitudine
1067 2199 1249 2232 operarum
1278 2189 1361 2221 freti
1386 2189 1589 2232 longissime
1616 2189 1725 2230 actis,

305 2237 496 2275 egestaque
521 2233 610 2263 clam
629 2238 722 2265 terra
743 2239 779 2266 et
803 2236 960 2267 cavernis
986 2234 1094 2267 aridis
1120 2235 1225 2278 liguis
1251 2235 1414 2274 suffultis,
1440 2235 1619 2266 moenium
1642 2235 1726 2267 sun-

305 2277 470 2310 <lamenta
494 2277 656 2311 hostibus
685 2290 757 2312 non
787 2280 1148 2314 animadvertentibus
1173 2281 1387 2313 labefactare
1412 2279 1633 2313 studuerunt.
1661 2281 1726 2314 sed

305 2329 343 2357 et
366 2324 513 2356 Romani
539 2329 659 2356 contra
685 2335 726 2356 ea
748 2326 924 2369 parabant
948 2338 1039 2371 quae
1062 2327 1144 2359 urbi
1170 2333 1286 2359 essent
1310 2326 1487 2358 salutaria.
1512 2337 1578 2358 nee
1603 2327 1726 2361 multis

306 2369 434 2403 diebus
470 2375 552 2414 post
575 2369 749 2403 Iohannes
775 2377 912 2414 partem
936 2372 1091 2415 Scythici
1131 2373 1302 2405 exercitus
1327 2372 1497 2415 impetum
1533 2372 1648 2405 facere
1685 2373 1724 2407 in

305 2415 461 2461 pecudes
491 2421 527 2449 et
551 2426 660 2459 equos
686 2417 722 2448 in
757 2416 916 2449 herbidis
944 2419 1053 2461 pratis
1080 2419 1177 2451 iuxta
1204 2419 1409 2450 Latinorum
1438 2424 1550 2450 castra
1575 2430 1725 2462 pascen-

306 2469 360 2496 tes
386 2462 498 2503 iubet,
522 2467 563 2495 ut
586 2472 626 2494 ea
646 2462 783 2494 ratione
807 2462 960 2496 hostium
984 2465 1131 2496 concilia
1149 2470 1185 2497 et
1208 2464 1397 2496 militarem
1411 2464 1633 2508 disciplinam
1662 2475 1727 2498 ex-

305 2509 473 2554 ploraret.
497 2508 535 2540 hi
561 2518 644 2540 vero
672 2507 717 2540 ad
740 2508 890 2552 primum
918 2509 1123 2552 Scytharum
1158 2515 1382 2553 conspectum
1408 2511 1542 2542 furioso
1568 2511 1725 2556 quodam

306 2554 433 2587 ardore
459 2554 650 2595 concitati,
678 2553 788 2587 hastis
814 2556 962 2598 arreptis
989 2561 1025 2588 et
1050 2557 1149 2600 equis
1183 2557 1403 2594 conscensis,
1437 2556 1583 2599 Scythas
1622 2557 1723 2590 inva-

308 2600 419 2640 dunt,
446 2602 506 2646 qui
532 2602 637 2644 tergis
668 2600 823 2633 obversis
857 2601 1081 2634 continenter
1114 2602 1271 2645 fugiunt,
1310 2608 1403 2634 retro
1438 2603 1579 2646 sagittas
1611 2603 1724 2636 conii-

307 2648 464 2686 cientes‚
491 2659 530 2680 ac
561 2659 605 2679 ne
631 2647 678 2678 sic
701 2647 845 2690 quidem
874 2648 952 2690 fuga
993 2647 1200 2691 interrupta.
1234 2648 1286 2680 illi
1319 2660 1402 2680 vero
1442 2649 1568 2681 acriter
1602 2659 1723 2693 perse-

309 2698 483 2736 quuntur,
508 2695 662 2738 quamvis
689 2693 777 2725 nihil
807 2694 1147 2738 pros1‹·ercnt‚peue
1173 2694 1373 2726 volucribus
1399 2694 1444 2726 oh
1472 2695 1585 2727 levem
1611 2706 1725 2727 arma-

309 2744 421 2772 turam
443 2740 525 2773 viris
550 2739 725 2772 instando.
753 2739 858 2772 ethic
874 2740 946 2772 eius
972 2739 1042 2772 (liei
1068 2740 1136 2772 suit
1163 2741 1285 2772 exitus.
1314 2751 1356 2773 ex
1384 2751 1424 2772 eo
1443 2740 1616 2773 Iohannes
1643 2752 1726 2774 cnm.
