1838 3210
441 193 512 233 m:
550 190 803 235 MANUELE
843 190 1102 234 coMNENo
1141 193 1240 232 Lm.
1268 193 1320 231 v.
1488 171 1611 244 '207

172 304 336 346 ματος,
362 295 522 337 στέλλει
548 293 654 348 μετὰ
684 293 900 346 δυνάμεως
926 292 998 335 τὸν
1027 292 1254 348 Παδιιὶτην
1284 292 1514 347 Θεόδωρον.
1558 291 1616 346 τῷ

179 359 228 401 δὲ
265 359 457 417 τοπάρχῃ
488 362 658 414 Νεεμᾶν
701 357 831 407 οὕτως
859 359 1063 414 ιῖηερσίου
1104 361 1229 414 μετῆν
1267 357 1533 415 φρονήματος
1557 354 1658 404 ὥςΡ.
1678 371 1739 414 ιο4

177 424 310 474 εὐθὺς
348 428 571 480 ἐξενεγκεῖν
601 422 833 479 ἀκήρυκτον
874 424 1054 477 πόλεμον
1081 423 1153 466 καί
1173 424 1395 478 Ῥωμαίοις
1421 425 1615 465 ἕπεισπε..

178 496 282 533 σεῖν.
311 494 516 544 βασιλέως
544 493 583 533 δ’
613 489 743 533 αὐτόν
768 493 986 542 μετελθεῖν
1017 494 1256 545 κρίναντος,
1285 489 1425 543 ὄλίγον
1450 489 1502 546 τῇ
1529 485 1615 541 μοί-

139 559 164 599 5
173 571 231 611 χῃ
259 557 528 611 παραφανεὶς
569 555 862 612 ἀπεκρύψατο,
905 554 980 603 τὰς
1007 557 1090 596 τῶν
1119 555 1233 610 ὀρῶν
1261 557 1334 596 καί
1354 552 1489 607 πάλιν
1508 552 1614 593 ὕπο·

175 619 254 669 δύς
279 620 529 670 καταδύσεις
560 621 635 663 καί
652 619 730 671 τὰς
755 621 907 674 πέτρας
948 621 1126 672 θέμενος
1152 622 1212 669 εἰς
1238 617 1489 676 α’ποκρυβὴν.
1545 612 1615 659 eici

174 687 222 727 δέ
249 702 290 727 τι
320 686 575 740 περικόπτων
601 688 673 740 τῆς
700 683 994 740 προλαβούσης
1022 684 1184 741 ὀφρύος
1211 685 1284 727 καί
1310 686 1518 740 ὖφαιρῶν,
1551 683 1723 732 τέ-Ῡ.84

173 754 245 799 λος
271 757 357 800 τοῖς
386 750 546 793 ἐκείνου
574 752 674 794 ποσί
699 750 774 806 τὴν
802 751 956 792 οἰκείαν
982 747 1224 792 ὑποτέθεικε
1253 750 1449 806 κεφαλήν,
1483 751 1612 802 με’γας

171 818 416 870 μεγαλωστὶ
457 818 679 869 τεταμένος
714 815 788 857 καί
807 817 906 871 περὶ
930 818 1005 857 τοῦ
1043 815 1102 870 μή
1131 818 1284 857 παθεῖν
1306 817 1442 862 κακῶς
1468 812 1612 867 δεόμε-

115 900 161 926 ιο
174 897 262 932 νος·
317 881 475 936 ἠγωνία
511 881 592 937 γὰρ
621 882 685 936 μή
717 897 804 930 πως
849 879 974 930 αότὸς
1001 882 1079 934 μὲν
1120 883 1195 935 τῆς
1226 882 1306 922 τῶν
1329 882 1499 935 Σέρβων
1530 896 1611 920 πα-

172 950 344 1004 ραλυθῇ
373 949 643 1000 δυναστείας,
671 946 717 989 τὸ
749 948 796 989 δὲ
824 946 972 1001 κράτος
992 949 1225 1003 μετενεχθῇ
1253 944 1356 1001 πρὸς
1381 943 1478 994 τούς
1506 945 1611 986 ἐκεί-

171 1027 245 1054 νου
294 1010 443 1066 ἄρχειν
479 1015 788 1068 δικαιοτέρους,
829 1011 903 1053 καί
929 1010 1004 1060 οὓς
1048 1013 1179 1061 αὐτὸς
1216 1009 1490 1059 κατασπάσας
1521 1005 1609 1064 εἶχε

171 1077 276 1133 πρὸς
304 1077 379 1133 τὴν
407 1077 543 1135 α’ρχῆν
572 1078 785 1132 α’ναχθείς.
860 1073 966 1118 οὕτω
996 1078 1036 1118 δ’
1064 1075 1259 1132 εὐμαρῶς
1285 1075 1430 1133 μετῄει
1457 1077 1609 1117 τοῦτον

170 1143 243 1185 καί
268 1144 376 1199 πρὸς
400 1143 477 1199 τήν
512 1146 669 1186 ἐκείνου
709 1148 849 1186 πίστιν
888 1145 1168 1198 μετέστρεᾳτεν
1186 1174 1199 1195 ,
1227 1140 1272 1184 εἴ
1291 1157 1391 1183 ποτε
1419 1141 1641 1183 siaonia-B

111 1208 349 1263 ιόνώμενον
371 1207 483 1265 ἑώρα
510 1211 585 1251 τοῦ
614 1209 759 1258 εὐθέος
790 1211 862 1250 καί
877 1207 1098 1263 ἐλεύθερον
1125 1208 1332 1261 βλέποντα
1349 1241 1362 1260 ,
1391 1203 1420 1262 ἢ
1442 1209 1499 1263 τῷ
1522 1210 1604 1249 τῶν

164 1275 414 1329 Ἀλαμανῶν
463 1272 564 1330 ῥηγί
590 1276 915 1330 προστιθέμενον
952 1270 979 1330 ἢ
1005 1279 1089 1322 τοῖς
1121 1269 1295 1322 Οῧννοις
1323 1272 1604 1327 προσνεύοντα

166 1340 240 1382 καί
268 1339 405 1383 κοινὸν
452 1340 622 1390 ἐκείνοις
650 1342 876 1394 βαλάντιον
910 1341 984 1382 καί
1009 1338 1150 1395 πήραν
1176 1336 1518 1394 προσκτώμενον,
1546 1338 1604 1388 ὥς

166 1407 266 1448 οὐδὲ
293 1405 448 1462 ποιμήν
475 1407 664 1460 ποίμνιον
691 1408 1027 1461 ειῖπερίγραπτον.
1067 1402 1178 1446 οὕτω
1209 1406 1250 1446 δ’
1274 1405 1473 1448 ἐδεδοίκει
1503 1406 1603 1446 τοῦ-

165 1488 237 1514 τον
265 1471 289 1514 ὅ
317 1471 486 1525 Νεεμὰν
506 1470 564 1522 ὥς
592 1473 692 1515 ου’δὲ
719 1470 789 1514 τὸν
814 1471 1140 1525 βασιλικώτατον
1170 1472 1286 1527 θῆρα
1312 1468 1365 1513 τοὶ
1392 1469 1600 1513 κνώδαλα·

103 1554 153 1581 20
166 1535 213 1588 ὅς
238 1554 284 1593 γε
310 1540 384 1580 καί
408 1537 461 1580 τὰ
486 1536 697 1591 ἱππάσιμα
719 1537 831 1591 μόνα
859 1534 1056 1585 πολλάκις
1094 1535 1395 1593 ἐπιφερόμενος
1417 1538 1491 1579 καί
1516 1541 1603 1585 τοῖς

167 1605 480 1660 δορυφοροῦσιν
524 1602 651 1646 εἰπών
689 1605 918 1656 „gneo-925⁹
959 1602 1009 1644 τὰ
1044 1601 1265 1654 Ῥωμαίων
1318 1600 1603 1657 παρήλλαττεν

167 1665 266 1723 ὅρια
285 1703 298 1722 ,
336 1673 411 1712 καί
445 1671 533 1712 κατ’
580 1670 716 1710 αὐτοῦ
754 1671 940 1723 ἐξορμῶν
987 1667 1093 1723 πρὸς
1120 1667 1167 1709 τὸ
1199 1670 1351 1711 οἰκεῖον
1377 1666 1523 1724 ἐφετὸν
1548 1666 1602 1710 τὰ

166 1737 326 1776 ἐκεῖθεν
355 1735 580 1790 μετὴμειβε
608 1735 848 1789 πράγματα.

257 1869 292 1937 ἓ.
319 1855 510 1936 δέόμὲνος]
536 1853 756 1902 δεδεημένος
782 1856 820 1888 Α.
937 1865 991 1888 20.
1012 1855 1115 1901 μόνα
1139 1854 1353 1902 φερόμενος
1378 1855 1418 1889 A.
1548 1855 1602 1888 23.

277 1908 338 1937 κεῖ
366 1916 381 1936 ι
436 1928 443 1935 .

193 2016 238 2038 ue
264 2004 431 2039 fortunae
454 2004 609 2037 oblitum
637 2002 841 2036 Crabatiam
871 2007 907 2035 et
932 2001 1156 2036 Cattarorum
1181 2002 1403 2036 dominatum
1431 2003 1502 2036 sibi
1526 2005 1604 2037 vin-

193 2053 301 2085 icare.¹
322 2057 363 2085 ut
386 2051 496 2096 igitur
510 2050 702 2084 Neemanis
725 2050 949 2082 voluntatem
976 2049 1201 2095 exploraret,
1227 2049 1459 2083 Theodorum
1480 2051 1605 2084 Fadia-

166 2105 239 2132 tem
274 2110 354 2132 cum
381 2098 494 2144 copiis
529 2097 682 2142 ablegat.
714 2102 790 2130 erat
822 2101 942 2129 autem
971 2107 1011 2129 ea
1044 2096 1237 2129 Neemanis
1271 2097 1407 2129 ferocia
1442 2103 1482 2131 ut
1504 2098 1602 2130 bello

164 2156 238 2179 non
263 2146 401 2179 indicto
438 2145 559 2178 statim
582 2145 758 2177 Romanos
797 2142 993 2176 invaderet.
1024 2148 1217 2188 postquam
1241 2148 1362 2176 autem
1387 2144 1464 2188 ipse
1489 2145 1605 2189 impe-

165 2198 262 2226 rator
291 2204 372 2225 eum
409 2192 535 2225 ulcisci
563 2191 692 2225 statuit
707 2217 715 2230 ‚
754 2190 853 2223 bello
878 2190 1045 2223 celeriter
1067 2190 1194 2224 relicto
1218 2190 1256 2222 in
1278 2195 1419 2224 montes
1443 2192 1604 2236 confugit

166 2245 202 2272 et
229 2240 418 2284 speluncas
444 2250 493 2272 ac·
509 2243 628 2284 petras
655 2237 790 2279 subiit3
821 2242 857 2270 et
879 2236 1035 2270 subinde
1058 2237 1247 2270 imminuta
1283 2237 1455 2270 nonnihil
1478 2250 1604 2283 super-

163 2285 249 2328 bia,
276 2286 424 2320 tandem
449 2285 601 2331 supplex
623 2284 669 2318 ad
683 2284 795 2330 pedes
820 2284 920 2316 illius
947 2283 1162 2328 procumbit.
1188 2283 1388 2328 angebatur
1402 2285 1498 2318 enim
1525 2286 1604 2318 ani-

163 2344 244 2374 mo,
270 2344 316 2366 ne
343 2333 488 2366 Serviae
521 2332 743 2378 principatus
784 2330 894 2363 alicui
932 2341 978 2363 ex
1009 2331 1054 2363 iis
1078 2342 1170 2375 quos
1204 2331 1281 2375 ipse
1314 2336 1511 2371 everterat,
1539 2333 1603 2378 qui

165 2385 260 2414 esset
287 2391 330 2413 eo
356 2379 522 2425 dignior,
564 2379 797 2412 tribueretur.
824 2388 905 2410 eum
936 2377 1046 2422 igitur
1079 2377 1264 2411 hominem
1287 2377 1484 2424 imperator
1502 2384 1604 2412 tanta

164 2431 240 2460 arte
270 2427 448 2461 tractabat
472 2431 508 2460 et
533 2425 579 2459 ad
603 2425 710 2459 fidem
734 2424 804 2457 sibi
847 2424 1055 2457 servandam
1080 2424 1331 2466 convertebat,
1355 2425 1387 2458 si
1412 2425 1557 2471 quando
1583 2437 1603 2457 a

165 2479 262 2507 reeta
284 2475 343 2507 via
371 2474 537 2507 aberrare
564 2477 601 2506 et
632 2472 838 2505 libertatem
862 2477 1023 2516 spectare
1049 2471 1219 2510 videbat,
1253 2477 1411 2505 autenm
1434 2473 1603 2505 Aleman-

165 2529 292 2553 norum
323 2531 405 2565 rege
442 2531 481 2555 se
509 2519 750 2564 coniungere,
784 2523 847 2551 aut
878 2517 925 2550 ad
960 2519 1111 2552 Hunnos
1141 2518 1317 2551 inclinare
1345 2524 1382 2552 et
1413 2519 1601 2552 manubias

167 2567 447 2608 communicare,
472 2572 608 2612 quanta
636 2565 825 2610 diligentia
853 2576 919 2598 nec
943 2565 1056 2610 opilio
1083 2566 1251 2610 exiguum
1276 2576 1417 2610 gregem
1440 2565 1604 2599 custodi-

168 2622 206 2644 re
229 2613 331 2646 solet.
389 2615 562 2647 Neemam
595 2624 678 2646 vero
710 2613 814 2645 illum
837 2623 911 2644 non
942 2612 1059 2646 minus
1086 2612 1305 2646 formidabat
1329 2624 1436 2658 quam
1459 2613 1601 2645 leonem

167 2660 329 2693 'caeterae
352 2661 562 2694 animantes.
594 2671 678 2694 nam
701 2671 782 2693 cum
818 2660 1013 2703 imperator
1047 2660 1213 2704 equitatu
1236 2664 1377 2692 tantum
1407 2659 1536 2692 educto
1565 2663 1602 2691 et

167 2706 385 2739 satellitibus
413 2707 516 2752 sequi
538 2707 644 2741 iussis
663 2704 907 2740 'Romanorum
933 2706 1021 2739 fines
1046 2716 1205 2750 egressus
1231 2711 1355 2740 contra
1380 2707 1483 2739 illum
1507 2705 1600 2738 sere-

167 2753 297 2795 batur,
326 2752 470 2787 Servine
498 2758 630 2787 statum
653 2764 717 2788 suo
741 2752 917 2786 arbitratu
944 2753 1109 2798 exemplo
1133 2753 1355 2787 immutabat.
1383 2760 1387 2764 '
