1878 3230
283 175 391 230 720
705 169 938 212 NlcETAE
977 163 1290 211 CHONIATA'E
1324 163 1326 165 ’

280 277 380 325 ταῖς,
412 270 508 322 περὶ
529 267 603 324 τὴν
622 271 890 324 Γυρολίμνην
923 269 1228 322 στρεφομένοις.
1285 267 1358 308 καί
1383 267 1422 309 οἶ
1450 271 1525 321 μὲν
1555 274 1606 313 ου’
1634 271 1713 326 χά-

282 353 378 392 ρακι
406 337 558 377 ἐπίπαν
596 333 669 376 καί
705 331 871 385 ὁ’πλοις,
903 335 971 390 ’τῷ
1001 334 1046 373 δὲ
1075 332 1282 388 περιβόλῳ
1311 334 1385 387 τῆς
1413 332 1571 383 πόλεως
1596 337 1714 391 ἡμῶν

282 403 531 454 διείργοντο·
599 399 621 441 ὃ
661 400 707 440 δὲ
733 397 934 452 βασιλεύς
957 397 1140 448 Ἀλέξιος
1168 397 1300 439 πάλαι
1326 401 1640 453 τεθησαυρικιός
1657 403 1715 444 ‘s'v

240 470 328 522 (ζτῇ
356 466 477 520 ψυχῇ
503 462 576 519 τήν
613 462 751 520 φυγὴν
778 462 851 505 καί
875 460 986 510 ἅπας
1014 462 1143 516 αὔτῆς
1170 461 1387 516 γενόμενος
1415 460 1717 520 ὥπλοφόρησεν

278 533 470 582 οὐδαμοῦ
479 563 490 582 ,
520 532 613 571 οὐδ’
640 531 918 582 ἀντιμέτωπος
949 523 1192 583 ὤφθητοῖς
1218 526 1398 582 ἔξωθεν,
1426 527 1534 570 ozam
1565 528 1752 586 θεατὴςὸ

276 599 358 638 τῶν
383 597 607 650 δρωμένων
636 592 841 649 ἐκάθητο,
884 592 981 642 τούς
1010 592 1311 648 ιῖπερυψήλους
1339 593 1496 646 δόμους
1524 594 1653 638 ἀνιών
1679 597 1723 638 οἳ

278 664 352 717 τῆς
380 662 423 712 ἐξ
448 661 698 714 Ἀλαμανιόν
724 658 941 715 δεσποίνης
979 659 1278 713 κικλήσκονται.
1307 658 1347 700 οἱ
1376 660 1423 701 δέ
1449 675 1495 714 γε
1527 660 1626 716 περὶ
1648 660 1720 704 τὸν

277 727 455 781 βασιλέα
481 727 684 768 οἰκειακοί
705 741 751 766 τε
782 726 856 766 καί
882 729 1106 778 συγγενεῖς,
1137 721 1312 766 ὄσονοῦν
1340 723 1564 780 ἆγηοχότες
1593 724 1720 782 στρά-

279 807 414 844 τευμα
445 789 614 833 ἱππικὸν
644 792 716 832 καί
734 794 887 845 μοῖραν
914 787 1148 843 εὐάριθμον
1177 786 1345 844 πεζικήν
1362 822 1374 843 ,
1403 791 1448 831 ἐκ
1472 791 1722 845 διαλειμμά-

278 874 364 899 των
393 856 589 914 ἐξῄεσαν,
627 854 753 910 μόνον
796 857 846 896 ου’
874 855 1125 911 προθέμενοι
1153 853 1355 897 δεικνύειν
1382 854 1441 911 μὴ
1465 854 1621 912 ἔρημον
1650 859 1722 900 α’ν-
1739 873 1784 898 ιο

279 922 463 977 Quium»
504 921 578 976 τὴν
606 921 729 963 πόλιν
767 917 876 963 εἶναι
908 921 1186 962 παντάπασιν.
1252 919 1468 970 ἐπελάσεις
1511 923 1648 964 τοίνυν
1675 925 1722 974 ἐξ

279 990 508 1042 ἐπιδρομῆς
530 987 701 1040 μερικαί
728 986 801 1029 καί
820 989 1096 1035 διακοντίσεις
1123 986 1305 1028 ἱπποτῶν
1332 986 1434 1041 πρὸς
1455 987 1606 1039 ἱππέας
1633 991 1720 1031 κατ’

283 1051 511 1108 έρεθισμόν
542 1055 614 1094 καί
642 1055 763 1108 ζῆλον
789 1051 986 1107 ἀνδρείας
1018 1051 1216 1101 πολλάκις
1243 1054 1316 1107 τῆς
1342 1052 1502 1108 ἡμέρας
1528 1057 1722 1107 συνέβαι-

240 1130 353 1163 Βνον
378 1114 658 1172 ἑκατέρωθεν·
714 1116 788 1159 καί
812 1113 920 1171 ἦσαν
938 1117 1009 1158 ἐπὶ
1032 1116 1189 1165 τούτοις
1218 1116 1294 1158 οὐκ
1319 1116 1464 1173 ἀγεννῆ
1493 1117 1543 1160 τοὶ
1573 1119 1722 1174 ἡμέτε-

285 1200 340 1237 ρα
358 1215 368 1234 ,
398 1181 471 1224 καί
493 1180 677 1235 μάλιστα
709 1180 829 1236 ἡνίκα
860 1181 1148 1236 διεστρατήγει
1182 1181 1253 1223 τὸν
1280 1179 1460 1236 πόλεμον
1490 1182 1514 1224 ὅ
1541 1186 1618 1224 τοῦ
1644 1187 1723 1237 βα-
1741 1185 1786 1227 15

283 1250 431 1297 σιλέως
459 1246 647 1302 γαμβρὸς
677 1245 898 1302 Θεόδωρος
926 1245 948 1287 ὅ
978 1245 1229 1301 Λάσκαρις·
1259 1242 1378 1297 οὗτος
1406 1247 1487 1302 γάρ
1519 1247 1723 1303 ῥαγδαιό-

282 1329 404 1368 τερον
434 1310 772 1366 συμπλεκόμενος
798 1308 906 1354 εἶναι
943 1311 1015 1353 καί
1039 1311 1153 1365 παρὰ
1180 1309 1403 1364 Ῥωμαίοις
1431 1314 1624 1367 α’ρεϊκοὺς
1652 1309 1726 1356 ἅν·-

283 1381 386 1433 δρας
417 1383 502 1426 τοῖς
531 1379 734 1427 Λατίνοις
778 1378 823 1419 ἐκ
852 1377 935 1418 τῶν
965 1375 1097 1432 ἔργων
1124 1376 1355 1432 ἐξέφαινεν.
1411 1377 1518 1419 ἄλλα
1548 1378 1622 1420 καί
1650 1394 1723 1420 πε..

285 1446 366 1495 ζῶν
393 1445 634 1500 ἐκπηδςὸσαι
659 1442 858 1495 δυνάμεις
886 1443 929 1490 ές
958 1439 1033 1496 τὴν
1060 1437 1228 1484 αι’)’λειον
1255 1443 1439 1495 μάλιστα
1468 1439 1521 1497 ἣν
1548 1441 1727 1499 εἰρήκει-

283 1525 362 1562 μεν
403 1514 487 1557 τοῖς
533 1508 731 1556 ἐναντίοις
758 1509 1051 1562 προσέβαλλον.
1109 1502 1159 1560 ἦν
1188 1508 1234 1548 δὲ
1263 1510 1338 1548 καί
1362 1506 1444 1548 α’πὸ
1474 1510 1556 1549 τῶν
1578 1524 1723 1563 πετρο-
1736 1527 1788 1553 20

283 1572 420 1629 βόλων
458 1571 770 1629 μηχανημάτων
810 1569 1091 1628 οἷχρειούμενα
1123 1570 1173 1613 τὰ
1218 1574 1437 1625 βασίλεια,
1478 1574 1651 1628 ἐνιαχοῦ
1678 1576 1725 1617 δὲ

379 1703 412 1746 4.
440 1700 644 1747 γινόμενος
668 1702 706 1734 A.
814 1711 864 1733 ιι.
892 1698 1102 1747 ἐπελάσεις]
1148 1699 1325 1745 ἐγένοντο
1362 1696 1432 1735 οὖν
1457 1702 1544 1733 καθ’
1566 1700 1726 1743 ἑκάστην

379 1749 523 1794 ἡμέραν
557 1747 837 1794 ἄνεμοπόλεμοι
871 1749 934 1780 καὶ
970 1748 1194 1794 συμπλοκαὶ
1217 1747 1485 1791 καβαλλαρικαί
1505 1748 1542 1781 Β.
1673 1760 1724 1792 ¹7·

378 1791 567 1842 α’ρεΐκοὺς]
595 1793 895 1840 α’νδρειωμένους
919 1793 956 1825 Β.
1119 1803 1177 1827 20.
1202 1795 1265 1826 καὶ
1289 1787 1363 1827 α’πό
1391 1795 1467 1828 ταῖν
1492 1795 1627 1837 ιείχων
1654 1797 1724 1828 τοῦ

379 1841 546 1886 κᾶστρου
589 1840 651 1881 τῆς
681 1840 824 1878 πόλεως
860 1842 993 1877 λίθους
1024 1833 1123 1895 μετὰ
1160 1840 1234 1873 τῶν
1267 1842 1495 1884 τετραραίων
1528 1839 1726 1885 ῥίπτοντες

379 1882 465 1925 τοὺς
492 1889 665 1933 λατὶνους
688 1888 916 1928 ἐξέπληττον.
964 1888 1061 1930 πλην
1097 1887 1161 1919 καὶ
1187 1877 1295 1920 οὗτοι
1318 1881 1382 1920 διαὶ
1408 1888 1482 1920 τῶν
1504 1887 1724 1933 μηχανημά-

379 1946 455 1969 των
486 1935 539 1968 ὥν
571 1935 754 1976 ἐποίησαν
776 1934 906 1971 λίθους
938 1935 1003 1967 καὶ
1029 1933 1138 1966 αὐτοὶ
1162 1931 1357 1978 ῥίπτοντες
1379 1934 1558 1971 κατέλυον
1577 1931 1622 1968 τὰ
1651 1945 1724 1968 πα-

382 1980 501 2015 λάτια.
518 1981 555 2013 Β.

290 2076 526 2111 tabernacula
563 2075 783 2115 cernebant,
819 2081 854 2109 et
881 2085 975 2120 pene
1015 2075 1175 2120 colloqui
1208 2078 1377 2119 poterant
1414 2085 1493 2107 cum
1522 2075 1566 2108 iis
1590 2075 1651 2121 qui
1681 2076 1727 2109 ad

291 2124 536 2167 Gyrolimnam
559 2122 811 2164 versabantur3
839 2123 979 2154 necilli
1004 2121 1099 2154 vallo
1126 2127 1163 2155 et
1187 2122 1292 2154 armis
1322 2121 1386 2154 sed
1410 2121 1599 2154 moenibus
1627 2121 1726 2155 urbis

291 2181 311 2202 a
334 2170 440 2202 nobis
481 2169 806 2213 distinguebantur.
835 2174 1015 2201 caeterum
1049 2168 1244 2212 imperator
1275 2168 1445 2208 Alexius,
1481 2168 1543 2212 qui
1584 2167 1726 2212 pridem

291 2217 410 2260 fugam
449 2217 567 2249 animo
606 2215 804 2248 destinarat
840 2215 877 2247 in
908 2225 1022 2260 eaque
1055 2220 1152 2247 totus
1189 2219 1281 2255 erat,
1317 2225 1491 2258 nusquam
1517 2224 1613 2246 arma
1640 2215 1726 2248 tulit

291 2273 410 2307 neque
434 2263 471 2294 in
496 2262 608 2294 aciem
633 2268 755 2295 contra
784 2262 905 2293 hostes
926 2261 1083 2306 prodiit,
1108 2260 1171 2293 sed
1196 2266 1373 2305 spectator
1397 2259 1530 2293 assedit
1555 2271 1726 2293 conscen-

293 2310 340 2342 sis
366 2309 548 2341 altissimis
577 2308 741 2350 aedibus,
769 2319 861 2352 quae
887 2308 931 2339 ab
951 2308 1227 2340 Alemannorum
1255 2306 1398 2339 domina
1421 2317 1553 2339 nomen
1578 2306 1724 2340 hahent.

293 2356 370 2389 eius
394 2366 477 2387 vero
517 2355 711 2387 familiares
748 2359 785 2387 et
809 2354 948 2398 cognati
975 2365 1053 2386 cum
1090 2358 1369 2398 quantocunque
1396 2353 1559 2396 equitatu
1589 2358 1626 2385 et
1650 2354 1727 2386 exi-

293 2413 360 2446 guo
385 2401 548 2446 peditatu
573 2411 637 2444 per
662 2400 850 2433 intervalla
879 2399 1043 2440 exibant,
1075 2405 1215 2432 tantum
1242 2409 1315 2431 non
1341 2403 1380 2430 ut
1405 2399 1638 2432 ostenderent
1664 2411 1726 2432 ur-

292 2449 374 2481 bem
418 2447 624 2480 hominibus
661 2458 734 2479 non
778 2447 923 2478 omnino
962 2457 1038 2478 esse
1063 2457 1220 2478 vacuam.
1249 2455 1354 2488 saepe
1379 2445 1488 2488 igitur
1514 2445 1638 2478 eodem
1665 2445 1726 2479 (lie

292 2495 463 2539 utrinque
487 2493 650 2526 cohortes
674 2493 814 2537 aliquot
842 2493 933 2524 levia
959 2492 1138 2535 equestria
1167 2491 1360 2524 certamina
1386 2492 1627 2525 aemulatione
1651 2493 1725 2526 for-

292 2541 460 2574 titudinis
487 2540 689 2580 faciebant3
716 2549 785 2583 qua
810 2539 847 2570 in
868 2549 904 2571 re
927 2538 1040 2571 nostri
1056 2537 1150 2569 haud
1175 2537 1330 2581 segniter
1354 2549 1390 2570 se
1415 2538 1598 2581 gerebant,
1620 2549 1725 2583 prae-

293 2589 415 2621 sertim
440 2598 519 2620 cum
543 2585 766 2630 imperatoris
793 2595 899 2628 gener
931 2583 1144 2616 Theodorus
1171 2584 1329 2616 Lascaris
1355 2585 1474 2629 copias
1503 2584 1668 2618 ducebat.
1695 2585 1726 2618 is

295 2636 390 2671 enim
414 2644 540 2678 magno
564 2634 699 2678 impetu
726 2631 846 2664 invehi
871 2630 998 2664 solitus
1024 2642 1060 2662 re
1085 2631 1162 2674 ipsa
1186 2629 1340 2662 docebat
1368 2631 1512 2664 Latinos
1537 2631 1632 2676 apud
1655 2633 1725 2664 Ro-

294 2692 416 2714 manos
453 2691 598 2725 quoque
632 2679 726 2712 viros
758 2678 870 2710 sortes
896 2677 1053 2720 reperiri.
1094 2676 1158 2708 sed
1184 2682 1219 2709 et
1247 2677 1407 2720 peditum
1433 2678 1598 2711 cohortes
1626 2678 1662 2710 in
1688 2677 1726 2710 id

296 2727 394 2773 quod
428 2727 581 2760 diximus
616 2724 832 2760 vestibulum
869 2734 1029 2768 egressae
1063 2722 1183 2757 hostes
1224 2723 1457 2757 lacessebant.
1484 2724 1622 2769 -palatia
1649 2735 1725 2757 ma-
