1878 3230
464 207 537 247 m:
572 202 893 246 ANDRomco
933 203 1193 246 commo
1231 205 1332 245 mn.
1357 205 1410 245 11.
1543 182 1659 258 459

232 321 393 374 τένθης,
414 315 517 358 ἄλλα
539 312 648 356 κατὰ
677 312 776 361 τούς
798 312 1042 367 Ὁμηρικούς
1060 309 1201 367 ἥρωας
1225 311 1505 367 μάλιιφιατοῖς
1522 311 1662 360 ὅπτοῖς

230 386 469 442 προσέκειτο
495 384 552 438 τῷ
576 380 703 433 πυρί,
732 375 832 419 ὅθεν
863 379 953 418 οόδ’
982 377 1256 432 ἐρυγγάνοντα
1283 393 1347 427 τις
1378 372 1506 419 αύτόν
1535 374 1666 418 ἔθεσί-

230 465 348 493 σατο.
413 447 502 488 ἀλλ’
540 443 585 486 εἴ
605 459 702 485 ποτε
740 443 988 497 πλημμελῶς
1021 438 1109 496 εἶχε
1147 442 1385 496 στομάχου,
1423 443 1660 500 πανημερίῳ

228 515 343 572 μόγῳ
369 529 414 556 τε
441 512 513 553 καί
539 510 705 566 νηστείᾳ
735 509 808 549 καί
845 506 892 548 τὸ
929 508 1122 562 βραχέως
1154 509 1348 561 ἐνοχλοῦν
1387 506 1674 562 α’πεκρούετο,

192 581 365 635 ὄψωμῷ
397 573 529 632 ἄρτου
557 576 631 616 καί
656 572 768 615 οἴνου
794 570 1024 626 κεράσματι
1053 571 1270 627 κλινούσης
1296 574 1366 628 τῆς
1387 572 1546 627 ἡμέρας
1571 573 1663 614 ἐπι-

226 646 389 700 μετρῶν
414 639 492 696 τήν
527 639 757 695 θεραπείαν
792 639 868 679 τοῦ
899 636 1106 690 σώματος.
1166 638 1317 679 οὐκοῦν
1343 639 1436 679 οὐδ’
1462 633 1662 694 ἀντιδότῳ

226 707 436 766 ἐχρήσατο
472 705 639 748 πώποτε
671 705 712 745 εἰ
739 701 796 758 μὴ
827 699 938 754 ἅπαξ
962 704 1006 745 ἐν
1031 705 1079 758 τῇ
1108 704 1322 761 βασιλείᾳ,
1352 702 1426 745 καί
1452 701 1546 745 τότε
1577 705 1662 745 τῶν

226 776 382 830 ιάτρῶν
409 773 469 820 εἷς
502 772 625 813 τοῦτο
651 767 964 824 ἐποτρυνάντων
991 763 1165 822 ἄκοντα,
1192 771 1416 826 φαμένων,
1438 769 1478 810 εἰ
1502 770 1576 809 καί
1598 766 1658 823 μὴ

227 843 280 883 δι’
305 837 574 893 ἑνσκήψασαν
613 836 878 890 καχέκτησιν,
923 835 1014 876 ἀλλ’
1044 828 1119 876 οὖν
1156 836 1428 890 προφυλακῆς
1456 834 1584 889 χάριν
1611 832 1655 876 τό
1670 837 1706 874 Ρ.
1721 838 1789 873 226

166 924 214 951 1ο
228 902 429 958 ἀνύσιμον
452 901 591 957 χρεών
616 901 974 957 προσενέγκασθαι
1005 897 1240 956 φάρμακον.
1311 898 1419 941 πιών
1445 901 1583 941 τοίνυν
1609 898 1656 941 τὸ

224 969 457 1025 καθάρσιον
481 966 656 1023 βράδιον
683 964 757 1007 καί
781 964 881 1019 περὶ
908 963 1083 1007 δύνοντα
1114 961 1229 1019 ἥλιον
1258 965 1491 1007 α’πεκένωσέ
1518 980 1561 1006 τι
1586 966 1661 1006 τοῦ

223 1038 269 1080 ἐν
296 1037 432 1092 φλεψὶ
455 1031 785 1089 περιττώματος,
814 1029 920 1074 ὥστε
957 1030 1031 1072 κάἰ
1056 1028 1162 1086 πρὸς
1189 1030 1288 1081 τούς
1317 1030 1551 1087 φάσκοντας
1577 1031 1660 1072 τῶν

222 1100 401 1157 ἑταίρων
445 1102 507 1143 ἐπ’
541 1101 681 1156 ἐκείνῳ
714 1096 879 1139 οἴεσθαι
904 1095 1062 1146 πάντας
1088 1095 1132 1138 τὸ
1165 1095 1434 1152 παλαίφατον
1459 1097 1658 1149 λελέχθαι

223 1170 345 1209 τοῦτο
371 1164 661 1222 χρησμιρδημα
681 1159 1028 1218 ,,δρεπανηφόρε,
1045 1159 1300 1217 τετράμηνόν
1314 1176 1360 1203 σε
1375 1161 1488 1214 μένει
1500 1163 1536 1214 ,”
1567 1162 1659 1202 ἐπι-

165 1238 211 1278 15
224 1234 395 1286 μειδιῶν
411 1230 522 1285 ἔλεγε
543 1227 854 1283 διαψεύδεσθαι
870 1225 1102 1283 προδήλως·
1134 1224 1264 1276 αὐτὸς
1283 1225 1361 1281 γὰρ
1380 1228 1452 1269 καί
1466 1225 1660 1269 ἐνιαυτὸν

222 1295 315 1341 ὅλον
349 1296 540 1354 νοσηλείᾳ
568 1296 742 1352 παντοίᾳ
767 1296 843 1336 τοῦ
881 1293 1077 1346 σώματος
1109 1294 1364 1348 διαρκέσειεν
1387 1288 1438 1334 ἂν
1463 1307 1657 1348 προσπα..

221 1362 372 1418 λαίων,
391 1365 446 1420 τῷ
475 1361 679 1418 ῥωμαλέῳ
708 1358 921 1408 πεποιθώς
949 1361 1025 1401 τοῦ
1054 1357 1267 1411 σώματος,
1294 1357 1368 1400 καί
1393 1356 1656 1415 φανταζόμε-

220 1445 316 1483 νος,
346 1429 404 1479 ὦς
441 1427 594 1479 ἔοικεν,
622 1425 679 1475 ὥς
704 1426 879 1482 μαλακῷ
905 1422 1075 1482 θανάτῳ
1105 1422 1338 1479 δαμὴσεται
1366 1424 1440 1466 καί
1465 1426 1655 1481 εἶρηνικιξὶ

220 1498 328 1549 τέλει
352 1498 618 1549 συμπερανεῐ·
638 1490 712 1547 τήν
742 1490 864 1546 ζωήν,
894 1490 967 1546 τὴν
996 1492 1032 1532 δ’
1062 1491 1250 1532 ἐναντίαν
1276 1489 1470 1546 τελευτήν
1498 1487 1527 1546 ἢ
1551 1486 1695 1532 ἒκώνΒ

157 1576 210 1601 20
223 1557 657 1616 α’ποπροσποιούμενος
683 1553 712 1612 ἢ
753 1557 812 1612 μή
840 1554 943 1598 κατὰ
962 1558 1062 1598 νοῦν
1090 1553 1196 1606 ὅλως
1226 1554 1492 1610 βαλλόμενος.
1522 1558 1659 1597 καίτοι

222 1626 336 1680 λόγος
363 1626 569 1682 διαρρέων
594 1625 668 1666 καί
693 1625 736 1672 ές
763 1621 873 1677 ἡμᾶς
900 1623 1032 1676 ἵκετο,
1060 1622 1116 1670 ὥς
1144 1623 1280 1664 ἳππων
1310 1621 1512 1676 ἀγομένης
1537 1618 1658 1674 ἁμίλ-

221 1695 295 1745 λης
323 1693 504 1739 ἐκτείνας
522 1689 598 1744 τὴν
623 1694 747 1744 χεῖρα
769 1684 1033 1741 Ἀνδρόνικος
1060 1686 1246 1744 δακτύλῳ
1275 1687 1464 1738 ὑπέδειξε
1481 1684 1537 1744 τῷ
1563 1688 1657 1736 ἑξα-

222 1757 362 1814 δέλφῳ
401 1755 473 1798 καί
506 1758 678 1809 βασιλεῖ’
706 1751 915 1807 Μανουὴλ
949 1751 1050 1801 τούς
1092 1753 1230 1801 κίονας
1271 1746 1332 1793 ὧν
1370 1750 1496 1800 αὐτὸς
1530 1753 1659 1804 μέσον

315 1867 472 1913 4.μο’γῳ
497 1878 528 1901 τ.
542 1877 575 1900 κ.
592 1864 707 1912 νηστ.]
738 1864 934 1919 γυμνασία
961 1863 1024 1897 καὶ
1050 1863 1180 1897 ἀσιτία
1208 1863 1248 1899 Δ.
1357 1875 1389 1908 7.
1414 1859 1529 1909 ἅπαξ]
1563 1864 1658 1909 μίαν

315 1912 446 1960 φορὰν
470 1914 510 1948 Δ.
587 1913 638 1947 13.
662 1910 819 1958 πάντας]
847 1922 935 1947 τους
962 1909 1124 1948 πολλοὺς
1150 1912 1191 1945 Δ.
1281 1911 1386 1944 τουτὶ
1411 1910 1589 1956 λελέχθαι
1616 1913 1658 1944 A.

323 1963 374 1995 15.
397 1962 460 1994 καὶ
488 1965 525 1994 et
548 1961 618 1994 τοῦ
642 1963 726 1992 ante
755 1967 849 2004 σωμ.
874 1968 931 1990 om
954 1958 995 1992 A.
1074 1959 1126 1992 18.
1147 1957 1334 2003 μαλθακῷ
1361 1956 1401 1992 A.

224 2072 288 2096 rax
310 2071 430 2106 neque
456 2060 567 2094 bibax
597 2064 686 2101 erat,
713 2059 776 2094 sed
803 2064 844 2092 ut
868 2058 1048 2092 Homerici
1073 2058 1214 2099 heroes,
1243 2069 1320 2091 assa
1352 2057 1566 2103 plerumque
1599 2069 1662 2092 ve-

222 2108 403 2142 scebatur.
443 2107 541 2141 unde
565 2118 671 2141 nemo
711 2118 793 2140 eum
821 2111 1021 2139 ructantem
1044 2105 1194 2139 audivit.
1231 2105 1261 2138 si
1285 2104 1431 2150 quando
1461 2116 1505 2137 ex
1528 2110 1661 2138 stoma-

223 2155 291 2191 cho
314 2154 528 2194 laborabat,
569 2155 682 2187 totius
718 2153 792 2186 diei
818 2152 1076 2186 exercitatione
1101 2157 1138 2185 et
1165 2151 1303 2185 ieiunio
1327 2151 1386 2185 vel
1410 2152 1576 2195 exiguum
1605 2152 1661 2185 sa-

222 2201 372 2236 stidium
399 2201 645 2247 propulsabat.
666 2199 726 2233 die
751 2199 797 2233 ad
815 2210 979 2232 occasum
991 2203 1161 2243 vergente
1178 2199 1294 2232 frusto
1322 2199 1425 2243 panis
1452 2204 1489 2231 et
1515 2198 1658 2232 modico

220 2249 306 2282 vino
339 2259 467 2293 corpus
504 2247 699 2281 recreabat.
725 2245 889 2280 antidoto
922 2256 987 2290 per
1012 2256 1153 2279 omnem
1184 2251 1338 2280 aetatem
1362 2256 1548 2289 nunquam
1573 2257 1659 2279 usus

222 2300 302 2335 est,
329 2295 400 2328 nisi
428 2293 513 2327 dum
543 2294 734 2339 imperavit
775 2292 905 2332 semel,
929 2291 1040 2337 idque
1064 2293 1217 2333 invitus,
1243 2292 1388 2325 hortatu
1411 2291 1631 2326 medicorum
1648 2317 1658 2333 ,

222 2341 344 2386 quod,
368 2346 410 2374 ut
434 2341 612 2374 habitudo
648 2340 806 2384 corporis
847 2338 966 2372 adhuc
988 2340 1127 2383 integra
1153 2344 1268 2379 esset,
1298 2344 1418 2371 tamen
1447 2338 1492 2371 ad
1514 2338 1659 2372 morbos

222 2387 262 2422 in
284 2393 468 2434 posterum
504 2386 769 2432 praecavendos
804 2385 983 2419 medicina
1019 2385 1216 2430 prodesset.
1243 2385 1457 2430 purgatione
1486 2385 1658 2418 exhausta

222 2444 301 2467 sero
340 2434 406 2468 sub
440 2445 603 2468 occasum
638 2434 723 2467 solis
765 2432 935 2466 nonnihil
968 2432 1248 2466 redundantium
1281 2432 1319 2465 in
1342 2433 1443 2465 venis
1468 2431 1657 2473 humorum

223 2481 362 2524 egessit.
401 2481 525 2526 itaque
561 2493 641 2514 cum
682 2480 788 2513 amici
821 2479 997 2513 dixissent
1029 2484 1132 2512 vetus
1166 2477 1260 2512 illud
1290 2479 1473 2512 oraculum
1504 2478 1551 2511 ad
1575 2489 1657 2511 eum

221 2526 423 2571 pertinere:
445 2533 507 2567 „te
533 2527 807 2572 quadrimestre,
834 2525 985 2566 falcifer,
1012 2530 1152 2570 tempus
1176 2526 1330 2566 manet,''
1354 2524 1514 2558 arridens
1541 2524 1656 2556 omni-

222 2582 271 2608 no
300 2583 359 2606 eos
384 2573 463 2606 falli
488 2574 676 2619 respondit
699 2575 753 2618 (se
778 2573 874 2605 enim
898 2572 1014 2607 omnis
1039 2572 1178 2617 generis
1202 2572 1336 2605 morbis
1360 2572 1419 2605 vel
1442 2582 1574 2604 annum
1599 2570 1656 2604 in-

222 2623 360 2662 tegrum
389 2620 553 2654 resistere
576 2620 708 2666 posse),
730 2619 868 2653 viribus
893 2619 1054 2664 corporis>
1076 2619 1200 2659 fretus,
1231 2618 1393 2663 falsaque
1422 2628 1495 2661 spe,
1525 2621 1566 2649 ut
1591 2627 1656 2660 ap-

220 2669 336 2710 paret,
352 2672 536 2709 concepta,
559 2678 596 2700 se
620 2667 693 2700 leni
707 2672 821 2700 morte
838 2671 876 2698 et
892 2666 1089 2710 tranquilla
1108 2665 1304 2705 obiturum,
1326 2665 1486 2697 violento
1506 2663 1656 2695 interitu

224 2711 284 2743 vel
309 2711 404 2746 ultro
443 2711 666 2746 dissimulato
707 2713 763 2746 vel
800 2713 906 2757 plane
934 2723 1007 2745 non
1035 2712 1201 2756 cogitato.
1226 2722 1431 2756 quanquam
1455 2709 1655 2753 accepimus

226 2768 307 2791 eum
340 2757 435 2791 ludis
474 2757 700 2794 Circensibus
736 2764 882 2793 extensa
919 2769 1026 2792 manu
1060 2757 1267 2803 imperatori
1304 2755 1464 2791 manueli
1499 2756 1655 2802 patrueli
