1838 3210
489 176 558 214 DE
595 175 848 215 MANUELE
888 173 1149 216 coMNENo
1191 176 1289 216 Lm.
1331 177 1385 215 11.
1550 153 1654 208 123

223 270 378 313 Παίων
406 275 575 326 μεγέθει
601 274 790 327 μέγιστος
817 271 886 313 καὶ
923 273 1113 327 α’νὸρεῖον
1141 274 1383 329 προφαίνων
1408 274 1550 326 Ψυχῆς
1577 286 1657 312 πα·

221 335 434 391 ράστημα,
471 340 556 380 τῶν
585 334 722 380 ἄλλων
749 336 1010 387 ἅποὸιαστάς
1046 340 1089 386 ἐς
1117 336 1246 380 αὐτὸν
1270 337 1344 380 τόν
1369 337 1547 391 βασιλέα
1574 339 1657 390 θυ-

217 402 286 458 μῷ
302 403 490 458 φέρεται.
521 402 541 444 ὃ
567 404 613 445 δὲ
631 404 776 444 τοῦτον
802 402 984 451 ὑποστὰς
1010 406 1052 452 ἐς
1081 402 1124 444 τὸ
1158 406 1286 456 μέσον
1310 403 1393 445 τῶν
1419 404 1656 459 ὀφθαλμῶν

216 463 260 507 τό
282 469 400 522 ξίφος
418 469 535 525 διελᾷ
559 470 632 509 καί
653 467 852 523 ἀφίστησι
869 470 939 522 τῆς
960 469 1077 522 ζωῆς.
1106 467 1284 518 πολλοὺς
1311 469 1450 510 τοίνυν
1476 469 1655 523 ζωγρίας

181 529 359 585 ὅλαβών
395 533 471 574 καί
509 530 761 588 πραγμάτων
789 532 863 574 οὒκ
891 532 1040 586 ὀλίγων
1083 530 1300 587 γενόμενος
1321 532 1524 589 ἐγκρατής
1549 532 1655 587 πρὸς
1666 541 1784 587 V.49'

215 595 288 650 τὴν
302 598 502 650 βασιλίδα
523 595 641 639 πόλιν
668 596 892 641 ἐπάνεισιν.
949 600 992 646 ἐς
1018 600 1059 639 δ”
1089 595 1188 640 ὅσον
1215 603 1408 640 πλεῖστον
1437 594 1694 652 ἇπομηκύ-(ἶ

216 677 290 710 νας
317 661 384 703 τὸν
410 665 642 718 θρίαμβον,
672 662 948 718 λαμπρότατα
978 663 1035 712 ὥς
1065 665 1160 718 ἐνῆν
1187 663 1257 706 διὰ
1287 665 1369 706 τῶν
1395 665 1468 718 τῆς
1497 663 1655 712 πόλεως

215 725 421 782 α’μφόδων
447 727 718 781 ἐπόμπευσεν.
774 729 1031 783 ὑπερεξῆραν
1071 730 1116 770 δὲ
1144 727 1219 784 τήν
1243 731 1467 784 τηνικαῦτα
1494 727 1655 783 κομψό-

213 807 316 846 τητα
345 794 419 846 τῆς
445 796 610 847 πομπῆς
653 796 737 835 ταῖν
781 789 982 848 Οόγγρων
1025 791 1064 835 οἱ
1092 798 1250 843 νεαλεῖς
1278 792 1351 835 καί
1376 796 1458 835 τῶν
1486 796 1655 848 Σέρβιον

157 877 202 903 10
216 857 253 898 οἱ
280 858 539 913 δορυάλωτοι
556 891 565 909 ,
597 858 746 907 στολὰς
771 860 1046 914 ἑνησθημένοι
1074 857 1270 914 λαμπρὰς
1287 860 1362 900 καί
1387 856 1492 913 ὑπὲρ
1521 856 1654 912 τύχην

215 921 430 977 ἐρωμένας
453 922 733 978 αἰχμάλωτον,
757 926 962 977 βασιλέως
984 924 1113 975 αὐτάς
1136 927 1484 980 παρασχομένου,
1517 923 1575 971 ὥς
1601 922 1654 964 ἂν

213 985 275 1043 εἴη
295 991 367 1031 καί
385 991 579 1032 ἐντεῦθεν
599 990 625 1046 ἦ
643 991 733 1045 νίκη
752 992 964 1045 περίδοξος
988 990 1061 1032 καί
1085 996 1168 1040 τοῖς
1193 992 1382 1040 πολίταις
1411 989 1553 1038 αὐτοῖς
1580 988 1651 1030 διὰ

211 1051 434 1108 θαύματος
455 1057 529 1097 καί
547 1052 637 1098 ὅσοι
655 1054 713 1109 μὴ
737 1057 918 1108 ἐνδαποί,
951 1055 1008 1105 ὥς
1028 1056 1194 1111 ἀνδρῶν
1212 1057 1522 1108 κεχειρωμένων
1548 1053 1651 1095 κατὰ

210 1117 282 1161 τὸν
308 1119 487 1173 πόλεμον
510 1123 591 1163 τῶν
626 1122 671 1162 ἐκ
698 1123 840 1175 γένους
869 1119 1077 1176 ἐπισήμου
1105 1121 1179 1163 καί
1205 1122 1331 1171 ἅξίων
1357 1123 1435 1161 τοῦ
1461 1122 1653 1174 περιβλέ-

155 1188 382 1234 ιΒπεσθαι.
436 1186 690 1242 θαυμαστὴν
728 1189 767 1228 δ’
794 1189 923 1228 ἐποίει
951 1185 1027 1241 τήν
1057 1186 1153 1228 τότε
1182 1188 1398 1239 πομπαίαν
1421 1183 1652 1240 πανήγυριν

209 1252 283 1292 καί
305 1249 350 1293 τό
388 1251 448 1307 μὴ
477 1254 673 1307 παριέναι
714 1252 900 1308 ἀθρόους
921 1251 1026 1302 ’τούς
1050 1250 1376 1306 αἰχμαλώτους,
1405 1249 1512 1293 α’λλά
1543 1249 1646 1292 nard

208 1319 445 1372 συμμορίας
489 1318 563 1359 καί
599 1318 645 1359 ἐκ
690 1317 1000 1370 διαλειμμάτων
1039 1314 1287 1372 ἀφεστῶτας
1328 1314 1520 1371 ἀλλήλων
1529 1349 1543 1368 ‚
1590 1313 1690 1363 ὦςί)

209 1383 457 1425 κλέπτεσθαι
495 1382 569 1438 τὴν
612 1378 713 1437 ὄψιν
741 1384 938 1425 ἐντεῦθεν
967 1385 1050 1425 τῶν
1068 1383 1294 1437 θεωμένων
1317 1381 1393 1424 καὶ
1418 1381 1525 1436 ὑπὲρ
1553 1380 1649 1430 τοὺς

209 1441 332 1496 ὄντας
361 1448 458 1497 τους
486 1447 713 1504 παριόντας
734 1450 1036 1504 φαντάζεσθαι.

149 1527 200 1553 20
318 1514 381 1555 Ἐν
406 1511 535 1572 τούτῳ
568 1517 614 1556 δὲ
643 1516 716 1556 καί
730 1516 910 1558 Σκυθῶν
937 1513 1010 1557 τὸν
1029 1511 1194 1570 Ἴστρον
1226 1514 1654 1569 διαπεραιωσαμένων

210 1575 283 1619 καί
307 1576 359 1619 τοὶ
387 1581 483 1634 περί
510 1578 582 1622 τόν
609 1578 794 1633 ποταμὸν
833 1582 976 1622 τοῦτον
1003 1581 1256 1635 ληΐζομένων
1279 1577 1492 1631 Ῥωμαϊκὰ
1519 1575 1652 1633 φρού-

211 1658 309 1694 ρια,
347 1645 564 1687 στέλλεται
603 1648 692 1686 κατ’
729 1646 868 1688 αὐτῶν
907 1645 1168 1698 Καλαμάνος
1194 1661 1267 1694 τις.
1323 1647 1414 1686 ἀλλ’
1442 1639 1564 1692 οὗτος
1591 1642 1650 1697 μή

213 1710 356 1759 δεξιῶς
383 1710 744 1766 διαστρατηγήσας
766 1709 838 1752 τὸν
865 1709 972 1752 κατὰ
1002 1713 1178 1752 Σκυθῶν
1209 1711 1389 1763 πόλεμον
1419 1707 1582 1764 ἡττήθη
1608 1723 1651 1749 τε

304 1814 336 1847 3.
366 1815 514 1863 τοῦτον]
536 1813 733 1850 ιῖντὲπεισι
749 1815 868 1849 τούτω
893 1817 956 1848 καὶ
980 1816 1059 1849 κατ’
1084 1808 1293 1862 ὀφθαλμόν
1307 1812 1348 1848 τὸ
1383 1816 1495 1860 ξίφος
1521 1814 1627 1858 ἐλᾷΛ
1643 1840 1652 1854 ,

307 1860 540 1902 συναντήσας
576 1862 730 1904 πλήττει
767 1863 887 1907 μέσον
911 1865 987 1896 τῶν
1009 1862 1228 1908 ὀφθαλμῶν
1253 1863 1288 1895 Β.
1389 1863 1440 1896 16.
1464 1856 1562 1893 einai
1589 1856 1653 1894 τά-

305 1908 380 1946 ξεις
403 1909 525 1946 τάξεις
541 1909 576 1942 Β.
671 1918 726 1940 20.
746 1908 934 1962 ιὲῑκυιξῐιιῡίι]
968 1907 1132 1954 κόμανοι
1154 1906 1221 1943 τὸν
1244 1907 1448 1951 admonear
1471 1905 1654 1952 διαπερά-

306 1963 436 1991 σαντες
451 1955 487 1986 Β.
584 1956 640 1989 23.
663 1954 773 2002 κατα]
800 1956 875 1989 τῶν
898 1955 937 1988 A.
1217 1969 1222 1972 ·

211 2034 431 2080 provinciam
470 2035 569 2067 illam
592 2035 746 2079 pessime
782 2039 920 2067 tractat.
945 2039 1021 2067 tum
1047 2035 1164 2068 Paeon
1188 2033 1335 2079 quidam
1359 2034 1498 2078 ingenti
1526 2044 1655 2078 corpo-

213 2092 249 2113 re
266 2106 275 2121 ,
299 2085 336 2113 et
357 2081 515 2113 animum
537 2081 771 2114 fortissimum
794 2092 880 2126 prae
904 2092 941 2113 se
967 2081 1106 2122 ferens,
1131 2081 1267 2113 relictis
1291 2082 1443 2113 caeteris
1469 2080 1507 2113 in
1536 2081 1653 2124 ipsum

212 2128 460 2171 imperatorem
498 2129 635 2172 impetu
672 2128 795 2161 fertur.
827 2128 857 2160 is
890 2139 974 2160 vero
1011 2128 1131 2171 gladio
1155 2128 1251 2160 inter
1289 2133 1482 2172 utrumque
1507 2126 1653 2159 oculum

210 2174 362 2206 traiecto
390 2173 583 2206 barbarum
624 2174 774 2216 occidit3
809 2174 1006 2218 multisque
1041 2175 1177 2219 captis,
1211 2179 1248 2207 et
1279 2173 1408 2218 opibus
1432 2184 1505 2206 non
1527 2173 1652 2218 paucis

212 2220 372 2265 potitus,
398 2221 436 2253 in
464 2220 589 2253 urbem
619 2221 884 2265 imperatricem
922 2220 1143 2264 regreditur3
1170 2231 1210 2253 ac
1234 2219 1416 2264 triumpho
1446 2231 1554 2265 quam
1577 2231 1654 2252 ma-

211 2267 307 2299 xime
344 2272 490 2300 extento
525 2267 853 2312 splendidissimam
889 2278 1057 2311 pompam
1089 2278 1154 2312 per
1194 2267 1294 2299 urbis
1329 2267 1498 2299 circuitus
1537 2265 1652 2299 duxit.

214 2313 314 2346 cuius
351 2314 565 2357 elegantiam
583 2314 831 2358 Hungarorum
870 2319 906 2346 et
930 2314 1132 2347 Serviorum
1157 2314 1287 2358 captivi
1315 2314 1568 2353 illustrarunt,
1592 2323 1654 2345 ve-

213 2359 329 2392 atibus
352 2359 660 2404 splendidioribus
686 2372 793 2405 quam
817 2371 882 2405 pro
908 2371 971 2393 sua
997 2361 1206 2394 conditione
1230 2359 1276 2392 ab
1299 2361 1378 2405 ipso
1404 2359 1588 2398 exornati,
1615 2363 1656 2391 ut

213 2416 255 2438 ea
284 2418 429 2452 quoque
454 2418 491 2439 re
518 2407 668 2440 victoria
687 2408 878 2451 gloriosior
905 2412 943 2440 et
968 2407 1106 2440 civibus
1132 2413 1242 2451 atque
1272 2407 1402 2440 exteris
1428 2405 1654 2439 admirabili-

214 2463 255 2484 or
279 2459 397 2494 esset,
439 2454 574 2498 quippe
606 2455 720 2497 captis
746 2454 831 2487 viris
858 2466 899 2486 eo
932 2453 1031 2486 bello
1060 2453 1247 2486 nobilibus
1271 2458 1309 2486 et
1336 2458 1499 2498 spectatu
1525 2451 1652 2494 dignis.

214 2498 306 2531 illud
331 2500 438 2532 etiam
463 2512 614 2544 pompae
630 2501 706 2532 eius
731 2500 1005 2533 admirationem
1022 2501 1134 2540 auxit,
1161 2499 1261 2544 quod
1279 2500 1411 2544 captivi
1434 2510 1507 2532 non
1532 2507 1658 2530 omnes-

214 2555 286 2576 una
324 2545 445 2587 ibant,
482 2546 546 2579 sed
584 2547 622 2579 in
661 2547 790 2580 classes
831 2546 1017 2579 distributi
1043 2552 1152 2591 atque
1177 2546 1378 2579 intervallis
1402 2544 1588 2584 distincti,
1614 2548 1655 2577 ut

215 2593 450 2635 spectantium
479 2593 575 2626 oculi
605 2593 747 2637 decepti
772 2593 944 2626 maiorem
969 2604 1046 2626 esse
1079 2604 1266 2626 numerum
1291 2593 1561 2626 arbitrarentur.

307 2638 448 2671 Interea
478 2638 618 2683 Scythis
645 2641 773 2672 Istrum
789 2641 1016 2683 transgressis
1040 2644 1077 2672 et
1099 2641 1335 2672 Romanorum
1362 2638 1508 2671 castella
1534 2636 1654 2680 ripen-

218 2683 270 2714 sia
294 2685 574 2728 populantibus,
600 2686 811 2720 Calamanus
836 2686 983 2731 quidam
1007 2691 1132 2719 contra
1155 2697 1216 2719 eos
1244 2686 1384 2725 missus,
1410 2695 1490 2716 cum
1516 2682 1653 2715 bellum

215 2729 460 2775 imprudenter
485 2732 763 2773 administraret,
789 2733 864 2766 acie
887 2733 1013 2774 victus,
1038 2733 1234 2779 multisque
1259 2732 1344 2766 viris
1368 2729 1522 2765 sortibus
1546 2729 1652 2764 amis-
