1838 3210
391 201 461 240 DE
500 199 754 241 MANUELE
793 198 1054 240 COMNENO
1093 200 1193 240 LIB.
1231 200 1285 239 11.
1461 198 1560 251 117

129 296 202 338 τοῦ
226 298 397 338 σκοποῦ.
471 295 632 352 ἡμέρας
654 296 734 351 γάρ
765 295 1026 346 διαλιπόντες
1048 296 1162 345 τινάς
1191 294 1566 350 διαπρεσβεέονται

129 361 172 402 οἳ
199 363 415 415 πολέμιοι,
455 364 529 404 καί
555 365 714 405 δέονται
742 360 889 415 καιρὸν
929 359 1070 412 αὐτοῖς
1109 360 1419 419 ὑποχωρήσεως
1445 362 1568 404 ἐνδο-

93 424 110 445 ‘
128 429 280 481 θῆναι,
313 425 369 477 ὧς
396 425 535 470 ὅπλων
563 430 635 468 καὶ
661 429 744 469 τῶν
779 422 916 468 ἄλλων
946 422 1054 480 ἦσαν
1088 425 1267 482 ἔχοντες.
1299 424 1355 476 ὥς
1379 425 1458 482 γὰρ
1488 421 1568 467 ἑώ-

130 508 215 547 ρων
241 495 418 546 βασιλέα
444 495 522 546 μὲν
555 489 630 535 οὖκ
659 488 711 534 ἂν
729 491 887 542 αὐτοῦς
916 493 988 535 ἐπὶ
1005 491 1149 548 χώρας
1176 495 1316 546 μένειν
1343 491 1566 548 ἅνὴσοντα,

94 557 200 608 ὄτὰς
229 560 263 600 δ’
306 560 476 607 ἐλπίδας
503 559 741 613 σχαζούσας
779 559 838 606 εἷς
874 557 991 600 κενὸν
1028 555 1096 608 αἷς
1134 560 1427 613 ε’βουκολοῦντο
1469 559 1569 599 καθ’

130 619 246 679 ὥραν
274 623 352 679 τὴν
380 623 463 666 οἷπό
491 626 569 666 τοῦ
593 622 720 680 ῥηγός
747 624 991 678 ἐπικουρίαν
1018 623 1367 678 προσδεχόμενοι,
1399 619 1489 677 ἅμα
1519 623 1608 665 δὲῦ

129 691 203 730 καί
237 687 309 731 τὸν
346 688 468 743 λιμὸν
507 686 660 739 αὖτούς
704 689 842 744 ἤρέμα
872 690 1213 743 ἐπιβοσκόμενον,
1242 687 1317 743 τήν
1347 689 1568 744 εἰρημένην

129 752 367 809 ἐτράποντο.
423 756 544 810 ἐνῆγε
572 757 618 797 δὲ
644 754 749 810 πρὸς
784 753 829 797 τὸ
858 756 1048 797 τοιοῦτον
1076 754 1262 808 μάλιστα
1292 752 1411 808 ἔργον
1441 751 1461 794 ὃ
1493 769 1570 795 κα-

128 821 347 869 στελλᾶνος
390 819 633 875 Θεόδωρος,
680 819 725 870 ὃς
761 822 835 875 τῆς
866 823 1161 876 φρουραρχίας
1198 821 1450 875 προΐστατο,
1493 819 1569 859 ov'x

35 914 38 916 -
71 881 188 930 100'311
216 883 404 938 αἱμάτων
432 885 538 941 ἀνὴρ
569 884 674 927 α’λλοὶ
705 887 778 940 τῆς
805 882 954 940 ἀγέλης
981 885 1103 927 πλέον
1132 887 1339 941 Χριστοῦ,
1368 885 1441 926 καί
1466 899 1569 938 προ-

127 950 262 999 τιθείς
289 951 455 1007 εἰρήνην
481 953 556 1005 τῆς
584 949 861 1002 διαστάσεως,
889 953 963 993 καί
990 950 1277 1007 φιλορώμαιος
1294 983 1306 1003 ,
1336 949 1392 999 ὥς
1417 948 1573 998 ἔδειξεν

127 1013 316 1070 ὕστερον.
372 1015 572 1069 βασιλεύς
598 1016 739 1059 τοίνυν
764 1013 866 1059 οἷσίν
893 1013 1068 1058 ἑστῶσιν
1095 1015 1280 1064 οἰκούσας
1306 1014 1380 1070 τήν
1408 1014 1572 1068 ἀγγελί-

127 1096 200 1132 αν,
240 1079 376 1134 ἐζήτει
415 1080 661 1124 θεάσασθαι
698 1080 770 1124 καί
805 1082 938 1136 πέρας
991 1078 1144 1123 αὖτίκα
1182 1079 1228 1123 τὸ
1260 1079 1426 1137 έφετόν.
1487 1078 1568 1132 πρὸ

128 1146 174 1187 δὲ
201 1148 277 1188 τοῦ
314 1145 387 1194 τὰς
418 1148 658 1202 α’ποκρίσεις
695 1145 846 1202 ἱλαρὰς
874 1147 1109 1188 ἀποδοῦναι
1136 1143 1284 1188 ἑαυτὸν
1313 1144 1571 1187 εἰδωλοποίει

68 1214 114 1256 15
127 1209 310 1268 τραχύν,
335 1209 410 1253 καί
433 1209 671 1268 ὗπερορίοις
697 1213 891 1261 α’πειλαῖς
919 1214 1143 1267 ἐκέχρητο,
1172 1212 1214 1253 εἷ
1239 1210 1300 1266 μὴ
1330 1212 1462 1267 δρῷεν
1491 1205 1570 1251 ὅσα

125 1277 152 1332 ἦ
192 1279 393 1332 πρεσβεία
435 1279 815 1332 κατεπαγγέλλεται.
896 1275 952 1327 ὥς
982 1272 1054 1319 οὖν
1100 1276 1182 1330 ὄψὲ
1218 1273 1540 1332 προσερρύησαν
1558 1306 1570 1325 ,

126 1342 226 1385 οὐδὲ
264 1340 355 1385 τότε
383 1341 493 1396 ὅμοῦ
518 1343 671 1392 πάντες
709 1343 817 1385 α’λλὰ
847 1343 953 1385 κατὰ
984 1346 1182 1399 βραχεῖς,
1210 1344 1284 1384 καί
1311 1348 1461 1397 πεῖραν
1485 1345 1572 1388 τοῖς

124 1409 391 1461 ἐπιμένουσιν
422 1407 463 1450 οἱ
497 1407 675 1459 ἐξιόντες
711 1407 897 1458 διδόντες
938 1408 995 1458 ὥς
1021 1409 1102 1463 οὐχ
1130 1405 1368 1464 ὑπερόπτης
1396 1404 1418 1447 ὅ
1446 1409 1572 1459 βασι·

128 1472 223 1522 λεὺς
251 1475 351 1516 ου’δέ
379 1491 421 1515 τι
466 1478 549 1516 τῶν
591 1475 784 1518 οἷέλπτων
826 1476 1023 1517 ἐπιτελῶν
1062 1475 1149 1516 ἀλλ’
1189 1474 1375 1526 εὐμενῶς
1411 1469 1615 1520 αὖτοὺςῡ

64 1559 114 1585 20
127 1540 418 1595 προσιέμενος,
448 1538 555 1593 μετὰ
586 1538 900 1597 φιλοφροσύνην
930 1541 1003 1582 καί
1027 1541 1217 1591 δεξίωσιν
1243 1536 1390 1593 ἱκανήν
1419 1535 1573 1586 αὐτοῦς

126 1601 299 1646 ἑλέσθαι
340 1603 385 1647 τὸ
424 1609 615 1660 ποιητέον
658 1608 732 1648 καί
755 1604 802 1647 τὸ
845 1608 993 1648 δοκοῦν
1038 1607 1252 1661 αἷφέλιμον
1281 1603 1568 1658 έγκελεύεται·

127 1667 266 1727 ἑαυτῷ
296 1670 376 1726 γὰρ
406 1669 464 1726 μὴ
508 1668 616 1713 εἶναι
652 1670 759 1726 πρὸς
797 1671 980 1726 τρόπου,
1022 1673 1119 1726 μηδ’
1149 1667 1286 1719 ἄλλως
1309 1670 1466 1725 κρίνειν
1492 1671 1572 1720 βα-

128 1733 285 1776 σιλικόν
312 1750 359 1776 τε
385 1735 458 1776 καί
483 1737 720 1790 ἐλευθέριον
730 1768 743 1788 ,
781 1731 809 1789 ἢ
841 1737 980 1788 μένειν
1012 1737 1234 1783 ἐθέλοντας
1262 1730 1512 1775 ἀπελαύνειν
1542 1728 1574 1786 ἦ

127 1796 294 1842 ἀπιέναι
321 1803 590 1853 βουλομένοις
617 1802 940 1859 προσιστασθαι.
982 1802 1130 1842 πολλοὶ
1153 1802 1231 1852 μὲν
1258 1794 1333 1840 οὖν
1353 1799 1573 1853 συμπαρέ-

208 1879 254 1930 Ῐ5.
280 1894 503 1943 σχαζούσας]
531 1898 693 1941 ματαίας
720 1894 838 1932 οὔσας
853 1895 890 1928 Β.
983 1906 1017 1939 9.
1044 1892 1085 1932 ὃς
1110 1898 1173 1936 τῆς
1197 1893 1278 1941 φρ]
1306 1892 1329 1927 ο*
1351 1891 1481 1940 ἄρχων
1506 1894 1572 1936 τῆς

222 1943 417 1988 φυλάξεως
440 1943 476 1974 Β.
581 1944 631 1977 18.
655 1942 920 1989 ἐπιμένουσιν]
947 1941 1001 1976 ἔτι
1022 1942 1208 1988 μένουσιν
1231 1942 1270 1974 A.

131 2023 271 2067 aliquot
294 2021 424 2058 diebus
449 2026 543 2066 post,
570 2033 633 2066 per
657 2021 792 2066 legatos
816 2026 948 2066 petunt
973 2021 1130 2066 spatium
1158 2020 1230 2053 sibi
1255 2019 1334 2053 dari
1357 2031 1437 2053 cum
1462 2021 1570 2054 armis

130 2069 352 2113 caeterisque
366 2068 472 2101 rebus
494 2069 567 2101 suis
591 2068 813 2102 discedendi.
836 2074 877 2102 ut
900 2069 996 2101 enim
1022 2067 1197 2101 videbant
1218 2078 1256 2100 se
1282 2077 1348 2111 per
1374 2068 1571 2111 imperato-

130 2127 202 2149 rem
227 2115 279 2148 ibi
305 2126 448 2148 manere
472 2115 546 2147 no‘u
558 2126 664 2159 posse
693 2121 803 2160 atque
832 2115 932 2148 inani
958 2125 1021 2159 spe
1045 2114 1198 2148 subsidii
1225 2114 1312 2158 regii
1337 2114 1463 2146 lactari
1482 2140 1492 2154 ‚
1514 2115 1569 2148 fa-

129 2164 196 2197 mis
220 2163 427 2206 praesertim
442 2162 603 2206 periculo
626 2163 802 2206 paulatim
819 2163 1000 2202 instante,
1023 2161 1063 2193 id
1090 2161 1233 2195 consilii
1249 2166 1435 2205 ceperunt,
1445 2160 1569 2204 Theo-

131 2209 210 2242 dori
234 2209 418 2254 Capeliani
434 2209 660 2253 potissimum
685 2209 854 2253 impulsu,
879 2207 1051 2253 praesidii
1072 2207 1267 2252 praefecti,
1290 2207 1358 2239 viri
1385 2218 1459 2240 non
1487 2220 1571 2242 san-

0 2281 13 2292 t
129 2255 304 2300 guinafii,
330 2255 394 2288 sed
418 2266 482 2300 pro
507 2266 610 2299 grege
634 2255 768 2288 Christi
791 2255 960 2296 solliciti3
986 2255 1044 2287 cui
1066 2266 1138 2298 pax
1162 2254 1386 2287 dissensione
1410 2255 1572 2299 antiqui-

0 2294 33 2346 s
130 2314 171 2337 or
198 2308 234 2335 et
258 2302 407 2334 Romani
442 2302 514 2334 cari
535 2307 664 2342 erant,
698 2307 739 2335 ut
771 2307 896 2346 postea
928 2301 1196 2334 demonstravit.
1233 2301 1431 2345 imperator
1460 2302 1573 2345 igitur

131 2349 276 2381 arrectis
316 2348 463 2381 auribus
498 2359 540 2381 eo
570 2349 700 2381 nuntio
744 2348 869 2381 audito
906 2349 1026 2381 statim
1068 2348 1175 2380 etiam
1211 2348 1263 2380 rei
1287 2348 1424 2380 exitum
1446 2348 1573 2381 videre

130 2395 319 2439 cupiebat:
345 2395 408 2428 sed
424 2396 633 2439 priusquam
648 2395 783 2428 laetum
798 2406 1008 2439 responsum
1023 2394 1143 2434 daret,
1171 2395 1402 2439 asperitatem
1426 2395 1575 2428 simulat

131 2447 168 2474 et
193 2442 314 2474 nescio
350 2441 440 2486 quid
481 2442 658 2482 minatur,
689 2442 760 2474 nisi
797 2452 839 2474 ea
863 2441 1024 2474 facerent
1047 2452 1140 2485 quae
1164 2442 1273 2485 legati
1301 2442 1574 2485 pollicerentur.

131 2493 172 2520 ut
198 2487 307 2531 igitur-
330 2487 475 2520 tandem
500 2487 741 2528 accedebant,
765 2498 806 2521 ac
829 2498 875 2520 ne
904 2493 980 2521 tum
1004 2487 1152 2532 quidem
1177 2488 1347 2528 universi,
1376 2487 1441 2521 sed
1465 2489 1573 2532 pauci

130 2533 329 2577 principio,
353 2535 397 2567 iis
420 2535 529 2568 etiam
563 2535 627 2579 qui
650 2539 898 2567 remanserant
913 2559 922 2575 ,
951 2533 1194 2567 ostendebant
1219 2535 1473 2579 imperatorem
1497 2545 1573 2567 non

132 2579 324 2623 superbum
350 2591 449 2621 esse,
489 2591 608 2625 neque
635 2581 828 2626 quicquam
856 2581 995 2625 gravius
1019 2581 1059 2613 in
1083 2580 1272 2613 dedititios
1296 2581 1484 2613 consulere
1507 2579 1572 2613 sed

132 2636 205 2658 eosr
221 2625 424 2659 humaniter
446 2628 622 2671 excipere,
646 2633 837 2672 postquam
865 2638 926 2660 eos
949 2632 1114 2671 porrecta
1142 2626 1290 2660 dextera
1314 2627 1490 2660 salutatos
1514 2637 1571 2658 sa-

131 2673 179 2704 tis
199 2671 261 2703 diu
286 2673 434 2705 comiter
457 2679 646 2714 tractarat,
672 2673 836 2707 hortatur
859 2679 901 2705 ut
925 2673 963 2705 id
991 2674 1255 2718 amplectantur
1271 2673 1371 2717 quod
1395 2684 1414 2705 e
1441 2683 1477 2704 re
1506 2683 1571 2704 sua

133 2728 211 2750 esse
246 2723 386 2762 putent.
422 2721 478 2752 sui
513 2720 608 2755 enim
648 2722 756 2753 moris
781 2731 854 2752 non
878 2730 974 2759 esse,
1015 2726 1124 2764 atque
1152 2719 1243 2752 adeo
1268 2730 1335 2751 nec
1360 2719 1477 2762 regale
1503 2728 1571 2750 nec

132 2763 282 2800 liberale
308 2764 433 2804 videri,
458 2765 515 2797 vel
542 2777 685 2799 manere
705 2766 867 2800 volentes
889 2766 1065 2810 repellere
1093 2766 1150 2799 vel
1177 2764 1365 2798 discedere
1388 2764 1571 2812 cupienti.-
