1838 3210
269 161 284 194 ι
303 142 372 215 76
665 158 889 199 NlcETAE
927 156 1235 199 CHONIATAE

259 259 361 301 κατά
407 258 536 305 πόδας
565 257 589 311 ἡ
619 257 709 310 δίκη
729 258 885 308 μέτεισι
927 253 1098 304 τούτους
1120 272 1129 282 ’
1189 253 1349 309 τιτήνας
1379 255 1457 310 γὰρ
1480 255 1581 296 κατὰ
1607 257 1679 309 τῆς

259 323 486 377 α’νεχούσης
513 318 669 368 αύτούς
711 319 900 374 μηχανῆς
926 319 970 361 τὸ
999 322 1138 374 βλῆμα
1163 319 1424 375 Ἀνδρόνικος
1453 318 1559 361 οὕτω
1589 322 1679 362 δια-

259 390 391 444 φῆκεν
430 387 619 438 ἐπιτυχὲς
656 384 713 433 ὥς
751 385 1001 438 διαλυθῆναι
1035 388 1111 438 μὲν
1154 382 1301 426 αὐτίκα
1341 387 1416 427 τοῦ
1443 387 1605 438 τείχους
1630 383 1678 427 τὸ

257 450 636 506 προεκκρεμάμενον
681 450 807 491 ἐκεῖνο
858 448 1019 500 ’ξύλινον
1056 451 1246 503 σύνθεμα
1256 484 1268 503 ‚
1307 451 1680 504 ἐπικαταβληθῆναι

257 519 303 558 δὲ
350 516 421 557 καί
466 515 640 563 τούτους
670 512 786 563 ἐκτὸς
814 516 857 563 ἐς
884 512 988 572 ᾅδου
1018 516 1187 567 στόμιον
1217 514 1437 570 κατωκάρα
1461 512 1714 563 πίπτοντας5

256 580 327 622 καί
363 581 617 635 κυβιστῆρας
646 577 880 634 ὁρωμένους
909 579 1133 632 ἐλεεινούς,
1173 581 1494 634 διανηχομένους
1526 579 1680 626 άθλίως

251 646 498 700 Ἀχέροντα.
563 643 669 698 μετά
716 643 855 699 βραχύ
900 645 945 685 δὲ
989 643 1188 686 καί-αὐτὸ
1217 644 1262 685 τὸ
1292 650 1422 698 τεῖχος
1449 644 1680 698 ὗπέκυπτε,

212 712 329 752 1)καί
351 708 420 751 διά
449 709 657 763 κλιμάκων
686 707 773 764 εἶχε
800 709 1029 762 Ῥωμαίους
1056 709 1249 758 α’νιόντας
1279 712 1352 751 καί
1376 708 1447 764 την
1461 708 1580 751 πόλιν
1595 710 1681 751 sla-

152 775 403 825 v.7126vza;.
468 773 613 815 πολλοὶ
646 776 723 827 μὲν
760 770 835 815 οὖν
862 777 1083 829 βληθέντες
1124 776 1182 824 εἰς
1216 772 1398 816 θάνατον
1426 774 1680 829 κατεβλήθη-

255 857 356 894 σαν,
386 839 462 881 οὐκ
490 839 620 894 ὀλίγοι
661 841 706 881 δὲ
733 840 806 880 καί
832 841 1217 894 προσκεχωρηκότες
1245 844 1329 888 τοῖς
1357 834 1434 894 ἤδη
1461 841 1680 892 κρατοῦσιν
1699 854 1744 879 ιο

253 905 495 960 ἐσώθησαν·
553 905 635 946 εἰσί
663 906 700 945 δ’
728 905 771 946 οἳ
793 906 865 945 καί
893 902 1149 959 ἀποδράντες
1175 906 1380 958 σωτηρίαν
1399 905 1588 945 ἐντεῦθεν
1614 900 1680 944 31⁶5-

255 986 390 1025 ραντο.
446 965 505 1019 εἷς
531 971 576 1011 δὲ
603 971 685 1011 τῶν
716 969 939 1024 οἰκητόρων
977 970 1132 1023 ἐκείνης
1163 971 1234 1023 τῆς
1262 966 1441 1022 πόλεως,
1466 971 1537 1010 κατ’
1565 964 1682 1018 οὗτος

255 1038 304 1078 οὐ
330 1038 409 1078 τῶν
440 1034 679 1089 συγκλύδων
706 1035 778 1076 καὶ
802 1032 1028 1090 συρφάκων
1056 1032 1161 1075 άλλά
1182 1037 1261 1076 τῶν
1286 1033 1447 1090 πλούτῳ
1475 1035 1681 1089 λαμπρῶν

256 1104 328 1143 καί
357 1103 465 1155 γένει
492 1099 679 1157 ἐπισήμῳ
708 1101 967 1153 διαπρεπῶν,
997 1100 1158 1140 ἀστεῖον
1186 1098 1230 1140 τὸ
1261 1093 1510 1154 εἶδοςηῦχει
1538 1100 1680 1153 γύναι-

256 1182 300 1208 ον
340 1166 411 1206 καί
454 1163 622 1220 σφόδρα
662 1163 784 1205 καλὸν
808 1162 881 1218 την
917 1164 1092 1219 μορφήν.
1149 1164 1258 1219 ὁρῶν
1286 1166 1332 1206 δὲ
1359 1166 1472 1220 παρά
1499 1180 1572 1206 του
1600 1165 1743 1206 τῶνιό

252 1230 468 1284 Ῥωμαίων
510 1231 569 1279 εἰς
601 1227 726 1284 ὕβριν
764 1227 980 1281 ἑλκόμενον
991 1263 1003 1282 ,
1045 1233 1116 1272 καί
1148 1229 1207 1284 μη
1233 1230 1340 1284 ἔχων
1369 1232 1579 1284 ἐπαμῦναι
1609 1232 1683 1272 τυ-

257 1298 515 1352 ραννουμένῳ
552 1292 582 1351 ἢ
615 1297 686 1352 βίᾳ
717 1294 791 1349 την
832 1297 929 1348 βίαν
968 1292 1132 1350 ὦθῆσαι
1161 1294 1232 1337 καί
1268 1298 1417 1351 στῆσαι
1444 1296 1515 1338 τὸν
1541 1293 1682 1339 ἄδικον

255 1364 408 1404 ἐκεῖνον
437 1360 584 1415 ἔρωτα,
610 1358 852 1413 βουλεύεται
868 1359 1023 1414 βουλήν
1043 1361 1093 1402 ου’
1092 1378 1123 1414 χ
1150 1358 1297 1416 ἥκιστα
1315 1364 1504 1415 γενναίαν
1530 1359 1558 1418 ἢ
1589 1367 1682 1404 τολ-

256 1426 396 1482 μηράν
423 1425 495 1467 καί
521 1427 717 1478 ἀθέμιτον
743 1429 814 1467 καί
839 1428 897 1484 τῷ
922 1429 994 1480 τῆς
1024 1424 1153 1481 τύχης
1181 1428 1371 1469 ἐνεστῶτι
1398 1427 1650 1481 κατάλληλον
1667 1444 1677 1454 ”

257 1491 466 1535 διελαύνει
501 1492 584 1533 τῶν
613 1492 856 1545 σπλάγχνων
895 1494 965 1545 τῆς
995 1490 1191 1546 φιλτάτης
1219 1489 1267 1533 ὃν
1291 1491 1438 1547 ἔφερεν
1469 1490 1744 1548 ἇκινάκην.2ο

258 1559 409 1600 ου’κοῦν
439 1557 462 1598 0‘
491 1560 568 1610 μὲν
595 1558 645 1614 τῇ
671 1559 837 1609 γυναικί
852 1554 1168 1609 ἐπιμαινόμενος
1196 1551 1380 1609 ἄθεσμος
1407 1559 1557 1606 ἐκεῖνος
1582 1559 1680 1612 ἐρα·
1707 1554 1710 1560 ’

257 1622 360 1678 στῆς
386 1622 461 1677 τὴν
489 1617 636 1676 ἄλογον
665 1622 869 1675 ἐμάρανεν
896 1619 1049 1677 ἔφεσιν,
1080 1621 1217 1662 ου’κέτι
1241 1618 1351 1671 ὄντος
1377 1625 1450 1663 τοῦ
1473 1622 1681 1664 ὑπεκκαύ-

253 1688 412 1741 ματος,
442 1686 520 1741 τὴν
548 1689 594 1729 δὲ
622 1686 815 1739 σχετλίαν
839 1688 894 1742 τῷ
930 1682 1017 1727 ὄντι
1038 1688 1252 1741 ,ἐρωμένην
1277 1685 1321 1728 τὸ
1349 1681 1461 1744 ἦμαρ
1491 1686 1604 1730 ἔλιπε
1631 1687 1678 1730 τὸ

253 1750 523 1809 εὖφρόσυνον.
593 1752 675 1805 φεῦ
702 1750 954 1804 πραγμάτων
983 1750 1209 1804 α’ναγκαίας
1229 1753 1448 1807 ἐπιπλοκῆς
1474 1752 1547 1794 καὶ
1573 1755 1680 1809 φθο-

252 1819 377 1872 νεροῦ
400 1821 592 1870 Τελχῖνος
618 1816 690 1857 καί
715 1813 960 1868 ἐπιβούλου,
992 1815 1187 1864 τοιαύτας
1211 1818 1441 1874 τραγῳδίας
1468 1820 1742 1872 σκηνοποι-25

254 1885 396 1932 οῦντος
424 1881 495 1924 ἐπὶ
517 1880 700 1935 θεάτρου
719 1883 1043 1935 πολυπληθοῦς]
1072 1877 1107 1920 αἳ
1122 1881 1197 1922 δύο
1224 1883 1549 1938 α’ντιφερομένων
1575 1883 1679 1939 ἐρώ-

250 1965 332 1991 των
363 1949 425 1990 ἐπ’
451 1942 568 2005 ἅθλῳ
600 1944 683 1999 ἑνί,
717 1945 939 2000 ἐπιλήπτου
968 1947 1040 1987 καί
1066 1943 1290 2001 σώφρονος,
1319 1946 1392 1989 καί
1415 1950 1490 1990 τοῦ
1512 1950 1590 2001 μὲν
1613 1946 1679 1990 ’ἐπ’

341 2067 373 2099 6.
412 2065 474 2098 καὶ
508 2061 755 2109 κυβιστῆρας]
799 2063 864 2095 καὶ
912 2064 1125 2108 κυμβοὶχους
1160 2062 1373 2142 ἄὲωμένους
1407 2063 1471 2098 ἐπὶ
1513 2056 1679 2110 βρεχμόν

338 2112 401 2143 καὶ
426 2110 523 2144 διαν.
545 2111 584 2143 Δ.
723 2111 772 2154 ι4.
798 2107 915 2155 ηὔχει]
943 2108 1019 2152 εἶχε
1044 2108 1157 2141 codex
1207 2133 1215 2142 .

250 2209 474 2243 contextum,
503 2203 597 2235 foras
619 2204 844 2247 prominens,
870 2203 1019 2246 ingressi
1048 2209 1084 2236 et
1111 2203 1241 2236 stt-lctis
1265 2203 1392 2247 gladiis
1420 2215 1537 2238 aerem
1561 2205 1679 2239 (liver-

249 2252 440 2290 herantes,
463 2249 628 2282 Romanis
655 2249 874 2281 atrocissima
899 2261 1066 2291 quaeque
1093 2260 1171 2281 cum
1197 2250 1331 2293 ingenti
1359 2251 1512 2284 clamore
1534 2253 1679 2285 minita-

249 2298 391 2331 bantur.
418 2295 480 2329 sed
523 2294 682 2327 vindicta
710 2305 770 2327 eos
795 2305 813 2326 e
837 2293 986 2336 vestigio
1028 2300 1215 2326 consecuta
1247 2302 1322 2329 est:
1348 2309 1428 2330 nam
1455 2297 1679 2331 Andronicus

249 2349 427 2378 tormento
451 2341 602 2374 solerter
626 2340 761 2373 directo
785 2340 1020 2372 munitionem
1047 2340 1085 2371 in
1110 2350 1181 2383 qua
1205 2342 1348 2374 stabant
1374 2344 1424 2375 ita
1446 2345 1612 2387 perculit,
1638 2349 1680 2378 ut

251 2395 427 2436 prostrata
452 2388 535 2420 illos
563 2387 817 2420 miserabiliter
844 2385 1070 2429 opprimeret.
1094 2396 1160 2417 nec
1186 2387 1298 2419 multo
1326 2394 1408 2432 post
1430 2389 1506 2433 ipso
1533 2401 1678 2435 quoque

249 2448 351 2470 muro
377 2435 534 2477 collapso
559 2433 664 2466 scalis
690 2432 842 2465 admotis
863 2432 1010 2464 Romani
1036 2433 1344 2469 transcenderunt.
1369 2440 1446 2467 tum
1466 2436 1570 2468 multi
1596 2442 1680 2470 sunt

253 2482 382 2522 occisi,
416 2480 521 2514 multi
557 2479 752 2512 victoribus
792 2478 971 2522 supplices
1012 2479 1228 2511 conservati:
1268 2481 1434 2512 nonnulli
1462 2482 1570 2514 etiam
1596 2483 1678 2527 fuga

253 2530 404 2563 salutem
438 2526 700 2571 quaesiverunt.
739 2524 802 2557 sed
828 2523 974 2568 quidam
999 2524 1096 2556 illius
1137 2524 1235 2558 urbis
1262 2527 1316 2558 vir
1339 2527 1472 2560 nobilis
1498 2534 1533 2561 et
1557 2528 1676 2570 dives,

253 2587 332 2608 cum
356 2584 500 2607 uxorem
527 2583 645 2611 suam,
673 2570 863 2603 excellenti
888 2570 999 2602 forma
1023 2571 1209 2603 mulierem
1224 2584 1243 2612 ‚¹
1259 2572 1304 2604 ad
1328 2578 1487 2617 stuprum
1515 2585 1534 2606 a
1561 2575 1678 2608 milite

254 2621 329 2666 rapi
353 2620 491 2654 videret
513 2629 579 2652 nec
605 2619 681 2651 eius
703 2617 916 2661 pudicitiam
938 2617 1043 2649 aliter
1068 2617 1160 2649 tueri
1189 2624 1319 2662 posset,
1347 2620 1490 2653 acinace
1512 2621 1676 2654 miseram

254 2667 427 2701 confodit.
453 2676 473 2698 ο
496 2665 654 2699 violenta
679 2675 795 2696 rerum
820 2663 946 2702 series,
972 2673 992 2694 o
1023 2663 1187 2696 fortunae
1210 2664 1346 2696 invidia
1371 2671 1478 2710 atque
1503 2667 1675 2706 insidiae.

254 2725 346 2760 quae
371 2714 408 2747 in
447 2711 662 2758 amplissimo
702 2715 738 2743 et
764 2709 1050 2755 frequentissimo
1082 2709 1220 2743 theatro
1245 2710 1449 2745 huiusmodi
1478 2713 1674 2758 tragoedias
