1878 3230
339 140 446 213 592
753 141 988 197 'mcFL'rAE
1026 152 1335 196 cnomA'rAE

339 258 588 314 ᾧκειωμένος
619 257 676 311 τῷ
695 257 881 307 βασιλεῖ,
910 256 1010 309 μηδ’
1038 255 1169 296 αὐτοῦ
1199 256 1438 310 φειδόμενος
1463 257 1534 298 τοῦ
1560 262 1757 313 κρατοῦν-

336 338 414 370 τος.
455 322 531 374 ὀψὲ
560 321 606 360 δὲ
627 321 698 360 καί
713 319 834 371 μόλις
860 321 941 362 τῶν
959 320 1150 361 α’τοὶκτων
1179 320 1303 374 λήξας
1325 320 1531 374 κινήσεων,
1545 322 1617 376 τὴν
1631 329 1756 379 ’χεῖρα

337 388 515 432 ἐκτείνας
545 385 714 439 α’χρειοῖ
734 382 805 425 διά
833 385 909 425 τοῦ
938 387 1170 437 σκίμπωνος
1189 416 1201 438 ,
1244 382 1288 425 ὃν
1315 381 1439 440 ἔφερε
1469 390 1560 427 ταῖν
1592 393 1755 443 χεροῖν,

335 450 408 503 τὴν
439 449 575 490 εἰκόνα
601 451 675 490 τοῦ
701 451 929 501 βασιλέως,
957 445 1044 503 ἥτις
1075 448 1178 491 κατά
1207 448 1250 490 τό
1280 451 1338 498 εἰς
1367 449 1496 504 εὐχὴν
1522 451 1634 506 αὐτῷ
1661 454 1760 495 ἄπο..

336 515 578 568 τεταγμένον
619 514 790 555 οἰκίδιον
830 514 1051 567 χρώμασιν
1094 516 1163 555 ἑπί
1198 518 1339 567 τοίχου
1385 514 1587 569 ἑστὴλωτο
1603 547 1616 568 ,
1662 517 1795 567 τοὺ-(55

337 576 586 635 ὄφθαλμυὺς
615 575 988 633 διαλωβησάμενος.
1047 579 1231 633 ὡρμήκει
1261 579 1305 620 δὲ
1330 578 1402 621 καί
1429 579 1502 621 τὸν
1529 581 1602 635 τῆς
1629 595 1760 636 κεφα-

297 647 410 699 (ὶλῆς
436 646 511 686 τοῦ
538 643 843 699 αὐτοκράτορος
869 648 989 685 πῖλον
1016 641 1205 698 ἁρπάσαι
1231 646 1304 686 καί
1325 644 1466 698 χαμαὶ
1495 651 1762 700 κατενεγκεῖν.

336 709 411 752 καί
437 713 570 752 ταῦτα
598 711 674 762 μὲν
701 703 817 758 οὗτος
846 707 1139 764 διεπεπράχει,
1165 709 1187 750 ὅ
1215 711 1263 751 δὲ
1291 709 1489 763 βασιλευς
1524 708 1762 766 ἀφροσύνην

336 775 568 830 καταγνούς
594 776 671 817 τοῦ
698 775 926 830 ἀνδραρίου
954 777 1114 817 ἐκεῖθεν
1139 775 1400 828 μεθίσταται.
1455 775 1595 826 αὐτοῖς
1620 777 1761 829 μέντοι

334 855 380 894 γε
407 845 489 889 τοῖς
516 841 867 893 συνειλεγμένοις,
896 839 1134 895 ὀφθαλμοῖς
1162 841 1454 896 παραλαβοῦσι
1486 839 1536 883 τὰ
1567 841 1759 895 γεγονότα
1778 859 1824 889 m

336 906 412 947 οὔκ
443 904 697 958 εὐσύμβολος
727 906 810 946 τῶν
837 905 1042 957 ἐσομένων
1074 903 1218 953 οἰωνός
1256 903 1562 959 συλλελόγιστο·
1621 906 1676 955 ὥς
1714 907 1762 948 δὲ

335 973 407 1012 καί
435 970 508 1018 τάς
534 969 758 1022 α’ποβάσεις
786 971 836 1010 οὔ
862 968 991 1025 πάντῃ
1029 966 1269 1028 α’πᾳδούσας
1307 975 1393 1018 τοῖς
1430 968 1655 1023 συμβόλοις
1695 985 1764 1012 τε-

334 1037 535 1087 θέανται,
578 1035 648 1075 ἐπὶ
676 1035 796 1076 πλέον
840 1037 1007 1082 ἕκαστος
1050 1032 1109 1075 ἔτι
1139 1033 1215 1090 τήν
1258 1034 1356 1090 περὶ
1400 1038 1476 1076 τοῦ
1504 1038 1763 1078 Βασιλακιόυ

335 1100 459 1150 δόξαν
486 1097 730 1154 ἑκράτυναν,
761 1099 1007 1154 ἅμφιρρεπῆ
1028 1115 1071 1141 τε
1100 1094 1242 1152 οὖσαν,
1271 1097 1327 1148 ὥς
1356 1094 1433 1154 ἤδη
1463 1115 1536 1153 μοι
1563 1102 1762 1152 λέλεκται,

336 1163 532 1219 πρότερον
562 1166 665 1206 κοῖπί
690 1169 774 1212 τοῖς
802 1163 1004 1212 πλείστοις
1032 1163 1409 1219 ἀμφισβητήσιμον.
1469 1165 1525 1213 ὥς
1553 1167 1588 1206 δ’
1625 1168 1684 1215 εἰς
1712 1164 1762 1207 τὰ
1780 1171 1826 1212 15

317 1227 544 1283 ·1(υ’ψελλα
581 1228 603 1269 ὅ
633 1231 792 1284 κρατῶν
821 1225 992 1284 ἄφίκετο
1008 1262 1020 1282 ,
1062 1229 1111 1270 τοὶ
1149 1231 1227 1282 μὲν
1255 1231 1336 1271 τῶν
1366 1228 1693 1284 στρατευμάτων
1719 1231 1764 1279 ές

336 1295 551 1350 φάλαγγας
579 1297 651 1337 καί
676 1294 768 1343 ἴλας
806 1295 1043 1350 ξυνέταττε,
1070 1293 1119 1336 τά
1159 1295 1205 1335 δὲ
1234 1296 1477 1348 καραδοκῶν
1514 1298 1762 1350 προσέμενεν

289 1361 577 1416 Βάφικέσθαι.
634 1360 715 1400 τῶν
744 1360 781 1399 δ’
811 1353 861 1399 εὖ
895 1357 1116 1411 γεγονότων
1154 1360 1303 1412 συχνοὶ
1344 1360 1394 1416 τῇ
1435 1360 1653 1415 α’κομιστίᾳ
1688 1361 1764 1402 τοῦ

334 1425 538 1478 βασιλέως
559 1426 603 1466 ἐκ
618 1425 783 1478 μακροῦ
801 1423 1087 1475 δυσχεραίνειν
1113 1421 1381 1475 πλαττόμενοι
1402 1424 1474 1464 καί
1497 1426 1554 1479 τῷ
1571 1423 1628 1477 μὴ
1659 1422 1762 1466 κατὰ

320 1489 406 1531 ’τόν
435 1488 574 1530 εἰκότα
613 1487 731 1542 λόγον
759 1487 810 1529 τά
840 1485 954 1528 κοινοὶ
987 1488 1235 1528 διοικεῖσθαι
1273 1488 1523 1542 πράγματα,
1572 1491 1698 1530 εἰπεῖν
1726 1490 1762 1530 δ’
1775 1509 1826 1537 20

336 1555 610 1610 ἀληθέστερον
641 1552 713 1602 τάς
741 1551 976 1605 μεταβολάς
999 1554 1079 1593 τῶν
1109 1551 1362 1606 πραγμάτων
1389 1552 1492 1594 κατά
1525 1554 1628 1594 πολύ
1660 1570 1762 1607 συμ-

335 1620 592 1673 βαλλομένας
620 1617 761 1665 αὐτοῖς
790 1619 832 1665 ἐς
872 1614 1161 1671 χρηματισμὸν
1203 1616 1548 1671 κατανοήσαντες,
1592 1618 1676 1660 τότε
1713 1618 1762 1660 τοὶ

430 1760 461 1781 2.
488 1745 572 1793 ἅψει
600 1745 620 1778 ό
644 1747 681 1778 Α.
840 1746 871 1779 3.
910 1737 972 1776 διά
1013 1746 1200 1780 σκίπωνος
1223 1746 1272 1784 A,
1297 1737 1390 1789 μετὰ
1418 1746 1479 1786 τῆς
1504 1745 1692 1788 νάρθηκος
1727 1747 1762 1778 13.
1829 1751 1837 1771 ἱ

428 1796 459 1828 6.
486 1791 540 1838 δὲ]
566 1788 634 1826 οὖν
658 1793 697 1826 Α.
837 1791 999 1836 κεφαλῆς
1027 1791 1147 1824 πῖλον.
1173 1789 1380 1835 ἀφελέσθαι
1407 1793 1473 1825 τοῦ
1491 1791 1761 1834 βασιλεύοντος.

429 1838 545 1872 ταῦτα
589 1838 660 1883 μὲν
697 1834 765 1875 οὖν
805 1837 946 1874 ἐκεῖνος
986 1834 1243 1881 διεπεπράχει·
1282 1837 1303 1870 ὁ
1339 1837 1369 1870 δ’
1394 1836 1632 1882 αὐτοκράτωρ
1671 1838 1762 1883 ἀφρ.

433 1887 500 1919 τοῦ
535 1880 673 1930 α’νδρός
702 1882 914 1928 καταγνοὺς
940 1883 978 1915 Α.
1095 1885 1144 1916 15.
1168 1879 1353 1928 πρότερον
1378 1894 1434 1916 om
1458 1885 1498 1916 A.
1615 1887 1664 1918 16.
1692 1895 1763 1918 πα-

435 1931 606 1976 ρεγένετο
631 1931 668 1963 Α.
789 1929 873 1976 μὲν]
903 1930 973 1975 μὲν
999 1928 1156 1963 ἐλθόντα
1180 1930 1217 1963 Β.
1335 1930 1370 1966 ἐς
1396 1929 1611 1977 φάλαγγας]
1637 1932 1672 1967 ἐς
1700 1929 1763 1963 τά-

436 1980 509 2017 ξεις
545 1978 661 2011 συνέτ.
691 1977 725 2008 Α.
877 1977 925 2009 18.
955 1975 984 2007 δ’
1012 1974 1173 2016 εὐγενῶν
1199 1977 1239 2010 A.
1367 1987 1413 2020 ¹9-
1439 1978 1501 2008 καὶ
1526 1977 1573 2020 τῷ
1598 1996 1642 2003 -
1668 1976 1764 2022 πρά·

436 2035 558 2070 γματα
584 2034 640 2056 οιιι
668 2023 706 2055 Α.
810 2032 864 2056 20.
891 2020 937 2067 δ’]
963 2020 1002 2053 δὲ
1029 2023 1091 2053 καὶ
1115 2023 1152 2054 Λ.
1591 2026 1594 2029 ·

347 2141 596 2176 accedentibus
622 2139 832 2179 maledixit,
857 2139 1091 2171 Constantino
1119 2138 1439 2181 Mesopotamitano
1472 2137 1509 2170 in
1534 2138 1674 2181 primis,
1703 2139 1765 2182 qui

346 2196 419 2222 tum
440 2188 572 2220 Isaacio
589 2186 884 2219 familiarissimus
911 2190 996 2217 erat.
1021 2195 1086 2217 nec
1111 2185 1181 2229 ipsi
1204 2183 1359 2228 denique
1383 2184 1587 2227 imperatori
1606 2194 1782 2227 parcens„

345 2236 404 2268 vix
431 2233 576 2267 tandem
602 2233 773 2277 inquietis
801 2231 873 2264 illis
899 2231 1153 2274 agitationibus
1180 2230 1340 2270 omissis,
1366 2230 1523 2274 scipione
1557 2240 1660 2273 quem
1691 2242 1765 2263 ma-

346 2281 454 2314 nibus
481 2278 665 2323 gestabat,
690 2277 853 2322 imaginis
876 2278 1122 2322 imperatoris,
1158 2286 1249 2320 quae
1278 2277 1314 2308 in
1342 2276 1416 2307 eius
1445 2275 1620 2307 oratoriae
1653 2276 1765 2309 cellae

346 2327 484 2372 pariete
509 2325 652 2369 depicta
678 2330 777 2364 erat,
806 2323 918 2356 oculis
959 2323 1086 2363 erasis,
1129 2323 1236 2355 etiam
1268 2322 1401 2365 pileum
1438 2320 1481 2353 (le
1516 2322 1631 2365 capite
1667 2322 1765 2355 illius

349 2373 488 2406 auferre
512 2370 689 2404 studebat.
714 2381 806 2415 quae
831 2381 907 2402 cum
944 2370 1104 2408 fecisset,
1145 2369 1336 2413 imperator
1369 2378 1409 2399 eo
1449 2367 1561 2399 deliro
1598 2368 1765 2413 despecto

349 2419 506 2457 recessit,
532 2416 686 2461 populus
712 2426 795 2448 vero
821 2417 883 2460 qui
912 2426 952 2447 ea
975 2415 1124 2454 viderat,
1149 2414 1240 2447 nihil
1264 2413 1348 2445 boni
1367 2413 1601 2448 ominabatur.
1627 2419 1667 2447 ut
1682 2425 1765 2448 vero

351 2466 457 2499 etiam
484 2468 648 2496 eventum
673 2473 744 2495 non
768 2462 874 2506 plane
902 2461 945 2494 ab
972 2461 1044 2493 illis
1071 2461 1177 2503 signis
1213 2458 1401 2492 abhorrere
1430 2460 1614 2500 constitit,
1649 2461 1767 2494 cuius-

350 2523 420 2557 que
446 2509 567 2556 opinio
594 2509 637 2541 de
663 2508 836 2540 Basilacio
861 2507 1065 2551 confirmata
1091 2511 1168 2546 est,
1193 2516 1304 2550 quae,
1331 2511 1371 2538 ut
1397 2506 1491 2546 dixi,
1515 2517 1642 2551 anceps
1668 2507 1764 2552 prius

352 2564 388 2591 et
415 2559 452 2590 in
475 2555 658 2601 plerisque
682 2553 791 2587 dubia
814 2554 942 2586 fuerat.
971 2558 1010 2585 ut
1038 2557 1154 2584 autem
1183 2553 1375 2596 imperator
1403 2552 1566 2597 Cypsella
1593 2553 1765 2596 pervenit,

352 2604 570 2637 exercituum
593 2606 728 2646 partem
753 2600 983 2639 centurhwit,
1009 2603 1155 2643 partem,
1181 2610 1273 2643 quae
1298 2598 1455 2631 nondum
1480 2598 1681 2640 advenerat,
1706 2610 1767 2631 ex-

351 2649 515 2695 pectavit.
543 2647 606 2681 sed
640 2646 840 2680 nobilitatis
865 2656 989 2689 magna
1018 2655 1098 2688 pars
1136 2656 1237 2688 aegre
1277 2646 1367 2678 ferre
1407 2657 1443 2678 se
1477 2644 1645 2678 simulans
1669 2643 1766 2689 quod

354 2697 458 2742 longo
485 2701 642 2741 tempore
667 2693 710 2727 ab
738 2694 949 2738 imperatore
978 2691 1138 2736 neglecta
1182 2698 1293 2733 esset,
1333 2691 1500 2736 quodque
1534 2702 1588 2724 res
1623 2690 1765 2736 publica
