1878 3230
416 146 662 190 lsAAcms
703 146 949 190 ANGELUS
988 149 1056 189 ET
1093 146 1318 190 ALExms
1342 147 1389 189 r.
1507 128 1616 203 737

185 248 330 304 αὖταῖς
370 258 443 298 καί
484 250 822 312 συνδιημερεύων
857 254 1066 310 ἑκόβευεν.
1139 254 1179 298 οἱ
1225 258 1273 300 δὲ
1309 258 1623 312 συμπαίγμονες

183 319 324 378 ἐκείνῳ
344 320 388 363 τὸ
419 323 494 377 τῆς
521 324 704 378 κεφαλῆς
733 317 1014 377 ἇφαιροῦντες
1038 320 1240 378 διάδημα,
1263 320 1548 378 ’χρυσόκολλον
1573 318 1623 364 ὂν

183 387 258 427 καί
284 384 577 442 λιθόστρωτον,
607 386 731 428 afim*
754 389 833 440 μὲν
860 388 991 429 ἐκεῖνο
1018 388 1310 442 περιετίθεντο,
1340 385 1415 430 τὸν
1445 389 1483 429 δ’
1508 389 1624 430 Ἀλέ-

186 453 273 501 ξιον
313 452 587 507 περιέβαλλον
619 449 666 493 τὸ
700 453 880 506 λαχνῆεν
915 452 989 493 καί
1021 454 1166 506 ἑρεοῦν
1194 454 1268 495 καί
1292 455 1368 507 τῆς
1394 456 1625 508 Λατινικῆς

150 515 387 565 5ταλασίας
436 519 689 571 περιβλημα.
765 516 817 557 ου’
842 514 971 568 μόνον
1013 517 1060 558 δὲ
1105 513 1127 557 ὅ
1158 516 1343 567 Ἀλὲξιος
1373 519 1626 572 ἐνευκαιρῶν

185 586 275 629 ταῖς
299 580 475 635 πράξεσι
500 579 671 630 ταύταις
709 578 825 635 παρὰ
853 586 936 629 τοῖς
961 582 1043 623 τῶν
1070 583 1271 624 Λατίνων
1297 583 1531 638 εὖσχήμοσι
1554 584 1628 625 καί

184 650 271 694 τοῖς
300 648 383 687 τῶν
413 646 633 698 Ῥωμαίων
668 644 860 701 σώφροσι
886 646 1142 699 βδελυγμίας
1171 646 1381 701 ἐκρίνετο,
1417 648 1522 690 ἀλλὰ
1554 650 1629 690 καί

183 711 208 752 ὅ
237 711 387 752 τούτου
415 709 549 765 πατὴρ
580 708 780 758 Ἰσαάκιος
806 710 880 752 οὐκ
908 713 970 753 ἐπ’
999 709 1169 753 ἔλαττον
1188 708 1240 767 ἦν
1266 714 1481 768 στυγητός,
1510 715 1626 755 ἐπει-

184 775 314 831 δήπερ
343 775 425 833 ,καί
461 777 587 817 πάλιν
628 775 868 825 α’λλοκότοις
915 775 1057 827 δόξαις
1097 779 1394 834 περιεφέρετο,
1435 778 1550 833 λόγιοί
1578 794 1668 828 τευ

125 852 172 880 10
183 839 257 882 καί
282 837 426 896 ὄμφοὶς
455 840 666 890 συντιθείς
694 842 770 882 οιῖκ
797 839 917 897 ἔληγε
947 844 1031 883 τῶν
1061 844 1132 885 ἐπὶ
1155 844 1227 899 τῆς
1258 845 1463 899 προτέρας
1490 845 1629 900 ἀρχῆς

183 905 469 961 ἄρρητότερα,
512 904 596 960 εἴγε
627 905 757 948 πάλαι
794 907 873 960 μὲν
902 906 974 949 τόν
998 908 1217 964 μόναρχον
1248 910 1525 964 ἑφαντάζετο,
1555 912 1630 952 καί

182 969 311 1020 αὐτὸς
350 967 457 1013 εἶναι
496 973 677 1020 ἀναιδῶς
709 973 922 1015 διετείνετο
949 971 970 1015 ὃ
999 975 1048 1029 τῇ
1077 974 1216 1030 δυσμῇ
1239 973 1442 1027 συνάψων
1469 973 1543 1029 τὴν
1570 974 1627 1016 ἕω

181 1037 255 1079 καί
299 1034 449 1092 κράτος
491 1036 822 1091 περιζωσάμενος
872 1037 918 1080 τὸ
951 1037 1231 1092 παγκὸσμιον,
1260 1037 1354 1080 τότε
1382 1041 1430 1081 δὲ
1456 1039 1530 1081 καὶ
1552 1038 1628 1094 τὴν

181 1100 370 1156 πήρωσιν
398 1102 717 1156 ἀποτρίψασθαι
742 1101 978 1158 προσεδόκα
997 1106 1083 1145 τῶν
1111 1103 1350 1157 ὄφθαλμῶν
1376 1106 1450 1145 καί
1473 1104 1531 1151 ὥς
1557 1109 1627 1146 λε-

123 1168 336 1223 ιόβηρίδα
364 1167 440 1222 τὴν
462 1164 583 1209 νόσον
605 1166 900 1218 ἀποξύσασθαι
920 1166 997 1223 τὴν
1015 1167 1246 1223 α’ρθρίτιδα
1270 1168 1345 1210 καί
1367 1168 1412 1210 τὸ
1445 1165 1539 1210 ὅλον
1567 1171 1627 1217 εἰς

182 1229 319 1287 ἄνδρα
336 1234 568 1274 θεοείκελον
589 1231 962 1288 α’μειφθὴσεσθαι,
1001 1229 1108 1275 ὥστε
1140 1233 1213 1275 καὶ
1239 1236 1322 1275 τῶν
1349 1236 1566 1286 μοναστοῖίν
1586 1234 1627 1276 οἱ

180 1298 504 1354 καταρατότατοι
519 1299 593 1339 καί
606 1299 741 1351 βαθεῖ
752 1299 852 1355 ληΐῳ
868 1300 1077 1351 κομῶντες
1097 1297 1176 1354 τὴν
1192 1301 1267 1341 τοῦ
1286 1300 1480 1353 πώγωνος
1496 1295 1625 1354 ἄρου-

181 1381 279 1418 ραν,
308 1366 367 1413 εἷς
401 1364 602 1419 αἰσχύνην
625 1379 670 1405 τε
703 1363 858 1406 οἰκείαν
895 1361 940 1406 τό
963 1366 1161 1421 θεοφιλὲς
1189 1363 1227 1406 οἱ
1262 1367 1477 1417 θεομισεῖς
1504 1380 1626 1421 περι-

179 1433 356 1483 κειῖιιενοι
402 1430 576 1484 σχῆμα,
615 1427 690 1479 τὰς
736 1427 918 1483 α’ρχικὰς
954 1431 1162 1485 τραπέζας
1195 1429 1526 1483 μεταδιώκοντες
1553 1434 1626 1473 καί

117 1511 168 1538 20
179 1497 262 1537 τῶν
289 1494 452 1549 ἰχθύων
486 1493 588 1544 τούς
627 1499 790 1544 νεαλεῖς
816 1497 890 1536 καί
921 1494 1069 1544 πίονας
1095 1498 1426 1550 περιχαίνοντες,
1454 1498 1624 1537 συνδει-

178 1562 373 1610 πνοῦντες
400 1560 592 1618 Ἰσαακίῳ
623 1563 914 1615 συγκαθίστων
950 1559 1092 1618 ἐκείνῳ
1119 1560 1195 1615 τὴν
1220 1563 1455 1616 μοναρχίαν
1480 1563 1525 1602 ἐν
1552 1560 1623 1602 λό-

178 1641 292 1681 γοις,
322 1625 396 1669 τὸν
427 1623 664 1679 α’νθοσμίαν
695 1625 926 1682 ζωρότερον
955 1625 1303 1682 προσφερόμενοι,
1330 1627 1458 1668 ἐνίοτε
1486 1628 1533 1668 δὲ
1550 1625 1625 1668 καὶ

270 1760 305 1795 5.
329 1759 552 1806 περίβληιια]
587 1759 660 1794 add
687 1760 732 1792 Β·
771 1756 864 1804 ὅπερ
899 1758 1108 1800 καποὺιζιν
1138 1756 1446 1813 κατονομάζεται.
1567 1759 1618 1804 ¹4·

271 1807 322 1844 ὥς
343 1806 527 1862 λεβηρίδα]
553 1805 680 1864 ωσπερ
705 1805 888 1861 πετυρίδα
921 1807 958 1842 Β.
1068 1818 1118 1865 ι9.
1143 1799 1211 1843 τὰς
1233 1807 1415 1850 τραπέζας
1435 1805 1618 1850 γορεύων-

271 1862 334 1891 τες
357 1865 424 1891 τας
441 1852 652 1898 βασιλικάς,
677 1855 742 1886 καὶ
756 1848 802 1886 τοὶ
825 1853 1008 1897 λαβράκια
1035 1856 1099 1886 καὶ
1122 1848 1166 1886 τιὶ
1192 1851 1338 1899 μεγάλα
1355 1851 1449 1884 ἄλλα
1473 1854 1536 1885 καὶ
1561 1853 1616 1885 λι-

270 1894 375 1945 παρὰ
414 1900 561 1944 ὀψάρια
601 1899 808 1944 τρώγοντες
830 1900 911 1946 μετ’
943 1901 1102 1940 ἐκείνου,
1131 1902 1197 1932 καὶ
1218 1897 1261 1932 τὸ
1285 1893 1515 1944 τριγλιανόν
1549 1900 1616 1932 καὶ

273 1946 420 1994 σάμεον
450 1948 589 1993 κρασὶν
620 1947 797 1984 πίνοντες
817 1947 898 1993 μετ’
922 1945 1042 1981 αὐτοῦ
1066 1944 1239 1993 ἄκρατως
1260 1946 1299 1978 Β.

180 2060 358 2094 cumillis
392 2070 458 2105 per
487 2064 584 2094 totos
623 2058 700 2093 dies
737 2059 951 2104 indulgeret.
995 2059 1072 2092 eius
1103 2069 1190 2092 vero
1226 2057 1422 2091 collusores
1448 2057 1614 2091 diadema

179 2118 326 2140 aureum
351 2112 388 2141 et
419 2112 633 2151 gemmatum
665 2107 699 2139 ei
728 2106 927 2140 detractum
951 2106 1025 2139 suis
1050 2105 1252 2151 capitibus,
1277 2105 1334 2137 illi
1358 2115 1442 2138 vero
1468 2105 1614 2138 laneum

179 2153 359 2187 hirsutum
393 2154 531 2198 pileum
563 2153 808 2198 imponebant.
846 2164 967 2198 neque
988 2163 1072 2186 vero
1097 2152 1244 2185 Alexius
1271 2151 1446 2184 duntaxat
1470 2151 1517 2184 ob
1544 2151 1613 2184 hu-

179 2200 335 2234 iusmodi
360 2211 415 2233 res
441 2200 538 2245 apud
562 2199 787 2233 honestiores
811 2200 959 2233 Latinos
999 2205 1035 2232 et
1060 2198 1297 2232 modestiores
1325 2199 1502 2231 Romanos
1528 2209 1612 2231 exe-

179 2248 325 2280 crabilis
361 2247 579 2280 habebatur:
611 2246 675 2279 sed
709 2252 746 2280 et
782 2252 886 2291 pater
910 2247 987 2279 eius
1010 2246 1167 2279 Isaacius
1191 2244 1309 2278 nihilo
1332 2245 1451 2277 minus
1476 2245 1612 2278 invisus

180 2299 278 2335 erat,
309 2305 390 2327 cum
427 2305 547 2327 rursus
574 2292 808 2326 absurdarum
833 2293 1045 2337 opinionum
1082 2292 1307 2336 intemperiis
1331 2292 1548 2335 agitaretur,
1575 2297 1612 2324 et

180 2339 465 2374 divinationibus
503 2346 611 2384 atque
657 2340 811 2372 oraculis
848 2339 1072 2373 foedioribus
1105 2350 1214 2384 quam
1250 2338 1349 2383 prius
1375 2338 1611 2371 incumberet.

179 2398 263 2419 nam
297 2392 381 2420 ante
420 2388 663 2420 monarchiam
686 2387 757 2419 sibi
793 2386 1077 2430 imaginabatur,
1118 2396 1228 2430 seque
1262 2385 1493 2429 impudenter
1528 2396 1610 2417 eum

181 2444 258 2466 esse
282 2433 440 2466 iactabat
479 2434 543 2478 qui
580 2433 814 2466 Occidentem
850 2442 930 2466 cum
965 2432 1114 2466 Oriente
1149 2433 1403 2465 coniuncturus
1438 2438 1475 2465 et
1497 2432 1610 2464 totius

179 2478 307 2512 mundi
343 2480 495 2524 imperio
530 2481 711 2524 potiturus
736 2485 839 2513 esset.
876 2485 952 2512 tum
975 2490 1059 2511 vero
1099 2479 1214 2512 visum
1240 2489 1278 2511 se
1302 2484 1549 2522 recepturum,
1573 2481 1610 2509 et

180 2525 407 2559 articularem
445 2526 607 2560 morbum
637 2532 681 2559 ut
711 2531 914 2571 serpentem
947 2526 1090 2559 exuvias
1128 2526 1347 2570 positurum,
1374 2526 1470 2557 etin
1495 2523 1610 2556 virum

180 2572 249 2605 deo
269 2573 422 2605 similem
437 2583 475 2605 se
499 2574 817 2606 transformatum'
807 2573 853 2605 iri
869 2571 1080 2606 somniabat.
1095 2571 1248 2616 proinde
1270 2571 1434 2603 monachi
1460 2569 1611 2614 quidam

181 2629 316 2652 summe
342 2618 582 2660 execrabiles,
614 2620 798 2664 promissis
825 2619 970 2660 barbis,
1006 2619 1170 2652 homines
1196 2618 1303 2651 invisi
1327 2616 1416 2657 deo,
1442 2616 1609 2660 religioso

181 2665 310 2698 habitu
333 2676 413 2698 cum
437 2675 500 2698 sua
522 2666 716 2709 ignominia
733 2667 935 2710 conspicui:
959 2666 1021 2710 qui
1046 2676 1203 2698 mensam
1226 2663 1461 2708 principalem
1489 2674 1610 2706 perse—

182 2711 409 2758 quebantur,
438 2712 502 2756 qui
529 2712 732 2747 recentibus
756 2718 794 2747 et
819 2712 1015 2759 pinguibus
1031 2710 1190 2758 piscibus
1215 2710 1394 2745 inhiantes
1422 2721 1502 2744 cum
1512 2710 1610 2744 Isaa-

259 2783 407 2818 Nicetas
431 2781 635 2818 Chorziates.
1315 2782 1357 2828 47
