1878 3230
294 148 404 214 524
716 166 945 208 mcum:
984 166 1294 207 cflonTAss

291 263 477 306 δι’πόλει
508 264 584 304 τοῦ
621 260 952 316 καλλιμάρτυρος
980 265 1160 306 Μωκίου
1202 267 1382 318 τέμενος.
1453 267 1594 315 ὥς.δὲ
1620 283 1717 309 ποτε

289 329 392 383 πρὸς
435 327 502 370 τὸν
529 325 708 368 σουλταν
752 328 993 379 ἑπανὲξευξε
1020 328 1220 371 τοιούτων
1247 334 1514 385 παρανομιῶν
1539 333 1718 388 πλήρης,

289 393 361 434 καί
397 391 575 434 πύθοιτο
614 391 815 445 βασιλευς
853 393 929 433 οὐκ
969 395 1030 443 εἰς
1063 394 1231 448 ἀγαθὰς
1263 394 1422 446 ἑννοίας
1448 395 1521 438 καὶ
1550 391 1735 451 πράξειξ

246 458 359 502 Βτόν
379 458 635 513 Ἰκονιιὶρχην
655 456 817 512 ἐνάγειν
835 457 1109 515 Καϊχοσρόην
1129 456 1224 514 ἄρτι
1243 459 1349 516 πρὸς
1366 463 1524 516 πατρὸς
1543 463 1720 504 ἐκλελοι-

289 522 411 572 πότος
457 522 502 566 τὸ
546 525 623 578 ζῆν
648 521 724 578 τήν
761 523 899 578 α’ρχῆν
932 526 1009 566 τοῦ
1036 525 1210 568 Ἰκονίου
1243 525 1488 580 δεξάμενον,
1528 528 1758 581 πρέσβεις5

286 585 441 631 ἔστειλε
451 620 464 642 ,
517 587 590 630 καί
613 588 810 644 χρήματα
840 589 1071 644 παρασχών
1100 592 1157 649 τῷ
1184 590 1363 634 σουλτὰν
1388 594 1722 647 καταπροδοθὲν.

286 669 340 695 τα
386 650 474 708 εἶχε
517 656 590 696 καί
622 653 887 707 α’νοξπεμπτον
928 655 1040 711 αὐτῷ
1081 654 1299 709 γενόμενον
1337 656 1407 700 τὸν
1442 658 1722 713 Μαγκαφᾶν,

151 717 391 774 Ἷαιιπλήν
435 735 480 774 γε
523 723 618 774 μεθ’
655 719 876 775 ὁμολογίας
914 721 986 763 καί
1022 725 1198 772 πίστεως
1230 723 1288 778 μή
1327 720 1436 765 ὥστε
1464 721 1722 777 τοῧπιτιζιιιον

286 785 399 843 αὐτῷ
425 789 498 841 τῆς
530 786 791 835 ἀποστασίας
835 789 1050 828 κείσεσθαι
1078 788 1263 830 θάνατον
1291 784 1319 844 ἢ
1345 791 1473 844 μέρος
1500 790 1722 844 περικοπῆ-

285 866 354 892 ναι
380 852 453 894 καί
480 853 799 907 διαλωβηθῆναι
825 853 900 894 τοῦ
925 850 1136 906 σώματος·
1193 849 1245 895 οὗ
1271 853 1399 910 χάριν
1428 853 1598 910 α’παθὴς
1629 851 1720 896 ὲτέ-
1738 870 1785 898 ιο

285 932 364 971 (mv
397 917 550 967 παντὸς
577 917 726 975 ὀφθεὶς
753 919 884 959 κακοῦ
912 917 1043 971 δεσμά
1067 922 1330 975 κατακέκριτο
1357 920 1523 974 χρόνια.
1577 922 1721 962 τοσοῦ-

285 998 358 1024 τον
386 984 432 1024 δὲ
470 981 516 1024 τὸ
548 981 667 1038 ἔργον
702 982 796 1026 τόδε
833 985 911 1026 τοῦ
935 985 1115 1026 σουλτὰν
1152 990 1236 1033 τοῖς
1262 989 1418 1035 λοιποῖς
1443 986 1575 1028 αὐτοῦ
1601 1002 1720 1027 κασι-

283 1046 458 1103 γνὴτοις,
479 1045 626 1091 ὁπόσοι
653 1048 729 1104 τὴν
761 1048 959 1106 πατρῴαν
987 1049 1123 1104 ἀρχὴν
1139 1052 1416 1093 συνδιείλοντο
1432 1052 1586 1107 ἐκείνῳ,
1615 1051 1721 1092 ἄπο-

283 1113 442 1168 θιίμιον
468 1114 618 1166 ἔδοξεν,
646 1111 754 1157 ὥστε
783 1114 856 1156 καί
883 1111 989 1156 ὅπλα
1019 1111 1173 1171 ἤραντο
1203 1111 1254 1158 ἂν
1281 1118 1369 1158 κατ’
1401 1113 1536 1158 αὐτοῦ
1562 1115 1619 1165 ὥς
1644 1111 1719 1158 ἆν-

283 1183 454 1234 θρωπον
490 1181 533 1229 ἐς
563 1179 693 1221 αὐτὸν
724 1178 924 1230 ἑκουσίως
968 1176 1201 1236 ἆφιγμένον
1225 1180 1522 1237 συνειληφότος
1548 1183 1620 1224 καί
1647 1186 1784 1229 ata-15

282 1243 562 1299 ταπροδόντος
598 1244 815 1298 Ῥωμαίων
846 1249 1017 1299 βασιλεῖ
1052 1247 1122 1287 ἐπὶ
1169 1244 1407 1300 λήμμασιν,
1447 1245 1566 1303 εἰμὴ
1597 1242 1720 1296 οὗτος

283 1310 554 1367 εὖπρόσωπον
581 1312 714 1360 τιθεῖς
739 1309 812 1365 τὴν
839 1311 1057 1366 ἀπόκρισιν
1082 1310 1154 1354 ε’πί
1177 1313 1438 1365 συμβάσεων
1459 1311 1720 1366 ἀποστεῖλαι,

153 1381 267 1426 Κλεώ-3
283 1378 336 1418 ου’
378 1375 461 1432 μὴν
495 1379 831 1432 καταπροδοῦναι
871 1378 1173 1431 διισχυρίζετο,
1209 1379 1283 1419 καί
1319 1378 1508 1432 πλάνητα
1554 1373 1652 1420 ὅντα
1676 1379 1720 1427 ἐς

280 1440 354 1496 τήν
383 1443 564 1498 πατρίδα
591 1447 860 1497 καταγαγεῖν,
890 1441 948 1491 ὥς
984 1444 1128 1497 μηκέτι
1150 1441 1354 1485 διώκοντα
1380 1438 1486 1485 εἶναι
1516 1445 1589 1485 καί
1617 1445 1717 1486 διωο

279 1507 466 1562 κόμενον.
521 1503 595 1549 καί
621 1510 754 1550 ταῦτα
775 1510 854 1561 μὲν
874 1503 985 1562 εἶχεν
1016 1505 1162 1557 οὕτως.
1729 1525 1782 1552 20

389 1577 430 1616 3.
491 1573 581 1616 Οὔκ
619 1569 671 1627 ἦν
708 1575 755 1615 δὲ
780 1574 1021 1626 λυκάβαντα
1051 1577 1275 1628 παρελθεῖν
1299 1574 1359 1628 μή
1387 1590 1428 1614 τι
1455 1575 1718 1628 ἕπενεγκόντα

279 1637 417 1681 κοινόν
445 1639 744 1695 α’ποτρόπαιον,
778 1638 835 1687 ὣς
864 1638 977 1695 εἴπερ
1008 1638 1051 1681 τὸ
1075 1642 1190 1681 θεῖον
1218 1641 1449 1682 ἐπέκλωσεν
1474 1639 1716 1696 ἀνειρηνεύ-
1765 1656 1768 1661 ·

372 1761 405 1786 2.
428 1748 694 1796 παρανομιῶν]
721 1748 1073 1797 ἄνδραγαθημοίτων
1097 1751 1137 1785 Α.
1210 1753 1482 1797 7.μαγγτιφᾶν,
1507 1750 1596 1797 μεθ’
1621 1751 1716 1798 ὁμο-

370 1798 500 1840 λογίας
521 1798 656 1843 μέντοι
680 1798 743 1830 καὶ
767 1797 806 1830 A.
931 1807 981 1841 17.
1007 1796 1243 1845 ἀποστεῖλαι]
1272 1797 1486 1832 ἀποδοῦναι
1510 1799 1548 1830 Α.
1665 1801 1714 1834 ι8.

371 1844 417 1878 ου’
442 1845 576 1892 μέντοι
600 1843 639 1877 A.

277 1940 397 1984 gantia
429 1945 466 1972 et
485 1939 712 1983 longitudine
738 1940 819 1974 Divi
836 1941 946 1974 Mocii
972 1942 1134 1984 martyris
1161 1940 1284 1973 aedem
1310 1941 1347 1973 in
1376 1941 1464 1973 urbe
1489 1941 1716 1985 imperatrice

277 1986 482 2031 superabat,
508 1986 653 2019 incendi
666 1998 790 2032 passus
812 1992 875 2020 est.
902 1993 940 2020 ut
965 1993 1083 2026 autem
1108 1987 1316 2020 huiusmodi
1343 1987 1562 2020 facinoribus
1586 1988 1715 2032 plenus

275 2033 422 2066 tandem
456 2031 502 2064 ad
534 2033 722 2066 Sultanum
748 2033 881 2074 rediit,
922 2038 958 2066 et
983 2034 1176 2078 imperator
1203 2033 1248 2066 ad
1271 2035 1385 2066 Iconii
1409 2034 1606 2078 principem
1633 2034 1716 2066 Cai-

275 2079 462 2120 chosroen,
479 2080 579 2113 cuius
598 2086 700 2125 pater
720 2091 835 2124 nuper
855 2079 1044 2113 defunctus
1071 2085 1157 2121 erat,
1180 2080 1313 2122 legatos
1341 2081 1448 2120 misit,
1467 2079 1565 2124 quod
1589 2091 1670 2112 eum
1694 2091 1714 2112 a

274 2126 476 2169 Mangapha
501 2127 539 2159 in
563 2127 799 2170 cogitationes
824 2132 860 2159 et
876 2127 1035 2159 actiones
1059 2137 1133 2160 non
1149 2127 1261 2159 bonas
1277 2126 1400 2159 induci
1414 2125 1572 2166 videbat,
1590 2131 1627 2159 et
1643 2126 1715 2158 lar-

275 2172 475 2216 gitionibus
508 2173 714 2217 impetravit
750 2178 792 2205 ut
816 2173 879 2205 ille
907 2172 1068 2205 desertus
1102 2184 1142 2206 ac
1165 2172 1330 2217 proditus
1354 2172 1399 2204 ad
1424 2183 1461 2205 se
1485 2173 1715 2212 mitteretur,

276 2229 319 2251 ea
344 2223 464 2252 tamen
488 2218 696 2251 conditione
724 2225 765 2252 ut
791 2218 1030 2252 defectionem
1062 2230 1128 2252 nec
1151 2220 1268 2263 capite
1295 2229 1361 2251 nec
1384 2217 1614 2251 mutilatione
1638 2219 1715 2251 lae-

276 2265 423 2298 sioneve
464 2264 574 2297 ullius
600 2265 752 2298 membri
779 2266 905 2298 lueret.
935 2276 1007 2309 qua
1032 2265 1076 2297 de
1102 2277 1207 2298 causa
1234 2265 1348 2297 omnis
1372 2264 1519 2297 alterius
1542 2265 1627 2297 mali
1652 2276 1714 2298 ex-

274 2322 357 2355 pers
384 2310 431 2342 ad
466 2310 674 2344 diuturnum
711 2321 885 2344 carcerem
917 2317 971 2343 est
994 2311 1192 2344 damnatus.
1222 2310 1259 2342 id
1283 2310 1415 2343 factum
1443 2310 1534 2343 adeo
1564 2312 1713 2345 caeteris

270 2357 418 2390 §ultani
444 2356 639 2397 fratribus,
674 2358 737 2403 qui
778 2368 924 2400 regumn
951 2368 1029 2389 cum
1057 2369 1099 2390 eo
1126 2357 1338 2397 diviserant,
1374 2356 1585 2402 displicuit,
1612 2363 1653 2391 ut
1677 2363 1714 2391 et

276 2413 372 2436 arma
397 2403 431 2435 ei
456 2403 594 2436 illaturi
629 2403 783 2444 fuerint,
817 2402 915 2448 quod
940 2402 1122 2436 hominem
1150 2403 1338 2448 profugum
1368 2408 1404 2436 et
1426 2403 1623 2448 supplicem
1648 2415 1713 2449 pe-

276 2449 403 2483 cuniae
439 2460 544 2481 causa
579 2450 818 2483 Romanorum
850 2450 1058 2493 imperatori
1090 2449 1333 2493 prodidisset,
1361 2450 1432 2482 nisi
1463 2450 1625 2494 specioso
1656 2461 1712 2483 re-

275 2507 407 2541 sponso
422 2494 644 2527 iracundiam
662 2496 805 2528 illorum
822 2495 1008 2539 placasset.
1039 2494 1161 2528 aiebat
1187 2495 1281 2528 enim
1306 2507 1344 2528 se
1368 2496 1631 2540 pacificationis
1655 2507 1712 2528 er-

275 2553 318 2586 go
345 2542 448 2577 illum
473 2541 666 2582 remisisse,
695 2552 923 2587 nequaquam
947 2551 1030 2574 vero
1066 2540 1287 2585 prodidisse3
1314 2548 1350 2575 et
1376 2542 1558 2575 hominem
1584 2553 1710 2586 vagum

274 2591 314 2622 in
338 2589 490 2633 patriam
515 2588 714 2621 restituisse
730 2614 738 2629 ,
766 2593 807 2621 ut
831 2598 898 2620 nec
924 2588 1001 2632 ipse
1026 2587 1115 2621 alios
1137 2598 1203 2621 nec
1226 2588 1342 2633 ipsum
1369 2589 1432 2622 alii
1458 2599 1564 2634 porro
1590 2599 1711 2635 perse-

276 2640 482 2680 querentur.
509 2639 618 2679 atque
646 2634 735 2667 haec
759 2634 941 2667 hactenus.
1730 2671 1744 2680 ἢ

368 2682 399 2713 3.
448 2681 574 2725 Neque
607 2692 689 2713 vero
728 2682 822 2714 ullus
851 2691 962 2713 annus
999 2680 1093 2713 elabi
1118 2686 1260 2724 poterat
1287 2681 1375 2724 quin
1398 2681 1542 2726 publice
1571 2680 1709 2713 abomi-

275 2727 386 2764 nundi
410 2727 549 2774 aliquid
584 2730 745 2767 afferret,
778 2737 856 2763 uon
892 2726 996 2762 aliter
1032 2734 1139 2775 quam
1178 2727 1210 2761 si
1240 2728 1398 2763 numinis
1428 2727 1630 2772 indignatio
1651 2726 1709 2762 ini
