1878 3230
337 225 408 266 DE
447 192 646 265 Ammo
685 221 883 264 1sAAcu
921 221 1118 263 ANGEJJ
1159 222 1243 263 ΕΒ.
1277 222 1376 263 Lm.
1401 222 1474 263 111.
1541 201 1654 256 683

223 314 342 378 ἡμῶν
369 323 608 378 εὑρίσκεται
633 325 718 365 τῶν
746 321 1025 378 ἅμαρτωλῶν”
1054 324 1127 364 καί
1151 322 1278 363 πάλιν
1294 313 1504 375 ,ἤνθησεν
1529 320 1574 362 ἐν
1600 318 1696 376 τῷΒ

221 388 353 447 νόμῳ,
381 385 560 444 ηὔξησεν
587 390 632 430 ἐν
659 393 746 437 τοῖς
776 388 1040 444 προφήταις,
1074 388 1287 444 ὥρι’μασεν
1315 389 1360 429 ἐν
1385 388 1442 443 τῷ
1468 385 1659 441 σταυρῷ,

223 455 410 497 ἐσθίεται
440 453 549 507 μετὰ
577 453 654 508 τήν
679 452 907 495 ἀνάστασιν
921 455 957 506 ,”
992 455 1066 495 καί
1094 454 1200 508 πρὸς
1234 450 1397 502 τούτοις
1437 451 1495 500 ὥς
1537 451 1662 492 ου’δὲν

223 519 361 575 ἕτερόν
388 522 502 562 ἐστιν
529 515 560 574 ἢ
585 521 714 561 ἐκεῖνο
744 518 789 559 τὸ
819 520 942 570 σῶμα
972 515 996 558 ὃ
1021 520 1097 560 τοῢ
1123 517 1310 560 θανάτου
1340 523 1523 572 κρεῖττον
1552 516 1661 558 ἐδεί-

189 587 212 627 5
221 589 310 641 χθη
339 587 411 626 καί
433 586 506 639 τῆς
533 586 642 638 ζωῆς
668 583 788 638 ἡμῶν
816 581 1143 638 προκατήρξατο·
1197 583 1390 637 καθάπερ
1422 581 1504 636 γὰρ
1531 578 1662 635 μικρὰ

225 651 358 706 ζύμη,
388 647 500 691 καθά
533 665 660 705 φησιν
683 647 705 690 ὅ
735 647 984 700 α’πόστολος,
1020 646 1118 691 ὅλον
1146 648 1190 690 τὸ
1222 650 1400 704 φύραμα
1426 647 1532 703 πρὸς
1563 642 1663 687 ἑαυ-

222 715 298 772 τὴν
323 719 513 769 ἐξομοιοῖ
536 715 609 757 καὶ
635 714 796 767 ἰσάζει,
828 711 940 755 οὕτω
970 716 1042 755 καί
1067 712 1111 756 τὸ
1144 713 1427 755 ἅθανατισθὲν
1455 715 1535 755 τοῦ
1559 714 1665 754 θεοῦ

223 784 349 836 σῶμα
374 784 420 824 ἐν
446 782 505 838 τῷ
531 780 717 837 ἡμετέρῳ
750 780 965 833 γενόμενον
994 779 1158 832 σώματι
1185 776 1281 821 ὅλον
1306 778 1409 834 πρὸς
1435 776 1560 821 ἑαυτὸ
1591 793 1664 831 με·-

223 851 392 890 ταποιεῑ·
414 848 487 888 καί
511 847 797 900 μετατίθησιν.
854 846 1023 886 κάκεῖνα
1054 847 1100 887 δὲ
1128 846 1211 886 τῶν
1236 846 1310 886 τοῦ
1334 846 1577 898 λαμπτῆρος
1594 845 1666 897 τῆς

167 915 440 968 ιοέκκλησίας
465 913 677 965 Εὕτυχίου
710 910 990 966 προυτίθεσαν
1014 912 1149 965 ἕτεροι
1185 907 1314 964 ,,ὁ’λον
1347 906 1424 952 οὖν
1462 908 1509 951 τὸ
1553 905 1665 950 ἅπαν

224 975 344 1034 ἅγιον
369 981 494 1030 σῶμα
522 979 596 1019 καί
621 976 664 1019 τό
690 980 827 1029 τίμιον
859 971 964 1030 αἷμα
999 978 1076 1018 τοῦ
1104 978 1252 1032 κυρίου
1286 978 1478 1030 δέχεται,
1515 970 1592 1016 κᾶν
1628 975 1669 1015 εἰ

223 1047 351 1098 μέρος
394 1059 458 1092 τις
501 1043 661 1085 τούτων
710 1044 906 1097 δέξηται·
961 1043 1176 1097 μερίζεται
1210 1040 1290 1096 γὰρ
1340 1040 1576 1096 ἅμερίστως
1622 1041 1668 1081 ὲν

225 1107 359 1152 ἅπασι
386 1109 456 1151 διὰ
476 1107 551 1163 τήν
578 1106 758 1162 ἐμμιξιν,
785 1107 928 1156 καθώς
954 1109 1028 1149 καί
1051 1108 1232 1162 σφραγίς
1256 1105 1335 1158 μία
1364 1105 1502 1148 πάντα
1528 1104 1579 1148 τοὶ
1599 1107 1668 1148 ἑκ-

224 1172 459 1228 τυποόματα
485 1175 616 1229 αὐτῆς
643 1175 716 1215 καί
740 1172 1005 1229 μορφώματα
1042 1177 1130 1220 τοῖς
1164 1172 1558 1225 μεταλαμβάνουσιν
1592 1187 1708 1224 pce-c

167 1242 455 1293 ι5ταδίδωσι,
488 1241 560 1281 καί
583 1242 663 1293 μία
690 1241 808 1291 μένει
832 1237 906 1280 καί
935 1238 1042 1291 μετὰ
1071 1235 1148 1292 τήν
1173 1235 1421 1291 μετάδοσιν,
1448 1237 1526 1278 οὖκ
1552 1238 1669 1278 ἐλατ-

222 1307 400 1360 τουμένη
442 1306 543 1347 οὐδὲ
581 1303 858 1358 οἷλλοιουμένη
895 1301 999 1358 πρὸς
1031 1301 1084 1344 τὰ
1125 1304 1383 1356 μετέχοντα,
1427 1298 1505 1344 κᾶν
1548 1295 1575 1359 ᾗ
1613 1303 1671 1359 τῷ

225 1371 400 1429 ἀριθμῷ
424 1370 622 1423 πλείονα,
670 1365 699 1424 ἢ
727 1371 800 1411 καί
842 1367 898 1418 ὥς
942 1371 1021 1423 μία
1064 1367 1183 1425 φωνή
1232 1368 1313 1410 ὑπό
1354 1383 1467 1417 τινος
1509 1383 1619 1422 προα
1649 1393 1669 1400 -

222 1439 380 1490 χθεῖσα
422 1438 495 1478 καί
538 1437 598 1485 εἰς
644 1435 749 1489 οἷέρα
782 1438 958 1488 χεθεῖσα
992 1437 1062 1476 καί
1086 1437 1131 1475 ἐν
1170 1435 1226 1491 τῷ
1251 1433 1409 1488 «ταύτην
1450 1436 1665 1490 προεμένῳ

227 1502 343 1543 πᾶσα
387 1503 504 1555 μένει
549 1499 624 1543 καί
658 1503 704 1543 ἐν
743 1502 800 1558 τῷ
842 1501 939 1556 α’έρι
982 1502 1178 1555 γενομένη
1227 1502 1343 1541 πᾶσα
1389 1505 1480 1549 ταῖς
1524 1499 1671 1546 α’κοαῖς

164 1586 216 1613 20
229 1565 390 1609 πάντων
440 1568 692 1620 ἐναπετέθη,
746 1566 918 1615 ου’ὃενὸς
975 1570 1114 1607 πλεῖον
1170 1561 1199 1618 ἢ
1243 1564 1413 1607 ἔλαττον
1460 1566 1538 1606 τοῦ
1581 1562 1671 1605 ἑτέ-

224 1648 304 1686 ·ρου
334 1634 415 1674 τιόν
442 1632 708 1674 ἀκουσάντων
734 1632 1049 1685 εἰσδεχομένου,
1091 1630 1197 1672 ἀλλὰ
1229 1627 1304 1684 ὅλη
1334 1630 1445 1672 ἐστίν
1481 1629 1672 1685 ἀδιαίρε-

228 1713 297 1746 τος
324 1699 397 1739 καί
421 1695 645 1752 ὁλόκληρος
689 1695 805 1751 παρὰ
848 1697 974 1749 πᾶσι,
1018 1693 1096 1737 κᾶν
1137 1695 1283 1750 μύριοι
1321 1694 1393 1736 τὸν
1428 1689 1669 1748 ἁριθμὸνῆ

230 1763 398 1813 πλείους
425 1758 530 1804 αἷσιν
558 1760 597 1803 οἱ
626 1759 891 1815 ἀκούσαντες,
923 1762 1057 1803 καίτοι
1088 1763 1210 1814 σῶμα
1237 1758 1509 1816 ὑπάρχουσα·
1547 1760 1673 1800 οὐδὲν

322 1874 356 1907 6.
382 1873 545 1919 φύραμα
570 1873 685 1917 ζυμοῖ
706 1874 772 1905 καὶ
795 1866 892 1917 πρὸς
913 1872 951 1907 Β.
1081 1884 1115 1916 9.
1143 1870 1184 1906 δὲ
1208 1881 1266 1904 om
1291 1872 1342 1911 A,
1368 1872 1432 1916 qui
1458 1881 1541 1904 mox
1568 1870 1670 1904 ἐκκλ.
1700 1913 1701 1916 ¹

324 1922 588 1963 προτιθέντων
612 1919 791 1964 εὐτυχίου
815 1919 917 1954 ὅλον.
1006 1930 1055 1953 ιι.
1080 1922 1210 1964 τίμιον
1235 1929 1293 1952 om
1317 1917 1356 1951 A.
1478 1919 1527 1963 ¹4·
1557 1916 1671 1960 αὐτῆς

324 1977 383 1999 om
409 1966 447 1998 A.
540 1965 878 2012 μεταμορφώματα
901 1966 939 2001 Β.

232 2055 399 2091 manibus
426 2057 640 2091 invenitur.'’
668 2058 755 2091 item
779 2069 1066 2104 „quamcumque
1085 2063 1223 2104 partem
1250 2057 1444 2103 acceperis,
1458 2067 1537 2090 eum
1556 2060 1674 2089 totum

234 2103 384 2148 accipis,
412 2105 477 2149 qui
500 2116 520 2137 a
543 2104 682 2138 Thoma
707 2105 875 2151 palpatus
902 2107 992 2139 est.''
1023 2111 1058 2139 et
1090 2106 1163 2139 alio
1193 2106 1273 2138 loco
1309 2104 1457 2146 „floruit
1491 2105 1530 2136 in
1569 2103 1673 2147 lege,

234 2150 395 2183 adolevit
418 2151 457 2184 in
482 2150 689 2196 prophetis,
721 2153 898 2186 maturuit
922 2153 960 2186 in
991 2163 1118 2194 cruce,
1158 2151 1360 2185 comeditur
1391 2155 1476 2196 post
1515 2161 1672 2183 resurre-

235 2198 402 2241 ctionem.
428 2209 547 2243 neque
575 2198 671 2231 enim
695 2198 796 2232 aliud
823 2198 861 2232 id
887 2204 942 2233 est
969 2199 1069 2245 quod
1092 2199 1311 2245 percipitur,
1339 2209 1447 2243 quam
1474 2196 1567 2230 illud
1594 2208 1673 2229 cor-

233 2255 301 2289 pus
324 2244 423 2288 quod
447 2250 560 2278 morte
587 2250 754 2290 superata
778 2246 889 2279 vitam
912 2252 1069 2279 nostram
1096 2247 1316 2291 auspicatum
1343 2250 1407 2278 est.
1432 2248 1474 2277 ut
1494 2244 1590 2277 enim
1608 2255 1672 2288 pa-

235 2301 314 2323 rum
338 2291 506 2324 fermenti
524 2296 637 2325 totam
662 2304 814 2326 massam
837 2293 1029 2326 fermentat
1056 2298 1094 2326 et
1117 2293 1187 2326 sibi
1212 2293 1364 2326 similem
1383 2297 1419 2325 et
1441 2301 1564 2336 parem
1591 2289 1673 2323 red-

237 2337 311 2378 dit,
347 2342 389 2370 ut
417 2337 519 2372 divus
543 2340 728 2383 apostolus
751 2340 821 2380 ait,
846 2340 897 2373 sic
920 2340 1123 2373 immortale
1150 2339 1284 2373 factum
1311 2338 1371 2372 dei
1405 2349 1556 2382 corpus,
1591 2348 1673 2370 cum

235 2383 275 2416 in
306 2389 428 2418 nostro
452 2395 600 2429 corpore
626 2386 756 2427 fuerit,
782 2391 898 2420 totum
923 2386 962 2419 id
986 2387 1024 2420 in
1052 2397 1090 2420 se
1114 2391 1311 2420 commutat
1333 2391 1370 2419 et
1392 2385 1598 2418 transsert.''
1622 2383 1674 2416 ait

237 2434 275 2462 et
299 2441 446 2474 magnus
470 2432 666 2475 Eutychius
693 2438 835 2473 „totum
867 2434 977 2478 igitur
1010 2439 1273 2467 sacrosanctum
1304 2443 1432 2476 corpus
1461 2437 1499 2464 et
1535 2431 1672 2474 pretio-

237 2486 315 2508 sum
338 2478 547 2521 sanguinem
573 2478 711 2512 domiui
746 2480 878 2525 accipit
901 2480 1033 2520 homo,
1072 2481 1140 2513 etsi
1171 2479 1300 2513 horum
1334 2483 1473 2524 partem
1514 2477 1673 2521 aliquam

238 2523 425 2566 acceperit.
454 2524 686 2563 distribuitur
711 2527 806 2559 enim
835 2527 1109 2572 impartibiliter
1138 2528 1234 2560 inter
1264 2537 1387 2559 omnes
1419 2529 1567 2569 propter
1605 2523 1674 2554 im-

238 2568 465 2622 misti-onem,
491 2577 532 2605 ut
554 2583 668 2605 unum
703 2573 860 2618 sigillum
887 2584 1009 2607 omues
1042 2574 1215 2618 imagines
1251 2584 1331 2606 suas
1368 2570 1465 2604 omni
1500 2569 1674 2602 materiae

239 2616 430 2658 imPflmit,
455 2622 492 2650 et
516 2629 626 2651 unum
653 2625 776 2653 manet
801 2620 910 2653 etiam
934 2625 1017 2665 post
1043 2619 1424 2657 communicationem,
1449 2627 1522 2648 non
1557 2616 1675 2648 immi-

238 2667 386 2702 nutum,
427 2673 500 2695 non
525 2670 700 2698 mutatum
725 2667 763 2699 in
792 2678 834 2699 ea
871 2667 909 2700 in
934 2667 1066 2711 quibus
1093 2677 1298 2712 expressum
1324 2669 1396 2703 est,
1434 2663 1501 2694 etsi
1526 2673 1674 2694 numero

240 2707 345 2752 plura
370 2708 514 2741 fuerint.
534 2710 734 2756 eodemque
758 2713 866 2746 modo
890 2725 961 2746 una
979 2725 1048 2746 vox
1074 2713 1117 2745 ab
1144 2713 1266 2757 aliquo
1295 2710 1436 2755 prolata
1461 2713 1498 2740 et
1527 2709 1565 2740 in
1591 2713 1674 2742 abre

242 2753 391 2795 diffusa,
417 2754 454 2788 in
486 2766 528 2788 eo
554 2757 616 2801 qui
642 2768 719 2790 eam
745 2760 898 2804 protulit
920 2765 996 2793 tota
1026 2764 1172 2799 manet,
1202 2764 1238 2791 et
1273 2768 1337 2801 per
1376 2758 1494 2788 aerem
1526 2760 1602 2788 tota
1630 2755 1675 2788 ad

244 2811 345 2835 aures
374 2802 571 2846 perfertur,
611 2804 754 2839 nemine
791 2805 995 2840 auditorum
1024 2806 1105 2851 plus
1135 2805 1296 2840 minusve
1332 2801 1576 2849 percipiente:
1611 2802 1674 2836 sed
