1838 3210
445 180 515 219 DE
553 177 805 219 MANUELE
847 175 1109 217 COMNENO
1148 177 1247 216 Lm.
1290 177 1343 215 11.
1508 173 1606 207 121

188 279 320 317 νετίαν
350 277 520 331 α’φίκετο
547 277 770 330 πρότερον,
802 276 875 314 καί
900 273 1209 330 μισθοφορικὸν
1237 275 1397 316 ἐκεῖθεν
1423 268 1618 326 ἆγηοχώς

187 336 266 381 κᾶκ
295 343 379 382 τῶν
402 339 690 383 Ἰταλιωτίδων
715 340 871 394 χωρῶν
900 338 1232 394 στρατολογήσας
1260 337 1389 394 ἁδρὸν
1420 351 1619 391 κοντοφο-

187 404 300 459 ρικὸν
327 407 400 447 καί
422 405 638 460 γενόμενος
667 401 747 459 ἤδη
772 403 1114 458 μεγαλοδύναμος
1141 403 1246 459 πρὸς
1272 402 1351 458 τήν
1376 405 1617 456 Λογγιβαρ-

188 472 284 512 δίαν
315 474 588 523 κατέπλευσε,
620 472 692 511 καί
710 471 922 521 συμμίξας
943 476 1033 518 ταῖς
1066 471 1197 511 ἐκεῖσε
1216 469 1420 522 δυνάμεσι
1445 467 1519 509 τοῦ
1543 465 1621 521 ῥη-

152 534 261 588 5γὸς
287 540 595 592 τροπαιοφορεῖ
613 535 704 575 κατ’
732 530 871 575 αὐτῶν
898 533 970 574 καί
987 533 1120 583 νίκαις
1147 535 1370 576 α’ναδεῖται
1395 537 1659 586 λαμπραῖς,0

187 600 296 654 ἔχων
323 600 395 642 ἐπὶ
419 598 519 642 πᾶσι
545 596 846 654 συγκροτοῦντοί
875 596 913 639 οἱ
943 600 1016 640 καί
1039 596 1525 652 συναντιλαμβανόμενον
1553 598 1628 637 καί

187 681 278 706 ηνα
306 666 466 719 κόμητα
495 665 772 717 Ἀλέξανδρον
791 696 803 715 ,
841 665 886 704 έκ
914 666 1073 705 ταυτοῦ
1102 666 1181 716 μὲν
1207 664 1469 718 ἀπορρύεντα
1494 663 1624 715 αἷμα·-

186 744 255 778 τος
285 731 344 786 τῷ
384 729 505 785 ῥηγί,
546 727 922 784 προσκεχωρηκότα
961 730 1006 770 δὲ
1032 727 1287 784 προσφάτως
1318 729 1541 780 Ῥωμαίοις
1568 727 1623 767 δι’

187 792 239 841 ἃς
266 794 422 848 ὑπέστη
457 798 556 848 παρ’
596 794 730 835 αὐτοῦ’
769 791 1005 849 συμφοράς.
1077 792 1150 835 καί
1173 793 1196 834 ὅ
1223 796 1302 846 μὲν
1329 790 1623 845 Παλαιολόγος

130 872 175 898 ιο
188 858 262 901 ἀεί
282 875 372 908 πως
414 858 730 911 ἐνεπλατύνετο,
761 858 834 900 καί
862 861 1044 914 σπείρων
1084 859 1317 915 φιλοτίμως
1351 859 1423 899 καὶ
1450 855 1624 905 διαδούς

186 922 239 966 τὰ
279 922 477 980 χρήματα
515 923 660 967 ἐλύπει
697 926 868 978 καιρίως
907 922 978 965 τὸν
1016 921 1150 979 ῥῆγα,
1193 925 1267 966 καί
1293 925 1420 966 εἰσέτι
1458 922 1626 977 δράσων

187 990 340 1031 ἐκεῖνον
371 990 559 1039 ἐπίδοξος
585 985 639 1043 ἦν
665 988 716 1030 τὰ
748 987 974 1044 α’νήκεστα,
1012 991 1209 1038 πλείστας
1235 990 1317 1031 τῶν
1343 990 1476 1030 ἐκεῖθι
1502 985 1626 1028 πόλε-

189 1069 247 1095 ων
273 1053 350 1103 τὰς
377 1056 455 1108 μὲν
486 1053 684 1111 ὁμολογίᾳ
708 1053 980 1110 χειρούμενος
1005 1053 1082 1103 τὰς
1102 1055 1149 1096 δὲ
1175 1056 1490 1109 καταστρέφων.
1518 1051 1626 1094 ἀλλὰ

189 1117 261 1160 καὶ
289 1121 421 1161 λίθων
446 1122 776 1172 μετενεχθέντων
803 1119 984 1172 ἐκεῖθεν,
1016 1120 1094 1161 καί
1118 1135 1241 1161 τινων
1271 1120 1627 1173 (ἐπιπεμφθέντων

131 1181 466 1237 ι5αἰχμαλοᾶτων
496 1186 555 1241 τῷ
581 1188 772 1238 βασιλεῖ,
803 1182 921 1233 πόλις
958 1184 1064 1227 κατὰ
1094 1183 1168 1239 τὴν
1197 1186 1280 1226 τῶν
1302 1186 1628 1237 Λίγαιοπελαγι-

188 1250 271 1291 ταῖν
295 1249 441 1304 χώραν
465 1252 717 1303 τειχίζεται,
746 1250 871 1305 Βάρη
900 1251 971 1292 καί
994 1249 1198 1293 Αὕλωνία
1226 1247 1490 1305 παρωνύμως
1516 1248 1668 1291 gaitan

189 1314 480 1369 ω’νομασμένη.

298 1395 339 1435 7.
395 1380 608 1430 Βασιλεύς
642 1383 688 1424 δὲ
729 1377 856 1430 αὐτὸς
901 1375 1030 1430 αὖθις
1072 1378 1227 1433 μαθων
1270 1385 1514 1434 κακουργεῖν
1558 1380 1629 1421 τὸν

188 1446 368 1499 ,Σερβίας
397 1446 696 1488 δυναστεύοντα
717 1443 865 1501 οὔρεσι
883 1446 956 1488 καί
964 1449 1138 1501 χείρονα
1162 1446 1270 1500 δρᾶν
1295 1447 1377 1486 τῶν
1408 1447 1634 1499 προτέρων,

128 1526 179 1551 no
190 1508 248 1558 (ὃς
272 1511 344 1552 καί
369 1513 626 1552 σπείσασθαι
656 1512 764 1554 κατὰ
785 1512 1004 1565 Ῥωμαίων
1032 1517 1118 1560 τοῖς
1143 1514 1303 1566 γείτοσι
1328 1509 1515 1562 Παίοσι,
1542 1511 1634 1552 δισ-

189 1574 306 1617 σεύει
335 1578 423 1617 κατ’
464 1576 631 1630 αιῖτῶν,
670 1576 727 1625 ὥς
767 1576 827 1632 μὴ
874 1576 1117 1631 ἀξιομάχων
1156 1573 1461 1632 ἀφροντιστῶν.
1516 1573 1632 1616 οἶδὲ

191 1639 264 1681 καί
290 1637 393 1695 ὖπὲρ
417 1640 542 1690 δόξαν
556 1648 704 1696 χεῖρας
734 1637 931 1697 ἆντῆραν,
959 1641 1117 1684 καὶτὸν
1137 1645 1228 1683 κατ’
1248 1639 1474 1695 ὀφθαλμὸν
1502 1637 1632 1693 ἐθάρ-

192 1720 324 1759 ρησαν
350 1704 531 1758 πόλεμον
547 1738 558 1756 ,
590 1710 781 1748 πλεῖστον
817 1705 1087 1760 συμμαχικόν
1123 1702 1329 1748 Οὗννικὸν
1355 1702 1629 1758 ἐπαγόμενοι,

193 1766 259 1811 ὅτε
284 1769 357 1812 καί
393 1770 415 1811 ὁ
448 1772 795 1826 Καντακουζηνὸς
829 1772 1022 1826 Ἰωάννης
1065 1768 1321 1823 συμπλακεὶς
1359 1776 1444 1818 τοῖς
1468 1766 1632 1823 βαρβά-

293 1901 319 1922 ι.
341 1885 652 1933 μισθοφορικὸν]
680 1886 886 1927 πεζικόνΑ.
973 1899 1023 1922 ιο.
1050 1885 1228 1932 σπείρων]
1257 1885 1435 1929 παρέχων
1447 1885 1483 1918 Β.
1583 1896 1632 1917 ιι.

289 1933 457 1979 καιρίως]
482 1937 599 1979 μέχρι
625 1935 688 1966 καὶ
713 1933 882 1968 θανάτου
906 1934 942 1966 Β.
1088 1935 1136 1968 15.
1162 1929 1256 1966 nato?
1287 1928 1370 1978 τὴν]
1398 1933 1451 1968 εἰς
1475 1929 1542 1966 τὸν
1563 1934 1633 1966 τοῦ

288 1979 534 2026 σκαμιίνδρου
566 1980 687 2014 τόπον
711 1981 748 2013 Β.
861 1983 910 2016 ι8.
938 1975 1005 2013 τὸν
1025 1979 1123 2024 ῥῆγα
1148 1981 1295 2022 σερβίας
1317 1976 1385 2012 τὸν
1412 1977 1572 2023 οὔρεσην
1594 1978 1632 2010 B.

287 2037 340 2062 20.
368 2032 446 2063 τοῖς
468 2027 627 2073 γείτοσι]
654 2027 694 2060 ἐκ
715 2028 789 2062 τῶν
817 2025 993 2071 οὔγγρων
1027 2026 1248 2072 συμμαχίαν
1268 2022 1390 2070 λαβὼν
1411 2024 1449 2057 Β.

196 2130 234 2162 in
259 2127 509 2172 Longobardia
534 2127 705 2172 appellit,
741 2128 867 2172 ibique
895 2128 986 2172 regis
1014 2128 1135 2172 copias
1158 2125 1363 2159 illustribus
1390 2125 1550 2158 victoriis
1575 2136 1635 2158 su-

195 2180 318 2220 perat,
346 2180 529 2207 strenuam
565 2185 709 2218 operam
737 2175 776 2207 in
811 2174 918 2207 rebus
949 2174 1116 2207 omnibus
1142 2179 1297 2206 navante
1323 2172 1454 2205 comite
1478 2171 1634 2216 quodam

195 2220 398 2255 Alexandro
437 2221 527 2264 regis
550 2226 718 2264 cognato,
752 2221 816 2265 qui
854 2220 901 2253 ob
926 2221 1076 2253 iniurias
1100 2220 1147 2253 ab
1184 2220 1248 2252 illo
1273 2218 1344 2252 sibi
1368 2219 1487 2252 illatas
1511 2229 1636 2252 recens

197 2267 243 2300 ad
270 2269 447 2300 Romanos
480 2266 670 2300 defecerat.
699 2278 741 2300 ac
766 2267 971 2310 Palaeologi
1011 2278 1096 2311 opes
1125 2265 1279 2300 subinde
1304 2264 1548 2309 augebantur3
1572 2265 1637 2309 qui

199 2325 279 2347 cum
301 2314 491 2358 pecuniam
516 2313 718 2346 liberaliter
745 2312 1003 2353 distribueret,
1035 2314 1109 2357 regi
1133 2313 1371 2358 permolestus
1399 2316 1476 2344 erat
1500 2316 1538 2343 et
1559 2322 1637 2343 ma-

198 2361 310 2393 xlmas
334 2359 454 2393 clades
491 2360 657 2393 illaturus
689 2359 907 2404 putabatur,
946 2359 1120 2404 plurimas
1157 2359 1265 2393 urbes
1290 2358 1422 2403 partim
1448 2357 1637 2390 deditione

198 2407 327 2451 partim
351 2406 388 2439 vi
410 2405 608 2450 capiendo3
633 2417 675 2438 ac
693 2407 787 2439 saxis
802 2405 887 2438 inde
910 2406 1093 2439 translatis
1110 2411 1146 2439 et
1171 2405 1321 2450 captivis
1345 2404 1488 2449 aliquot
1510 2403 1556 2437 ad
1570 2404 1637 2436 im-

198 2457 400 2496 peratorem
424 2453 560 2493 missis,
591 2453 630 2485 in
659 2463 720 2485 ora
744 2453 875 2496 Aegaei
901 2453 1009 2486 maris
1033 2452 1159 2486 urbem
1183 2462 1276 2498 quae
1295 2451 1404 2485 etiam
1427 2461 1526 2484 nunc
1546 2450 1637 2483 Bate

200 2504 238 2532 et
258 2499 412 2531 Aulonia
439 2499 646 2535 nominatur
661 2524 671 2539 ‚
694 2499 822 2531 munit.

291 2555 323 2589 7.
371 2546 450 2589 Ipse
478 2556 560 2577 vero
588 2545 783 2589 imperator
806 2545 956 2588 cognitis
981 2544 1124 2576 Set-viae
1155 2543 1328 2588 principis
1355 2542 1498 2576 iniuriis
1524 2541 1637 2573 maio-

202 2589 300 2623 ribus
319 2601 427 2635 quam
453 2591 656 2636 superiores
684 2592 850 2630 fuerant,
877 2596 914 2623 et
938 2591 1204 2635 conspiratione
1231 2602 1311 2622 cum
1340 2589 1502 2622 finitimis
1526 2588 1638 2620 Paeo-

200 2634 308 2668 nibus
333 2643 456 2670 contra
481 2639 657 2670 Romanos
684 2638 797 2677 inita,
831 2637 913 2669 illos
941 2642 982 2670 ut
1004 2637 1150 2670 minime
1178 2647 1279 2681 pares
1304 2646 1368 2680 per
1394 2638 1638 2677 contemptum

203 2681 415 2725 aggreditur.
437 2684 492 2723 illi
516 2695 598 2716 vero
623 2690 766 2729 praeter
791 2684 999 2728 opinionem
1030 2684 1236 2716 resistentes
1263 2682 1400 2714 bellum
1426 2691 1498 2712 non
1526 2679 1639 2711 refor-

202 2727 406 2769 midarunt,
441 2731 603 2764 maximis
628 2731 839 2764 Hunnorum
878 2730 1021 2764 auxiliis
1048 2730 1177 2763 ascitis.
1204 2735 1279 2762 mm
1305 2727 1482 2761 lohannes
1507 2725 1639 2759 Canta-

0 3022 22 3115 ‘25-÷:-==
0 2963 17 3017 ἐς-τ
3 2913 7 2915 »
