1878 3230
303 202 413 269 642
727 214 958 257 mcss'rAE
996 213 1307 256 cflonTAE

302 313 573 367 ἆναδούμεθα
606 315 684 355 σοῦ
709 312 1036 366 βασιλεύοντος.”
1083 307 1206 353 οὕτω·
1238 311 1616 367 φροιμιασάμενοι,
1656 312 1727 356 καί

256 382 443 431 Βδεξιῶς
468 376 846 432 χορδολογὴσαντες
876 376 922 419 τὸ
959 379 1036 418 τοῦ
1074 378 1197 430 λόγου
1239 376 1463 431 βάρβιτον,
1505 377 1727 432 ἐπήνεγκαν

298 444 371 487 τὸν
397 445 616 499 κολοφιὸνα
643 445 719 499 τῆς
754 439 991 491 ὑποθέσεως
1031 437 1120 483 οἷόν
1161 457 1199 483 τι
1241 443 1407 496 μέλημα
1448 443 1619 491 έξιστοὸν
1656 441 1727 485 τὸν

296 510 473 562 βασιλέα
502 503 652 564 φρενός
694 500 767 549 καί
791 509 1027 562 μεταφέρον
1067 508 1126 555 εἰς
1165 503 1357 560 μανιώδη
1394 503 1635 558 ἀλλοίωσιν,
1671 503 1728 556 ὥς

299 571 392 614 οὔδ’
418 566 690 627 Ἀλέξανδρον
719 570 851 614 πάλαι
878 569 982 627 πρὸς
1008 567 1172 613 ὅπλισιν
1198 569 1249 612 τὰ
1275 571 1482 623 Τιμοθέου
1511 571 1764 621 ἔνεθέαζον5

299 638 526 691 κρούματα.
582 639 693 694 φασί
715 635 795 692 γὰρ
830 635 888 685 ὥς
914 634 967 690 „vj
1000 634 1051 690 σὴ
1081 631 1261 690 ἄλοχος,
1297 637 1501 687 δέσποτα,
1540 636 1584 684 ές
1619 632 1729 691 πρά-

164 713 286 750 v.258
298 706 381 753 ξεις
409 701 720 758 μυσαρωτοίτας
758 703 1126 758 α’νακεκαλυμμένῃ
1163 705 1301 755 χωρεῖ
1340 701 1528 756 κεφαλῇ,
1570 701 1643 742 καί
1682 701 1731 742 σὲ

298 766 372 809 τὸν
399 768 568 822 εὐνέτην
597 768 656 817 εἰς
683 765 759 822 τήν
786 765 925 820 κοίτην
952 765 1009 814 ὥς
1026 765 1195 820 μαχλάς
1223 767 1425 807 οἷδικοῦσα
1453 765 1650 818 δεδιάμεν
1671 763 1732 820 μὴ

299 835 371 874 καί
397 834 613 887 νεωτέροις
642 829 898 885 ἐγχειρήσειε
927 829 1146 885 πράγμασι
1174 832 1311 888 μικρῷ
1335 827 1525 883 ὕστερον·
1582 822 1619 886 (ᾗ
1649 827 1730 884 γὰρ

298 893 607 952 λεσχηνεύουσα
635 898 707 938 καί
741 895 917 949 ἄναίδην
944 896 1345 950 συγκατακλινομένη
1376 897 1548 949 γέγηθε,
1587 897 1732 936 τοῦτον
1749 908 1796 935 ιο

298 961 405 1010 εἰκὸς
431 961 504 1003 καί
526 957 677 1015 ἄρχειν
705 958 838 1015 αὐτὴν
865 958 1093 1014 αἱρεῖσθαι,
1121 961 1195 1002 καί
1217 958 1291 1015 τὴν
1313 963 1454 1001 πᾶσαν
1481 957 1586 1014 πρός
1607 960 1732 1000 τοῦτο

299 1027 524 1069 συντείνειν
553 1027 770 1081 πρόθεσιν.
826 1026 896 1066 δεῖ
916 1026 1055 1066 τοίνυν
1091 1023 1226 1080 αὐτὴν
1256 1026 1335 1076 μὲν
1370 1023 1625 1078 ἀνακοπῆναι
1659 1023 1734 1065 τοῦ

300 1090 436 1133 πάντα
473 1089 684 1133 δύνασθαι
724 1088 799 1131 καὶ
838 1089 1002 1146 πλούτῳ
1046 1091 1341 1145 περιρρεῖσθαι
1382 1092 1546 1145 πολλῷ,
1588 1086 1658 1130 τὸν
1696 1089 1736 1129 δ’

300 1154 481 1210 ε’ραστην
509 1153 663 1209 αὐτῆς,
709 1153 756 1195 ὃν
790 1154 919 1203 αὐτὸς
950 1156 1028 1207 μὲν
1066 1157 1109 1203 ἐς
1149 1156 1302 1204 παῖδας
1327 1156 1582 1208 ἐνέγραψας,
1629 1153 1655 1207 ἦ
1688 1155 1735 1195 δὲ

300 1220 510 1272 α’θεμίτως
556 1216 711 1273 ἑαυτῆς
754 1220 970 1273 πεποίηκεν
1008 1218 1257 1273 ἐπιβήτορα,
1309 1217 1497 1261 ἐκποδών
1539 1221 1734 1272 γενέσθαι
1752 1218 1798 1259 15

172 1293 287 1338 2814
301 1285 597 1338 α’νυπερθέτως
626 1284 698 1325 καί
723 1282 839 1336 μάλα
869 1283 1047 1334 αὐτίκα,
1080 1281 1136 1333 ὥς
1163 1285 1311 1338 μηκέτι
1345 1282 1531 1326 τοιοῦτόν
1562 1300 1603 1326 τι
1631 1287 1735 1336 ξυμ-

300 1352 545 1405 περαίνηται
568 1350 748 1401 μίασμα.
802 1347 851 1389 τὰ
881 1349 917 1389 δ’
943 1349 1002 1396 εἰς
1029 1347 1102 1403 τήν
1129 1344 1273 1391 ἄδικον
1304 1345 1484 1403 σύζυγον
1513 1348 1736 1403 γενησόμε-

301 1431 355 1458 να
380 1412 521 1468 χρεών
551 1414 866 1468 ἆναβεβλῆσθαι
893 1411 999 1454 κατὰ
1029 1412 1176 1468 καιρὸν
1205 1416 1304 1455 καθ’
1339 1410 1386 1456 ὃν
1413 1412 1492 1456 σύν
1518 1415 1604 1471 θεῷ
1633 1412 1737 1455 ἀνύ-

302 1495 381 1528 σας
408 1477 485 1533 την
511 1480 782 1533 προκειμένην
817 1479 876 1527 εἷς
910 1475 984 1532 τὴν
1011 1479 1328 1520 Κωνσταντίνου
1369 1473 1497 1528 αὖθις
1527 1479 1736 1521 ἑπαναλύ·

302 1545 460 1594 σειας.”
514 1545 643 1585 ταῦθ’
672 1543 710 1585 οἱ
731 1544 809 1595 μὲν
838 1543 1024 1592 εἰπόντες
1045 1545 1121 1585 καί
1146 1543 1398 1594 ὑποθέμενοι
1435 1544 1598 1598 ἀνδρῶν
1635 1543 1733 1598 ἤκη-
1747 1558 1801 1585 20

304 1606 471 1651 κόεισαν
493 1609 701 1661 βέλτιστοι
727 1609 799 1649 καί
818 1605 965 1662 χρῆμά
992 1623 1034 1649 τι
1062 1607 1235 1650 σπάνιον
1267 1606 1375 1661 ὁμοῦ
1403 1609 1477 1650 καί
1505 1608 1735 1651 α’σπάσιον·

305 1674 327 1716 ὅ
350 1675 396 1716 δὲ
418 1672 616 1728 βασιλεὺς
636 1673 726 1728 μέγ’
747 1671 939 1728 ὀχθήσας
966 1669 1027 1716 ὅτι
1053 1675 1135 1716 τῶν
1159 1671 1264 1729 πρὸς
1298 1671 1371 1715 τὸν
1406 1672 1628 1729 Βατάτζην
1666 1674 1737 1715 εὖ·

400 1815 433 1848 9.
456 1794 489 1847 ᾦ
511 1799 599 1849 γὰρ]
626 1798 672 1836 δν
706 1799 781 1847 γὰρ
818 1800 1081 1846 α’διαντρόπως
1114 1801 1241 1837 ἐπάνω
1274 1800 1387 1845 αὐτῆς
1422 1799 1642 1846 οῖναβαίνειν
1670 1810 1738 1835 πε.
1771 1783 1775 1787 ’

399 1850 535 1890 ποίηκε
548 1849 584 1880 Β.
647 1847 697 1880 13.
718 1846 786 1883 τὸν
809 1847 841 1881 δ’
855 1846 1030 1895 ἐραστὴν]
1047 1841 1114 1882 τόν
1132 1847 1172 1882 δὲ
1186 1850 1329 1892 καῦχον
1351 1849 1414 1882 καὶ
1431 1849 1546 1893 φίλον
1572 1847 1681 1889 αὐτῆς
1699 1848 1735 1880 B.

408 1896 458 1930 ιδ’.
474 1896 562 1928 καθ’
573 1891 630 1942 ὃν]
646 1892 706 1929 ὅτε
722 1892 794 1931 σὺν
805 1894 882 1928 θεῶ
897 1891 967 1939 τήν
990 1896 1242 1941 προκειμένην
1255 1893 1496 1940 ἐκπληρώσῃς
1514 1893 1685 1930 δουλείαν
1699 1895 1735 1926 Β.

312 2017 419 2052 etiam
450 2016 613 2063 privatim
646 2016 944 2063 periclitabimur,
986 2018 1119 2051 iactura
1154 2028 1271 2050 earum
1309 2027 1423 2050 rerum
1455 2016 1608 2049 omnium
1647 2016 1739 2051 facta

313 2076 399 2110 quas
416 2070 452 2098 te
467 2065 678 2110 imperatore
705 2066 898 2098 tenemus.'’
921 2065 987 2097 hac
1010 2065 1249 2097 insinuatione
1276 2065 1329 2096 usi
1356 2064 1548 2107 argumenti
1573 2075 1740 2097 summam

313 2111 560 2151 subiecerunt,
586 2116 623 2144 et
645 2111 893 2155 imperatorem
918 2111 1019 2143 velut
1048 2111 1085 2142 in
1119 2111 1272 2142 furorem
1308 2110 1525 2153 impulerunt
1541 2134 1550 2150 ,
1588 2120 1740 2158 eumque

313 2157 426 2189 multo
450 2157 616 2189 maiorem
643 2168 747 2201 quam
771 2156 951 2190 Timothei
975 2156 1112 2188 moduli
1134 2155 1382 2189 Alexandrum.
1409 2156 1533 2196 „aiunt
1556 2156 1740 2199 coniugem

314 2207 410 2234 tuam
425 2209 440 2242 ‚¹
454 2202 617 2243 domine,
644 2203 731 2235 citra
752 2203 862 2235 ullam
885 2202 1132 2236 verecundiam
1158 2203 1196 2234 in
1220 2202 1419 2246 turpissima
1437 2201 1590 2233 facinora
1619 2200 1739 2235 delabi

315 2253 353 2280 et
378 2247 562 2281 adulteriis
587 2248 779 2281 thalamum
802 2254 903 2281 tuum
926 2249 1124 2293 inquinare.
1149 2259 1258 2292 quare
1280 2258 1441 2280 veremur
1464 2257 1509 2279 ne
1530 2247 1635 2290 paulo
1658 2254 1741 2292 post

314 2294 415 2327 novis
442 2294 547 2326 rebus
567 2294 718 2327 studeat.
743 2306 823 2327 nam
847 2306 925 2327 cum
952 2306 1023 2340 quo
1046 2294 1272 2338 impudenter
1295 2291 1495 2325 concumbit
1519 2298 1555 2325 et
1571 2303 1650 2326 suas
1678 2306 1741 2327 vo-

314 2340 470 2383 luptates
501 2340 641 2383 explet,
670 2352 749 2373 eum
766 2341 954 2385 probabile
979 2346 1033 2373 est
1060 2351 1136 2373 eam
1162 2339 1265 2372 etiam
1290 2338 1334 2370 ad
1368 2338 1551 2382 imperium
1581 2345 1741 2373 evectum

315 2386 408 2418 velle
433 2390 469 2417 et
493 2386 530 2417 in
554 2396 628 2417 eam
658 2397 730 2418 rem
754 2397 875 2419 omnes
899 2397 979 2418 suos
1004 2397 1129 2418 nervos
1164 2383 1362 2417 intendere.
1399 2389 1453 2417 est
1480 2384 1587 2428 igitur
1612 2392 1742 2429 poten..

315 2432 365 2464 tia
387 2431 541 2463 mulieris
568 2437 604 2464 et
625 2433 809 2475 opulentia
834 2431 1090 2474 restringenda:
1126 2436 1258 2463 amator
1281 2441 1364 2463 vero
1394 2431 1467 2462 eius
1483 2455 1492 2470 ‚
1530 2441 1635 2476 quem
1662 2438 1740 2466 tute

317 2477 511 2521 adoptasti,
536 2477 598 2509 illa
614 2487 698 2510 vero
717 2479 853 2510 incesto
879 2477 1068 2509 concubitu
1094 2477 1162 2508 sibi
1188 2476 1321 2516 iunxit,
1347 2476 1423 2508 sine
1450 2477 1524 2508 ulla
1550 2488 1646 2510 mora
1669 2484 1742 2511 sta·

318 2524 382 2557 tim
410 2533 429 2555 e
454 2521 570 2555 medio
597 2523 803 2564 tollendus,
833 2534 878 2555 ne
906 2522 1053 2566 posthac
1077 2522 1189 2554 simile
1214 2523 1390 2566 piaculum
1419 2522 1631 2556 admittatur.
1660 2535 1742 2561 cae-

318 2575 433 2603 terum
454 2569 597 2614 iniquae
623 2569 779 2612 coniugis
806 2579 921 2612 poena
945 2569 982 2600 in
1007 2567 1045 2600 id
1072 2573 1209 2612 tempus
1238 2567 1432 2601 differenda
1460 2574 1532 2609 est,
1557 2580 1645 2613 quo,
1671 2569 1740 2603 deo

319 2616 535 2656 fortunaute,
558 2614 602 2647 ab
625 2615 788 2648 instituto
808 2614 936 2661 itinere
955 2613 1093 2658 Cpolim
1121 2624 1279 2646 reversus
1306 2614 1448 2647 fueris.'’
1473 2615 1562 2647 haec
1585 2627 1663 2648 cum
1686 2616 1742 2659 di-

319 2663 454 2694 xissent
481 2667 518 2694 et
539 2661 775 2700 monuissent,
798 2661 863 2692 viri
889 2660 1042 2692 omnium
1065 2659 1187 2704 optimi
1220 2665 1303 2693 sunt
1340 2660 1506 2701 iudicati,
1547 2662 1669 2705 quales
1704 2668 1746 2696 et

319 2708 424 2752 pauci
448 2707 674 2739 inveniantur
698 2712 735 2739 et
769 2717 900 2738 summo
933 2705 1068 2738 honore
1106 2705 1279 2738 afficiendi
1314 2707 1394 2740 siut.
1430 2707 1619 2751 imperator
1657 2719 1740 2741 vero

322 2754 472 2798 graviter
494 2751 693 2796 indignatus
721 2752 828 2786 talem
855 2751 923 2785 sibi
945 2763 1007 2797 pro
1033 2751 1171 2785 summis
1195 2752 1327 2786 meritis
1352 2752 1474 2787 referri
1500 2754 1654 2797 gratiam,
1675 2754 1742 2787 Ba-
