1878 3230
252 191 284 249 5
299 192 365 248 16
677 202 910 246 ΝιοιῑτΑΕ
948 201 1262 245 cnomATAE

249 308 347 358 τούς
377 307 552 351 οἰκείους
576 301 634 357 μὴ
664 300 985 357 α’παυθαδήσειν
1014 302 1056 350 ές
1087 300 1161 356 τήν
1186 299 1303 356 παρὰ
1333 300 1467 350 πόδας
1495 300 1565 346 ’kat'
1590 304 1685 345 δευ-

252 376 376 428 τέραν
403 367 509 411 κατὰ
538 367 623 409 τοῖν
650 365 833 421 Βλάχων
863 366 1110 422 ἐξόρμησιν,
1143 368 1184 408 εἰ
1207 365 1312 408 κατὰ
1341 365 1499 408 τούτων
1525 371 1686 423 πρῶτος

253 433 383 484 αὖθις
423 431 549 481 αὖτός
593 431 644 474 τὰ
674 428 779 474 ὅπλα
807 426 939 486 ἤρατο
968 433 1041 473 καί
1068 429 1138 474 τὸν
1167 433 1292 473 ἵππον
1319 430 1447 486 ἀνέβη
1472 430 1544 473 τὸν
1569 436 1688 474 πολε-

251 498 485 555 μιστὴριον.
521 496 593 539 καὶ
618 496 640 540 ὃ
671 499 749 551 μὲν
778 495 886 539 κατὰ
915 495 989 539 τὸν
1021 494 1305 551 Ταυρόκωμον
1332 493 1550 550 γενόμενος
1578 499 1690 552 (κτη-

250 565 409 610 σείδιον
438 565 485 606 δέ
512 565 626 606 ἐστιν
645 557 767 612 οὗτος
795 562 1037 614 οἰκούμενον
1064 560 1257 617 κωμηδὸν
1284 563 1358 603 καί
1370 560 1429 615 μή
1449 562 1559 603 πάνυ
1587 559 1726 617 πόρ-5

122 643 157 677 Ρ.
172 642 237 678 253
253 647 314 688 ρω
343 633 416 685 τῆς
444 628 671 684 Ἀδριανοῦ
702 629 903 683 κειζιιενον)
934 628 1106 679 ἐπέμενε
1136 627 1212 675 τὰς
1240 624 1439 679 δυνάμεις
1458 630 1690 680 συνελθεῖν,

251 698 460 750 ἐπέσκηψε
489 696 535 736 δὲ
563 692 634 735 καί
656 692 729 737 τὸν
756 695 962 747 Καίσαρα
978 690 1206 747 Κορράδον
1233 691 1367 747 μηδέν
1391 709 1431 734 τι
1456 691 1689 747 μελλήσαν-

250 780 304 805 τα
331 765 525 813 ἐξελθεῖν.
604 759 627 801 ὁ
668 760 715 801 δὲ
745 759 1032 812 δυσχεραίνων
1071 757 1292 814 προδήλως
1325 755 1513 814 πρόςῇν
1537 754 1689 812 εὕρατο

250 830 296 869 ἐκ
321 827 527 880 βασιλέως
553 822 867 881 φιλοφροσύνην
894 823 951 872 ὥς
981 824 1035 882 τῷ
1062 824 1259 881 βασιλείῳ
1289 823 1406 878 κήδει
1432 821 1689 879 ἀσύμφωνον

250 895 323 936 καί
349 895 408 949 τῷ
433 887 586 934 ἑαυτοῦ
611 893 722 945 γένει
748 888 1015 945 ἀπᾴδουσαν,
1056 887 1166 944 ὅρῶν
1194 889 1242 930 δὲ
1268 891 1342 930 καί
1363 887 1437 937 τὰς
1468 886 1686 945 ὖπερηφοὶ-
1704 906 1753 934 10

112 968 155 1004 V.
169 971 237 1006 2⁰8
250 974 347 1007 νους
377 958 550 1005 ἐλπίδας
580 954 870 1010 καταληξάσας
897 956 940 1004 ἐς
967 953 1091 1008 μόνον
1115 952 1160 996 τὸ
1190 952 1249 1008 μὴ
1280 959 1367 1003 τοῖς
1394 958 1559 1004 πολλοῖς
1585 954 1688 1008 ὁμό-

246 1038 422 1079 χρωμον
449 1020 651 1076 ὑπόδημα
675 1021 748 1062 τοῦ
777 1018 904 1069 ποδὸς
949 1019 1012 1074 (τὸ
1042 1021 1126 1061 τῶν
1153 1017 1385 1073 Καισάρων
1415 1020 1520 1073 λέγω
1550 1017 1689 1073 παρά-

247 1089 416 1144 σημον),
444 1085 516 1128 καί
541 1081 677 1135 ἄλλως
706 1087 753 1127 δὲ
783 1083 1127 1140 σταυροφορήσας
1153 1082 1317 1126 οἴκοθεν
1341 1083 1413 1126 καί
1429 1082 1503 1139 την
1529 1086 1573 1133 ἐς
1586 1088 1688 1126 Πα-

248 1155 462 1207 λαιστίνην
493 1149 664 1194 ὁδεῦσαι
693 1149 825 1192 πάλαι
864 1152 1119 1204 προθέμενος
1134 1145 1215 1205 ἤδη
1242 1151 1577 1204 κατασχεθεῖσαν
1602 1147 1686 1191 ὑπὸ

248 1221 332 1261 τῶν
359 1216 462 1259 κατὰ
502 1215 579 1271 τήν
604 1214 817 1270 Αἴγυπτον
844 1217 1117 1270 Σαρακηνῶν,
1153 1216 1226 1257 καί
1251 1213 1459 1270 πάρεργον
1487 1212 1588 1257 ὅδοῦ
1612 1213 1688 1271 την
1705 1219 1753 1261 ι5

249 1281 351 1337 μετὰ
384 1284 457 1336 τῆς
486 1277 670 1337 ἀδελφῆς
698 1283 772 1323 τοῦ
799 1282 1006 1333 βασιλέως
1031 1281 1271 1328 ἐπιτελέσας
1308 1279 1566 1336 συνάφειαν,
1592 1282 1689 1323 ἔπε’-

211 1364 369 1396 Βνευσε
398 1349 475 1401 μὲν
504 1346 732 1398 συνεξιέναι
760 1347 816 1402 τῷ
849 1349 1021 1398 βασιλεῖ’
1041 1346 1115 1386 καί
1144 1346 1454 1387 συνδιαθέσθαι
1484 1343 1558 1386 τόν
1585 1360 1688 1401 προ-

249 1416 436 1467 κείμενον
462 1411 652 1464 πόλεμον,
678 1411 735 1461 ὥς
766 1413 801 1453 δ’
832 1410 1080 1464 ἀντέκρουσε
1098 1408 1144 1452 τὸ
1163 1410 1471 1464 βεβουλεῦσθαι
1487 1408 1589 1452 θεὸν
1613 1427 1687 1452 κα·

251 1483 441 1533 κοτυχεῖν
463 1479 592 1520 εἰσέτι
612 1475 846 1529 Ῥωμαίους
876 1475 959 1517 ὑπὸ
978 1478 1159 1528 Μυσῶν,
1188 1477 1250 1517 ἐπ’
1276 1470 1416 1523 ἄλλοις
1447 1474 1588 1528 τρέπει
1615 1475 1688 1518 τὸν

247 1547 358 1587 νοῦν.
415 1545 494 1598 νῆα
541 1541 619 1597 γάρ
665 1539 895 1596 ἐξαρτύσας
923 1536 1088 1595 εὐπαγῆ
1123 1557 1168 1583 τε
1199 1540 1272 1582 καί
1298 1537 1586 1595 νεογόμφωτον
1612 1540 1752 1586 τὸναο

247 1612 380 1651 πλοῦν
406 1610 450 1657 ἐς
478 1610 768 1661 Παλαιστίνην
795 1608 940 1658 ἔθετο,
970 1608 1042 1648 καί
1064 1608 1117 1663 τῇ
1150 1604 1272 1664 Τύρῳ
1300 1609 1588 1661 προσορμίσας
1614 1607 1686 1649 καὶ

246 1673 362 1730 παρά
395 1675 476 1716 τῶν
494 1675 626 1716 ἐκεῖσε
654 1671 862 1726 ὁμογενῶν
882 1666 947 1713 οἷά
962 1687 1026 1720 τις
1044 1671 1237 1727 κρείττων
1259 1669 1432 1726 ὅραθείς
1455 1670 1529 1713 καὶ
1555 1686 1686 1726 προσ-

248 1739 415 1795 δεχθείς
445 1737 623 1793 δύναμις
652 1742 737 1788 τοῖς
754 1740 1011 1793 Σαρακηνοΐς
1038 1737 1312 1794 ἀπεφέρετο,
1339 1734 1502 1792 Ἰόππην
1529 1737 1686 1780 ἐπανα-

344 1875 371 1898 ι.
398 1861 680 1896 (immantatum
704 1862 743 1894 A.
840 1871 870 1903 7.
895 1858 1086 1906 κορράδην
1107 1860 1149 1894 A.
1242 1872 1277 1906 9.
1290 1856 1600 1909 φιλοφροσύνην]
1623 1858 1684 1894 εὐ-

339 1912 518 1953 εργεσίαν
540 1911 605 1942 καὶ
628 1910 790 1942 monna
822 1903 867 1942 ὃν
895 1907 932 1940 Β.
1077 1917 1128 1940 ιι.
1154 1906 1433 1955 κατεκληγούσας
1450 1907 1492 1941 A.
1633 1909 1685 1943 ⁸6«

340 1957 536 1989 καιένευσε
560 1955 602 1990 Α.
673 1965 728 1989 20.
754 1954 771 1988 ἐ
795 1952 955 1999 αρτὴσας
978 1953 1017 1985 A.
1113 1963 1168 1985 22.
1194 1952 1270 2000 oid]
1294 1952 1342 1990 οἷς
1367 1953 1429 1987 οἱοί
1443 1953 1482 1986 Α.

247 2057 356 2089 tiores
382 2055 535 2089 haberet
559 2055 606 2088 ad
633 2055 828 2089 secundum
853 2054 945 2087 illud
968 2053 1171 2086 Blachicum
1198 2053 1356 2093 bellum,
1391 2054 1421 2086 si
1446 2052 1524 2098 ipse
1548 2054 1685 2099 primus

247 2104 284 2134 in
310 2113 403 2146 equo
431 2103 564 2134 bellico
591 2108 746 2134 armatus
772 2107 986 2134 cerneretur.
1014 2100 1077 2132 ubi
1104 2100 1366 2133 Tauroeomum
1380 2101 1544 2144 pervenit
1565 2100 1685 2146 (prae-

246 2149 343 2180 dium
371 2148 406 2179 id
436 2154 509 2188 est,
538 2148 637 2192 quod
661 2148 804 2181 vicatim
830 2148 1020 2186 incolitur,
1044 2157 1118 2179 non
1142 2146 1269 2191 procul
1293 2146 1338 2178 ab
1351 2147 1585 2191 Adrianopoli
1609 2147 1684 2180 ‹lis-

247 2195 371 2239 situm)
402 2195 603 2237 expectavit
628 2194 712 2226 dum
735 2195 860 2239 copiae
894 2194 1137 2225 convenirent.
1171 2198 1208 2225 et
1233 2192 1397 2225 Conrado
1424 2193 1567 2225 Caesari
1591 2203 1682 2237 quo-

247 2252 318 2285 que
347 2240 529 2272 mandavit
554 2246 594 2272 ut
627 2241 718 2273 citra
744 2241 1008 2273 cunctationem
1046 2239 1170 2271 exiret.
1196 2239 1224 2271 is
1242 2250 1325 2271 vero
1351 2250 1430 2271 cum
1455 2237 1684 2283 imperatoris

248 2295 328 2330 erga
357 2297 394 2318 se
418 2284 677 2329 benignitatem
695 2312 704 2327 ,
732 2296 810 2319 cum
836 2297 900 2319 suo
925 2294 1054 2330 genere
1079 2295 1151 2317 non
1175 2285 1457 2317 consentientem
1483 2290 1520 2318 et
1543 2286 1589 2318 ab
1613 2286 1682 2319 im-

246 2333 426 2378 peratoria
450 2332 619 2365 affinitate
645 2333 916 2372 abhorrentem,
940 2331 1038 2364 haud
1066 2330 1334 2364 dissimulanter
1357 2342 1460 2374 aegre
1486 2332 1618 2373 ferret,
1645 2336 1683 2366 et

249 2379 472 2422 magnificam
497 2379 596 2410 illam
619 2389 718 2422 spem
742 2390 815 2412 non
838 2377 938 2411 aliud
965 2380 1089 2410 afferre
1114 2382 1276 2409 cerneret
1291 2377 1361 2409 nisi
1386 2383 1427 2410 ut
1451 2375 1579 2411 calceis
1591 2378 1682 2412 Cae-

252 2426 381 2465 samis,
406 2436 425 2457 a
448 2425 554 2468 vulgo
585 2424 781 2465 distinctis,
813 2430 975 2458 uteretur
999 2423 1057 2468 (eo
1086 2422 1301 2463 accedebat,
1328 2423 1426 2467 quod
1444 2435 1546 2457 cruce
1574 2425 1684 2458 domo

252 2481 372 2505 secum
406 2476 540 2515 gestata
576 2471 813 2503 Palaestinam
849 2471 895 2502 ab
933 2469 1115 2513 Aegyptiis
1141 2469 1342 2502 Sar-moenis
1368 2470 1438 2502 iam
1473 2477 1683 2516 occupatam

253 2519 407 2551 invisere
431 2517 685 2558 constituerat,
711 2523 746 2550 et
770 2516 888 2550 obiter
908 2515 1132 2560 imperatoris
1156 2526 1311 2548 sororem
1339 2515 1527 2563 duxerat),
1555 2519 1684 2551 annuit

254 2565 317 2598 ille
343 2564 488 2610 quidem
513 2573 550 2596 se
574 2563 824 2607 imperatorem
848 2567 1106 2595 conventurum
1133 2566 1169 2594 et
1192 2561 1328 2595 bellum
1354 2573 1425 2595 una
1453 2564 1683 2598 administra-

253 2611 383 2644 turum.
423 2618 542 2643 verum
577 2618 656 2642 cum
698 2609 784 2642 deus
811 2609 977 2642 Romanis
1017 2608 1138 2652 plures
1163 2607 1282 2641 clades
1304 2619 1368 2653 per
1390 2609 1523 2653 Mysios
1547 2611 1683 2644 inferre

254 2658 468 2690 decrevisset
485 2681 495 2697 ,
517 2661 654 2689 mutato
679 2655 849 2696 consilio,
877 2666 966 2688 nave
991 2654 1191 2687 firmissima
1227 2661 1263 2689 et
1285 2666 1376 2688 nova
1401 2667 1616 2698 conscensa,
1641 2657 1681 2691 in

253 2704 488 2737 Palaestinam
524 2701 721 2736 contendit.
760 2713 839 2735 cum
868 2701 953 2745 Tyri
979 2701 1195 2745 appulisset,
1220 2713 1239 2733 a
1264 2701 1500 2747 popularibus
1522 2704 1595 2737 suis
1618 2714 1680 2736 ve·-

254 2752 323 2784 luti
347 2761 480 2785 numen
510 2748 690 2797 quoddam
725 2753 909 2795 susceptus
938 2748 1141 2782 sarracenis
1170 2748 1323 2792 restitit,
1348 2753 1385 2785 et
1406 2749 1560 2796 Ioppen,
1585 2759 1679 2797 quae
