<?xml version="1.0" encoding="UTF-8"?>
<!DOCTYPE html PUBLIC "-//W3C//DTD XHTML 1.0 Transitional//EN"
    "http://www.w3.org/TR/xhtml1/DTD/xhtml1-transitional.dtd">
<html xmlns="http://www.w3.org/1999/xhtml" xml:lang="en" lang="en">
 <head>
  <title>
</title>
<meta http-equiv="Content-Type" content="text/html;charset=utf-8" />
  <meta name='ocr-system' content='tesseract 3.04.00' />
  <meta name='ocr-capabilities' content='ocr_page ocr_carea ocr_par ocr_line ocrx_word'/>
</head>
<body>
  <div class='ocr_page' id='page_1' title='image "./corpusscriptorum41niebuoft/corpusscriptorum41niebuoft_0231.png"; bbox 0 0 1838 3210; ppageno 0'>
   <div class='ocr_carea' id='block_1_1' title="bbox 406 171 1614 216">
    <p class='ocr_par' dir='ltr' id='par_1_1' title="bbox 406 171 1614 216">
     <span class='ocr_line' id='line_1_1' title="bbox 406 171 1614 216; baseline -0.001 -6"><span class='ocrx_word' id='word_1_1' title='bbox 406 207 412 209; x_wconf 84' lang='lat'><strong>.</strong></span> <span class='ocrx_word' id='word_1_2' title='bbox 450 174 521 213; x_wconf 89' lang='lat' dir='ltr'><strong><em>DE</em></strong></span> <span class='ocrx_word' id='word_1_3' title='bbox 558 171 812 215; x_wconf 81' lang='lat' dir='ltr'><strong>MANUELE</strong></span> <span class='ocrx_word' id='word_1_4' title='bbox 850 173 1111 216; x_wconf 82' lang='lat' dir='ltr'>COMNENO</span> <span class='ocrx_word' id='word_1_5' title='bbox 1152 176 1251 216; x_wconf 83' lang='lat' dir='ltr'><strong>LlB.</strong></span> <span class='ocrx_word' id='word_1_6' title='bbox 1294 175 1346 214; x_wconf 83' lang='lat' dir='ltr'><strong><em>V.</em></strong></span> <span class='ocrx_word' id='word_1_7' title='bbox 1505 172 1614 210; x_wconf 68' lang='grc' dir='ltr'><strong><em>201ς</em></strong></span> 
     </span>
    </p>
   </div>
   <div class='ocr_carea' id='block_1_2' title="bbox 122 264 1746 1898">
    <p class='ocr_par' dir='ltr' id='par_1_2' title="bbox 146 264 1625 525">
     <span class='ocr_line' id='line_1_2' title="bbox 146 264 1622 330; baseline 0.005 -21"><span class='ocrx_word' id='word_1_8' title='bbox 146 283 150 286; x_wconf 95' lang='grc'><em>·</em></span> <span class='ocrx_word' id='word_1_9' title='bbox 191 269 241 323; x_wconf 73' lang='grc' dir='ltr'><em>δὴ</em></span> <span class='ocrx_word' id='word_1_10' title='bbox 273 264 374 326; x_wconf 78' lang='grc' dir='ltr'><strong><em>ὅπερ</em></strong></span> <span class='ocrx_word' id='word_1_11' title='bbox 404 271 449 314; x_wconf 85' lang='grc' dir='ltr'><strong><em>αἱ</em></strong></span> <span class='ocrx_word' id='word_1_12' title='bbox 480 279 571 323; x_wconf 81' lang='grc' dir='ltr'><strong><em>ταῖς</em></strong></span> <span class='ocrx_word' id='word_1_13' title='bbox 610 274 780 330; x_wconf 86' lang='grc' dir='ltr'><strong><em>α’ρεταῖς</em></strong></span> <span class='ocrx_word' id='word_1_14' title='bbox 808 274 1019 317; x_wconf 59' lang='grc' dir='ltr'><strong><em>α’ντιθετοι</em></strong></span> <span class='ocrx_word' id='word_1_15' title='bbox 1047 276 1189 318; x_wconf 85' lang='grc' dir='ltr'><strong><em>κακίαι</em></strong></span> <span class='ocrx_word' id='word_1_16' title='bbox 1217 273 1395 317; x_wconf 72' lang='grc' dir='ltr'><strong><em>εἰώθασι</em></strong></span> <span class='ocrx_word' id='word_1_17' title='bbox 1424 274 1553 330; x_wconf 75' lang='grc' dir='ltr'><strong><em>δρᾶν,</em></strong></span> <span class='ocrx_word' id='word_1_18' title='bbox 1581 276 1622 316; x_wconf 77' lang='grc' dir='ltr'><strong><em>εἰ</em></strong></span> 
     </span>
     <span class='ocr_line' id='line_1_3' title="bbox 189 337 1618 394; baseline 0.003 -20"><span class='ocrx_word' id='word_1_19' title='bbox 189 337 263 376; x_wconf 82' lang='grc' dir='ltr'><strong><em>καί</em></strong></span> <span class='ocrx_word' id='word_1_20' title='bbox 289 338 635 394; x_wconf 80' lang='grc' dir='ltr'><strong><em>παραπεπήγασιν</em></strong></span> <span class='ocrx_word' id='word_1_21' title='bbox 679 340 827 389; x_wconf 69' lang='grc' dir='ltr'><strong><em>αὐταῖς</em></strong></span> <span class='ocrx_word' id='word_1_22' title='bbox 864 341 1017 382; x_wconf 81' lang='grc' dir='ltr'><strong><em>ἐκεῖναι</em></strong></span> <span class='ocrx_word' id='word_1_23' title='bbox 1053 341 1128 383; x_wconf 75' lang='grc' dir='ltr'><strong><em>καὶ</em></strong></span> <span class='ocrx_word' id='word_1_24' title='bbox 1150 342 1237 383; x_wconf 86' lang='grc' dir='ltr'><strong><em>εἶσί</em></strong></span> <span class='ocrx_word' id='word_1_25' title='bbox 1263 356 1351 390; x_wconf 85' lang='grc' dir='ltr'><strong><em>πως</em></strong></span> <span class='ocrx_word' id='word_1_26' title='bbox 1377 340 1618 394; x_wconf 66' lang='grc' dir='ltr'><strong><em>α’γχιθυροι,</em></strong></span> 
     </span>
     <span class='ocr_line' id='line_1_4' title="bbox 188 395 1625 462; baseline 0.004 -23"><span class='ocrx_word' id='word_1_27' title='bbox 188 401 262 441; x_wconf 83' lang='grc' dir='ltr'><strong><em>καί</em></strong></span> <span class='ocrx_word' id='word_1_28' title='bbox 276 395 411 451; x_wconf 73' lang='grc' dir='ltr'><strong><em>ἄλλως</em></strong></span> <span class='ocrx_word' id='word_1_29' title='bbox 440 404 486 445; x_wconf 77' lang='grc' dir='ltr'><strong><em>δὲ</em></strong></span> <span class='ocrx_word' id='word_1_30' title='bbox 520 404 600 459; x_wconf 74' lang='grc' dir='ltr'><strong><em>οὐχ</em></strong></span> <span class='ocrx_word' id='word_1_31' title='bbox 624 404 744 459; x_wconf 85' lang='grc' dir='ltr'><strong><em>ἧμεῐς</em></strong></span> <span class='ocrx_word' id='word_1_32' title='bbox 760 406 838 457; x_wconf 80' lang='grc' dir='ltr'><strong><em>μὲν</em></strong></span> <span class='ocrx_word' id='word_1_33' title='bbox 865 407 991 459; x_wconf 81' lang='grc' dir='ltr'><strong><em>ἐσμὲν</em></strong></span> <span class='ocrx_word' id='word_1_34' title='bbox 1020 408 1093 448; x_wconf 85' lang='grc' dir='ltr'><em>καί</em></span> <span class='ocrx_word' id='word_1_35' title='bbox 1117 408 1260 462; x_wconf 84' lang='grc' dir='ltr'><strong><em>βλητοί</em></strong></span> <span class='ocrx_word' id='word_1_36' title='bbox 1284 409 1357 448; x_wconf 84' lang='grc' dir='ltr'><strong><em>καί</em></strong></span> <span class='ocrx_word' id='word_1_37' title='bbox 1379 406 1546 460; x_wconf 73' lang='grc' dir='ltr'><strong><em>θνητοί,</em></strong></span> <span class='ocrx_word' id='word_1_38' title='bbox 1575 406 1625 446; x_wconf 80' lang='grc' dir='ltr'><strong><em>ἐκ</em></strong></span> 
     </span>
     <span class='ocr_line' id='line_1_5' title="bbox 190 465 1620 525; baseline 0.003 -20"><span class='ocrx_word' id='word_1_39' title='bbox 190 465 236 505; x_wconf 78' lang='grc' dir='ltr'><strong><em>δὲ</em></strong></span> <span class='ocrx_word' id='word_1_40' title='bbox 265 469 426 518; x_wconf 79' lang='grc' dir='ltr'><em>χαλκοῦ</em></span> <span class='ocrx_word' id='word_1_41' title='bbox 447 468 637 523; x_wconf 79' lang='grc' dir='ltr'><strong><em>τεχνητοί</em></strong></span> <span class='ocrx_word' id='word_1_42' title='bbox 663 468 703 511; x_wconf 81' lang='grc' dir='ltr'><strong><em>οἱ</em></strong></span> <span class='ocrx_word' id='word_1_43' title='bbox 729 472 920 522; x_wconf 83' lang='grc' dir='ltr'><strong><em>πολέμιοι</em></strong></span> <span class='ocrx_word' id='word_1_44' title='bbox 940 488 951 499; x_wconf 87' lang='lat'><strong>·</strong></span> <span class='ocrx_word' id='word_1_45' title='bbox 986 473 1075 513; x_wconf 76' lang='grc' dir='ltr'><strong><em>οὐδ’</em></strong></span> <span class='ocrx_word' id='word_1_46' title='bbox 1099 468 1216 513; x_wconf 77' lang='grc' dir='ltr'><strong><em>οὗτοι</em></strong></span> <span class='ocrx_word' id='word_1_47' title='bbox 1242 469 1320 525; x_wconf 81' lang='grc' dir='ltr'><strong><em>μὲν</em></strong></span> <span class='ocrx_word' id='word_1_48' title='bbox 1339 473 1522 525; x_wconf 78' lang='grc' dir='ltr'><em>χιτῶνας</em></span> <span class='ocrx_word' id='word_1_49' title='bbox 1547 484 1620 510; x_wconf 86' lang='grc' dir='ltr'><strong><em>πε-</em></strong></span> 
     </span>
    </p>

    <p class='ocr_par' dir='ltr' id='par_1_3' title="bbox 152 534 1666 855">
     <span class='ocr_line' id='line_1_6' title="bbox 152 534 1621 590; baseline 0.007 -17"><span class='ocrx_word' id='word_1_50' title='bbox 152 534 389 586; x_wconf 79' lang='grc' dir='ltr'><strong><em>5ρίκεινται</em></strong></span> <span class='ocrx_word' id='word_1_51' title='bbox 417 535 635 589; x_wconf 75' lang='grc' dir='ltr'><strong><em>σιδηρέους</em></strong></span> <span class='ocrx_word' id='word_1_52' title='bbox 660 534 733 577; x_wconf 77' lang='grc' dir='ltr'><strong><em>καὶ</em></strong></span> <span class='ocrx_word' id='word_1_53' title='bbox 757 535 964 578; x_wconf 80' lang='grc' dir='ltr'><strong><em>ω’κύποσιν</em></strong></span> <span class='ocrx_word' id='word_1_54' title='bbox 991 537 1132 585; x_wconf 81' lang='grc' dir='ltr'><em>ἵπποις</em></span> <span class='ocrx_word' id='word_1_55' title='bbox 1160 538 1401 590; x_wconf 73' lang='grc' dir='ltr'><strong><em>ἀνέχονται,</em></strong></span> <span class='ocrx_word' id='word_1_56' title='bbox 1429 535 1548 590; x_wconf 69' lang='grc' dir='ltr'><strong><em>ἡμεῖς</em></strong></span> <span class='ocrx_word' id='word_1_57' title='bbox 1574 535 1621 575; x_wconf 65' lang='grc' dir='ltr'><strong><em>δὲ</em></strong></span> 
     </span>
     <span class='ocr_line' id='line_1_7' title="bbox 187 596 1623 658; baseline 0.001 -19"><span class='ocrx_word' id='word_1_58' title='bbox 187 597 422 640; x_wconf 75' lang='grc' dir='ltr'><strong><em>τούναντίον</em></strong></span> <span class='ocrx_word' id='word_1_59' title='bbox 461 596 575 641; x_wconf 78' lang='grc' dir='ltr'><strong><em>ἅπαν</em></strong></span> <span class='ocrx_word' id='word_1_60' title='bbox 621 601 696 642; x_wconf 83' lang='grc' dir='ltr'><strong><em>καί</em></strong></span> <span class='ocrx_word' id='word_1_61' title='bbox 730 601 904 653; x_wconf 79' lang='grc' dir='ltr'><strong><em>σώματα</em></strong></span> <span class='ocrx_word' id='word_1_62' title='bbox 941 601 1078 655; x_wconf 81' lang='grc' dir='ltr'><strong><em>γυμνὰ</em></strong></span> <span class='ocrx_word' id='word_1_63' title='bbox 1120 603 1473 658; x_wconf 79' lang='grc' dir='ltr'><em>προβαλλόμενοι·</em></span> <span class='ocrx_word' id='word_1_64' title='bbox 1534 599 1623 641; x_wconf 76' lang='grc' dir='ltr'><strong><em>οὐδ’</em></strong></span> 
     </span>
     <span class='ocr_line' id='line_1_8' title="bbox 189 660 1620 721; baseline 0.002 -18"><span class='ocrx_word' id='word_1_65' title='bbox 189 660 456 715; x_wconf 75' lang='grc' dir='ltr'><strong><em>εὐπάλαμνον</em></strong></span> <span class='ocrx_word' id='word_1_66' title='bbox 493 666 572 716; x_wconf 83' lang='grc' dir='ltr'><strong><em>μὲν</em></strong></span> <span class='ocrx_word' id='word_1_67' title='bbox 613 663 659 707; x_wconf 84' lang='grc' dir='ltr'><strong><em>τὸ</em></strong></span> <span class='ocrx_word' id='word_1_68' title='bbox 694 666 942 719; x_wconf 78' lang='grc' dir='ltr'><strong><em>ἀντίπαλον,</em></strong></span> <span class='ocrx_word' id='word_1_69' title='bbox 988 665 1213 721; x_wconf 78' lang='grc' dir='ltr'><em>ἀπόμαχον</em></span> <span class='ocrx_word' id='word_1_70' title='bbox 1260 669 1306 708; x_wconf 77' lang='grc' dir='ltr'><strong><em>δὲ</em></strong></span> <span class='ocrx_word' id='word_1_71' title='bbox 1333 664 1380 708; x_wconf 85' lang='grc' dir='ltr'>τό</span> <span class='ocrx_word' id='word_1_72' title='bbox 1414 665 1620 720; x_wconf 81' lang='grc' dir='ltr'><strong><em>ἡμέτερον.</em></strong></span> 
     </span>
     <span class='ocr_line' id='line_1_9' title="bbox 185 726 1666 786; baseline 0.001 -18"><span class='ocrx_word' id='word_1_73' title='bbox 185 733 273 776; x_wconf 85' lang='grc' dir='ltr'><strong><em>τοῖς</em></strong></span> <span class='ocrx_word' id='word_1_74' title='bbox 299 729 424 770; x_wconf 81' lang='grc' dir='ltr'><strong><em>πᾶσιν</em></strong></span> <span class='ocrx_word' id='word_1_75' title='bbox 453 729 479 783; x_wconf 82' lang='grc' dir='ltr'><em>ἧ</em></span> <span class='ocrx_word' id='word_1_76' title='bbox 511 729 616 785; x_wconf 70' lang='lat' dir='ltr'><strong><em>mitt)</em></strong></span> <span class='ocrx_word' id='word_1_77' title='bbox 646 731 852 785; x_wconf 78' lang='grc' dir='ltr'><strong><em>ὃιάρτισις</em></strong></span> <span class='ocrx_word' id='word_1_78' title='bbox 890 734 962 774; x_wconf 82' lang='grc' dir='ltr'><strong><em>καί</em></strong></span> <span class='ocrx_word' id='word_1_79' title='bbox 986 734 1159 786; x_wconf 83' lang='grc' dir='ltr'><strong><em>μέλησις</em></strong></span> <span class='ocrx_word' id='word_1_80' title='bbox 1187 734 1378 784; x_wconf 81' lang='grc' dir='ltr'><strong><em>πολέμων</em></strong></span> <span class='ocrx_word' id='word_1_81' title='bbox 1402 731 1474 772; x_wconf 79' lang='grc' dir='ltr'><strong><em>καὶ</em></strong></span> <span class='ocrx_word' id='word_1_82' title='bbox 1502 726 1666 771; x_wconf 63' lang='grc' dir='ltr'><strong><em>ὅπλα-Β</em></strong></span> 
     </span>
     <span class='ocr_line' id='line_1_10' title="bbox 185 792 1623 855; baseline 0.001 -21"><span class='ocrx_word' id='word_1_83' title='bbox 185 809 262 841; x_wconf 91' lang='grc' dir='ltr'><strong><em>σις.</em></strong></span> <span class='ocrx_word' id='word_1_84' title='bbox 316 795 374 835; x_wconf 79' lang='grc' dir='ltr'><em>ἐῶ</em></span> <span class='ocrx_word' id='word_1_85' title='bbox 398 792 477 849; x_wconf 80' lang='grc' dir='ltr'><strong><em>γὰρ</em></strong></span> <span class='ocrx_word' id='word_1_86' title='bbox 505 797 638 848; x_wconf 79' lang='grc' dir='ltr'><strong><em>λέγειν</em></strong></span> <span class='ocrx_word' id='word_1_87' title='bbox 662 795 720 846; x_wconf 80' lang='grc' dir='ltr'><strong><em>ὥς</em></strong></span> <span class='ocrx_word' id='word_1_88' title='bbox 745 792 828 854; x_wconf 74' lang='grc' dir='ltr'><strong><em>ὅσῳ</em></strong></span> <span class='ocrx_word' id='word_1_89' title='bbox 858 795 963 854; x_wconf 79' lang='grc' dir='ltr'><strong><em>λόγῳ</em></strong></span> <span class='ocrx_word' id='word_1_90' title='bbox 995 797 1068 839; x_wconf 84' lang='grc' dir='ltr'>καί</span> <span class='ocrx_word' id='word_1_91' title='bbox 1095 799 1264 855; x_wconf 69' lang='grc' dir='ltr'><strong><em>παιδεία</em></strong></span> <span class='ocrx_word' id='word_1_92' title='bbox 1289 798 1371 838; x_wconf 77' lang='grc' dir='ltr'><strong><em>τῶν</em></strong></span> <span class='ocrx_word' id='word_1_93' title='bbox 1395 793 1623 849; x_wconf 80' lang='grc' dir='ltr'><strong><em>βαρβάρων</em></strong></span> 
     </span>
    </p>

    <p class='ocr_par' dir='ltr' id='par_1_4' title="bbox 122 855 1746 1898">
     <span class='ocr_line' id='line_1_11' title="bbox 129 855 1626 915; baseline -0.002 -12"><span class='ocrx_word' id='word_1_94' title='bbox 129 856 499 913; x_wconf 79' lang='grc' dir='ltr'><strong><em>ιοδίενηνόχαμεν,</em></strong></span> <span class='ocrx_word' id='word_1_95' title='bbox 533 858 590 909; x_wconf 78' lang='grc' dir='ltr'><strong><em>ὦς</em></strong></span> <span class='ocrx_word' id='word_1_96' title='bbox 617 862 690 903; x_wconf 81' lang='grc' dir='ltr'><strong><em>καί</em></strong></span> <span class='ocrx_word' id='word_1_97' title='bbox 715 863 869 915; x_wconf 82' lang='grc' dir='ltr'><strong><em>εἰπεῖν,</em></strong></span> <span class='ocrx_word' id='word_1_98' title='bbox 897 861 1088 915; x_wconf 55' lang='grc' dir='ltr'><strong><em>ἐζιιπειροι</em></strong></span> <span class='ocrx_word' id='word_1_99' title='bbox 1115 862 1189 904; x_wconf 82' lang='grc' dir='ltr'><em>καί</em></span> <span class='ocrx_word' id='word_1_100' title='bbox 1215 864 1393 914; x_wconf 80' lang='grc' dir='ltr'><em>ξυνιδεῖν</em></span> <span class='ocrx_word' id='word_1_101' title='bbox 1419 861 1495 901; x_wconf 72' lang='grc' dir='ltr'><strong><em>οιῖκ</em></strong></span> <span class='ocrx_word' id='word_1_102' title='bbox 1524 855 1626 901; x_wconf 78' lang='grc' dir='ltr'><em>ἄπο-</em></span> 
     </span>
     <span class='ocr_line' id='line_1_12' title="bbox 185 927 1628 982; baseline -0.001 -16"><span class='ocrx_word' id='word_1_103' title='bbox 185 940 252 978; x_wconf 87' lang='grc' dir='ltr'><strong><em>ροι</em></strong></span> <span class='ocrx_word' id='word_1_104' title='bbox 270 958 283 977; x_wconf 89' lang='grc'><strong><em>,</em></strong></span> <span class='ocrx_word' id='word_1_105' title='bbox 310 928 504 967; x_wconf 82' lang='grc' dir='ltr'><strong><em>τοσοῦτον</em></strong></span> <span class='ocrx_word' id='word_1_106' title='bbox 521 927 594 967; x_wconf 83' lang='grc' dir='ltr'><em>καί</em></span> <span class='ocrx_word' id='word_1_107' title='bbox 614 929 782 980; x_wconf 79' lang='grc' dir='ltr'><em>τέχναις</em></span> <span class='ocrx_word' id='word_1_108' title='bbox 807 934 1097 982; x_wconf 82' lang='grc' dir='ltr'><strong><em>στρατηγικαῖς</em></strong></span> <span class='ocrx_word' id='word_1_109' title='bbox 1122 927 1196 969; x_wconf 85' lang='grc' dir='ltr'>καί</span> <span class='ocrx_word' id='word_1_110' title='bbox 1220 930 1535 981; x_wconf 78' lang='grc' dir='ltr'><strong><em>στρατιωτικαῖς</em></strong></span> <span class='ocrx_word' id='word_1_111' title='bbox 1554 940 1628 977; x_wconf 87' lang='grc' dir='ltr'><strong><em>με-</em></strong></span> 
     </span>
     <span class='ocr_line' id='line_1_13' title="bbox 183 987 1632 1051; baseline -0.001 -20"><span class='ocrx_word' id='word_1_112' title='bbox 183 988 329 1039; x_wconf 73' lang='grc' dir='ltr'><strong><em>θόδοις</em></strong></span> <span class='ocrx_word' id='word_1_113' title='bbox 363 987 667 1051; x_wconf 80' lang='grc' dir='ltr'><strong><em>ὖπερφέρομεν.</em></strong></span> <span class='ocrx_word' id='word_1_114' title='bbox 738 988 818 1048; x_wconf 68' lang='grc' dir='ltr'><strong><em>ἤδη</em></strong></span> <span class='ocrx_word' id='word_1_115' title='bbox 847 995 892 1034; x_wconf 78' lang='grc' dir='ltr'><strong><em>δὲ</em></strong></span> <span class='ocrx_word' id='word_1_116' title='bbox 926 994 998 1034; x_wconf 86' lang='grc' dir='ltr'>καί</span> <span class='ocrx_word' id='word_1_117' title='bbox 1024 988 1175 1034; x_wconf 70' lang='grc' dir='ltr'><strong><em>ἄλλοτέ</em></strong></span> <span class='ocrx_word' id='word_1_118' title='bbox 1203 1007 1304 1033; x_wconf 88' lang='grc' dir='ltr'><strong><em>ποτε</em></strong></span> <span class='ocrx_word' id='word_1_119' title='bbox 1345 988 1632 1044; x_wconf 77' lang='grc' dir='ltr'><strong><em>συμβαλόντες</em></strong></span> 
     </span>
     <span class='ocr_line' id='line_1_14' title="bbox 185 1048 1627 1111; baseline 0 -16"><span class='ocrx_word' id='word_1_120' title='bbox 185 1054 518 1111; x_wconf 73' lang='grc' dir='ltr'><strong><em>διημιλλήθημεν</em></strong></span> <span class='ocrx_word' id='word_1_121' title='bbox 549 1059 733 1111; x_wconf 88' lang='grc' dir='ltr'><strong><em>Παίοσι,</em></strong></span> <span class='ocrx_word' id='word_1_122' title='bbox 779 1056 858 1111; x_wconf 75' lang='grc' dir='ltr'><strong><em>τὴν</em></strong></span> <span class='ocrx_word' id='word_1_123' title='bbox 883 1048 961 1111; x_wconf 76' lang='grc' dir='ltr'><em>γῆν</em></span> <span class='ocrx_word' id='word_1_124' title='bbox 987 1059 1130 1100; x_wconf 74' lang='grc' dir='ltr'><em>αότῶν</em></span> <span class='ocrx_word' id='word_1_125' title='bbox 1155 1055 1338 1106; x_wconf 78' lang='grc' dir='ltr'><strong><em>ἐπιόντες</em></strong></span> <span class='ocrx_word' id='word_1_126' title='bbox 1365 1057 1438 1097; x_wconf 82' lang='grc' dir='ltr'><em>καί</em></span> <span class='ocrx_word' id='word_1_127' title='bbox 1467 1057 1627 1109; x_wconf 88' lang='grc' dir='ltr'><strong><em>κείρον-</em></strong></span> 
     </span>
     <span class='ocr_line' id='line_1_15' title="bbox 185 1118 1633 1175; baseline 0.001 -14"><span class='ocrx_word' id='word_1_128' title='bbox 185 1135 269 1168; x_wconf 86' lang='grc' dir='ltr'><strong><em>τες.</em></strong></span> <span class='ocrx_word' id='word_1_129' title='bbox 337 1119 448 1162; x_wconf 73' lang='grc' dir='ltr'><strong><em>οὕτω</em></strong></span> <span class='ocrx_word' id='word_1_130' title='bbox 496 1122 636 1163; x_wconf 91' lang='grc' dir='ltr'><strong><em>τοίνυν</em></strong></span> <span class='ocrx_word' id='word_1_131' title='bbox 671 1124 747 1165; x_wconf 80' lang='grc' dir='ltr'>καί</span> <span class='ocrx_word' id='word_1_132' title='bbox 779 1125 855 1164; x_wconf 78' lang='grc' dir='ltr'><strong><em>νῦν</em></strong></span> <span class='ocrx_word' id='word_1_133' title='bbox 901 1123 1044 1171; x_wconf 74' lang='grc' dir='ltr'><strong><em>αὐτοῖς</em></strong></span> <span class='ocrx_word' id='word_1_134' title='bbox 1078 1121 1419 1175; x_wconf 64' lang='grc' dir='ltr'><strong><em>συμπλεκοιζιιεθα</em></strong></span> <span class='ocrx_word' id='word_1_135' title='bbox 1436 1153 1449 1172; x_wconf 84' lang='grc'>,</span> <span class='ocrx_word' id='word_1_136' title='bbox 1480 1118 1535 1169; x_wconf 78' lang='grc' dir='ltr'><strong><em>ὥς</em></strong></span> <span class='ocrx_word' id='word_1_137' title='bbox 1567 1121 1633 1169; x_wconf 76' lang='grc' dir='ltr'><strong><em>εἰς</em></strong></span> 
     </span>
     <span class='ocr_line' id='line_1_16' title="bbox 128 1180 1622 1243; baseline -0.002 -14"><span class='ocrx_word' id='word_1_138' title='bbox 128 1187 174 1229; x_wconf 83' lang='lat'><strong><em>15</em></strong></span> <span class='ocrx_word' id='word_1_139' title='bbox 188 1188 272 1237; x_wconf 74' lang='grc' dir='ltr'><em>ἕξιν</em></span> <span class='ocrx_word' id='word_1_140' title='bbox 300 1189 378 1227; x_wconf 81' lang='grc' dir='ltr'><strong><em>τοῦ</em></strong></span> <span class='ocrx_word' id='word_1_141' title='bbox 406 1189 524 1228; x_wconf 81' lang='grc' dir='ltr'><strong><em>νικᾶν</em></strong></span> <span class='ocrx_word' id='word_1_142' title='bbox 552 1180 837 1242; x_wconf 61' lang='grc' dir='ltr'><strong><em>προελθόντες.</em></strong></span> <span class='ocrx_word' id='word_1_143' title='bbox 894 1189 965 1229; x_wconf 69' lang='grc' dir='ltr'><strong><em>ναὶ</em></strong></span> <span class='ocrx_word' id='word_1_144' title='bbox 999 1184 1174 1243; x_wconf 77' lang='grc' dir='ltr'><strong><em>ἄνδρες,</em></strong></span> <span class='ocrx_word' id='word_1_145' title='bbox 1204 1186 1275 1228; x_wconf 81' lang='grc' dir='ltr'>ναί</span> <span class='ocrx_word' id='word_1_146' title='bbox 1300 1186 1622 1239; x_wconf 81' lang='grc' dir='ltr'><strong><em>συστρατιῶται.</em></strong></span> 
     </span>
     <span class='ocr_line' id='line_1_17' title="bbox 186 1249 1627 1308; baseline -0.001 -16"><span class='ocrx_word' id='word_1_147' title='bbox 186 1249 296 1293; x_wconf 69' lang='grc' dir='ltr'><strong><em>οὕτω</em></strong></span> <span class='ocrx_word' id='word_1_148' title='bbox 325 1253 445 1293; x_wconf 84' lang='grc' dir='ltr'><strong><em>τέκνα</em></strong></span> <span class='ocrx_word' id='word_1_149' title='bbox 480 1254 554 1294; x_wconf 81' lang='grc' dir='ltr'>καί</span> <span class='ocrx_word' id='word_1_150' title='bbox 585 1254 860 1308; x_wconf 81' lang='grc' dir='ltr'><strong><em>συλλέκτρους</em></strong></span> <span class='ocrx_word' id='word_1_151' title='bbox 898 1251 1026 1307; x_wconf 78' lang='grc' dir='ltr'><strong><em>ἴδητε.</em></strong></span> <span class='ocrx_word' id='word_1_152' title='bbox 1101 1251 1247 1307; x_wconf 77' lang='grc' dir='ltr'><strong><em>ἀράτω</em></strong></span> <span class='ocrx_word' id='word_1_153' title='bbox 1276 1251 1351 1300; x_wconf 82' lang='grc' dir='ltr'><strong><em>τὰς</em></strong></span> <span class='ocrx_word' id='word_1_154' title='bbox 1378 1251 1523 1307; x_wconf 79' lang='grc' dir='ltr'><strong><em>φωνὰς</em></strong></span> <span class='ocrx_word' id='word_1_155' title='bbox 1545 1253 1627 1292; x_wconf 79' lang='grc' dir='ltr'><strong><em>τῶν</em></strong></span> 
     </span>
     <span class='ocr_line' id='line_1_18' title="bbox 184 1315 1628 1373; baseline 0 -16"><span class='ocrx_word' id='word_1_156' title='bbox 184 1316 412 1371; x_wconf 82' lang='grc' dir='ltr'><strong><em>βαρβάρων</em></strong></span> <span class='ocrx_word' id='word_1_157' title='bbox 445 1315 467 1358; x_wconf 82' lang='grc' dir='ltr'>ὅ</span> <span class='ocrx_word' id='word_1_158' title='bbox 496 1319 732 1373; x_wconf 72' lang='grc' dir='ltr'><em>βαθυδίνης</em></span> <span class='ocrx_word' id='word_1_159' title='bbox 758 1317 902 1360; x_wconf 76' lang='grc' dir='ltr'><strong><em>οὑτοσὶ</em></strong></span> <span class='ocrx_word' id='word_1_160' title='bbox 917 1315 1077 1373; x_wconf 82' lang='grc' dir='ltr'><strong><em>Ἴστρος</em></strong></span> <span class='ocrx_word' id='word_1_161' title='bbox 1097 1319 1418 1373; x_wconf 80' lang='grc' dir='ltr'><strong><em>ἐπιτριβομένων</em></strong></span> <span class='ocrx_word' id='word_1_162' title='bbox 1444 1318 1518 1358; x_wconf 82' lang='grc' dir='ltr'><em>καί</em></span> <span class='ocrx_word' id='word_1_163' title='bbox 1537 1322 1628 1365; x_wconf 79' lang='grc' dir='ltr'><strong><em>ταῖς</em></strong></span> 
     </span>
     <span class='ocr_line' id='line_1_19' title="bbox 184 1380 1628 1438; baseline -0.001 -15"><span class='ocrx_word' id='word_1_164' title='bbox 184 1383 320 1432; x_wconf 76' lang='grc' dir='ltr'><strong><em>δίναις</em></strong></span> <span class='ocrx_word' id='word_1_165' title='bbox 355 1382 710 1436; x_wconf 79' lang='grc' dir='ltr'><strong><em>ἐναποψυχόντων</em></strong></span> <span class='ocrx_word' id='word_1_166' title='bbox 729 1400 739 1411; x_wconf 90' lang='grc'><em>·</em></span> <span class='ocrx_word' id='word_1_167' title='bbox 810 1383 917 1425; x_wconf 79' lang='grc' dir='ltr'><strong><em>α’λλὰ</em></strong></span> <span class='ocrx_word' id='word_1_168' title='bbox 947 1383 1020 1425; x_wconf 74' lang='grc' dir='ltr'><strong><em>καί</em></strong></span> <span class='ocrx_word' id='word_1_169' title='bbox 1057 1380 1303 1437; x_wconf 79' lang='grc' dir='ltr'><strong><em>αἱματώδης</em></strong></span> <span class='ocrx_word' id='word_1_170' title='bbox 1329 1384 1543 1438; x_wconf 83' lang='grc' dir='ltr'><strong><em>προρρέων</em></strong></span> <span class='ocrx_word' id='word_1_171' title='bbox 1572 1383 1628 1422; x_wconf 78' lang='grc' dir='ltr'><strong><em>δι’</em></strong></span> 
     </span>
     <span class='ocr_line' id='line_1_20' title="bbox 187 1441 1628 1506; baseline -0.001 -18"><span class='ocrx_word' id='word_1_172' title='bbox 187 1441 247 1488; x_wconf 72' lang='grc' dir='ltr'><em>ὧν</em></span> <span class='ocrx_word' id='word_1_173' title='bbox 283 1450 436 1502; x_wconf 71' lang='grc' dir='ltr'><strong><em>χωρῶν</em></strong></span> <span class='ocrx_word' id='word_1_174' title='bbox 466 1446 572 1505; x_wconf 77' lang='grc' dir='ltr'><strong><em>ὃλκῷ</em></strong></span> <span class='ocrx_word' id='word_1_175' title='bbox 597 1445 797 1504; x_wconf 80' lang='grc' dir='ltr'><strong><em>σύρεται,</em></strong></span> <span class='ocrx_word' id='word_1_176' title='bbox 842 1446 1126 1506; x_wconf 80' lang='grc' dir='ltr'><strong><em>διατρανούτω</em></strong></span> <span class='ocrx_word' id='word_1_177' title='bbox 1157 1450 1353 1496; x_wconf 86' lang='grc' dir='ltr'><strong><em>Παίονας</em></strong></span> <span class='ocrx_word' id='word_1_178' title='bbox 1377 1447 1628 1502; x_wconf 82' lang='grc' dir='ltr'><strong><em>ἡττημένους</em></strong></span> 
     </span>
     <span class='ocr_line' id='line_1_21' title="bbox 122 1510 1675 1570; baseline -0.003 -12"><span class='ocrx_word' id='word_1_179' title='bbox 122 1532 175 1559; x_wconf 84' lang='lat'><strong><em>20</em></strong></span> <span class='ocrx_word' id='word_1_180' title='bbox 188 1515 259 1554; x_wconf 79' lang='grc' dir='ltr'><strong><em>καί</em></strong></span> <span class='ocrx_word' id='word_1_181' title='bbox 277 1512 512 1565; x_wconf 76' lang='grc' dir='ltr'><strong><em>Ῥωμαίους</em></strong></span> <span class='ocrx_word' id='word_1_182' title='bbox 539 1517 854 1570; x_wconf 83' lang='grc' dir='ltr'><strong><em>α’νακηρυττὲτω</em></strong></span> <span class='ocrx_word' id='word_1_183' title='bbox 895 1516 1111 1567; x_wconf 77' lang='grc' dir='ltr'><strong><em>νικῶντας,</em></strong></span> <span class='ocrx_word' id='word_1_184' title='bbox 1143 1516 1314 1564; x_wconf 79' lang='grc' dir='ltr'><strong><em>ἒξιστῶν</em></strong></span> <span class='ocrx_word' id='word_1_185' title='bbox 1335 1510 1435 1562; x_wconf 77' lang='grc' dir='ltr'><strong><em>τους</em></strong></span> <span class='ocrx_word' id='word_1_186' title='bbox 1465 1515 1625 1565; x_wconf 78' lang='grc' dir='ltr'><strong><em>θεωμὲ-</em></strong></span> <span class='ocrx_word' id='word_1_187' title='bbox 1640 1521 1675 1553; x_wconf 68' lang='lat' dir='ltr'><strong><em>C⁴</em></strong></span> 
     </span>
     <span class='ocr_line' id='line_1_22' title="bbox 186 1577 1629 1636; baseline -0.002 -16"><span class='ocrx_word' id='word_1_188' title='bbox 186 1593 283 1626; x_wconf 88' lang='grc' dir='ltr'><strong><em>νους</em></strong></span> <span class='ocrx_word' id='word_1_189' title='bbox 307 1580 365 1636; x_wconf 74' lang='grc' dir='ltr'><strong><em>τῷ</em></strong></span> <span class='ocrx_word' id='word_1_190' title='bbox 395 1578 522 1635; x_wconf 75' lang='grc' dir='ltr'><strong><em>α’ἡθει</em></strong></span> <span class='ocrx_word' id='word_1_191' title='bbox 547 1582 620 1635; x_wconf 75' lang='grc' dir='ltr'><strong><em>τῆς</em></strong></span> <span class='ocrx_word' id='word_1_192' title='bbox 647 1584 844 1636; x_wconf 81' lang='grc' dir='ltr'><strong><em>προχοῆς.</em></strong></span> <span class='ocrx_word' id='word_1_193' title='bbox 905 1580 1047 1635; x_wconf 80' lang='grc' dir='ltr'><strong><em>χρεών</em></strong></span> <span class='ocrx_word' id='word_1_194' title='bbox 1076 1581 1123 1622; x_wconf 77' lang='grc' dir='ltr'><strong><em>δὲ</em></strong></span> <span class='ocrx_word' id='word_1_195' title='bbox 1149 1578 1254 1635; x_wconf 79' lang='grc' dir='ltr'><strong><em>πρὸς</em></strong></span> <span class='ocrx_word' id='word_1_196' title='bbox 1276 1577 1436 1627; x_wconf 83' lang='grc' dir='ltr'><strong><em>τούτοις</em></strong></span> <span class='ocrx_word' id='word_1_197' title='bbox 1462 1582 1629 1619; x_wconf 83' lang='grc' dir='ltr'><strong><em>σκοπεῖν</em></strong></span> 
     </span>
     <span class='ocr_line' id='line_1_23' title="bbox 186 1640 1629 1701; baseline 0 -17"><span class='ocrx_word' id='word_1_198' title='bbox 186 1643 244 1692; x_wconf 75' lang='grc' dir='ltr'><strong><em>ὥς</em></strong></span> <span class='ocrx_word' id='word_1_199' title='bbox 269 1644 291 1684; x_wconf 85' lang='grc' dir='ltr'>ὄ</span> <span class='ocrx_word' id='word_1_200' title='bbox 320 1642 537 1699; x_wconf 78' lang='grc' dir='ltr'><strong><em>ἐκπέμψας</em></strong></span> <span class='ocrx_word' id='word_1_201' title='bbox 563 1646 674 1701; x_wconf 80' lang='grc' dir='ltr'><strong><em>ἡμᾶς</em></strong></span> <span class='ocrx_word' id='word_1_202' title='bbox 701 1648 745 1695; x_wconf 79' lang='grc' dir='ltr'><strong><em>ἐς</em></strong></span> <span class='ocrx_word' id='word_1_203' title='bbox 770 1644 888 1688; x_wconf 79' lang='grc' dir='ltr'><strong><em>τόνδε</em></strong></span> <span class='ocrx_word' id='word_1_204' title='bbox 917 1640 988 1688; x_wconf 85' lang='grc' dir='ltr'><strong><em>τὸν</em></strong></span> <span class='ocrx_word' id='word_1_205' title='bbox 1016 1644 1195 1698; x_wconf 85' lang='grc' dir='ltr'><strong><em>πόλεμον</em></strong></span> <span class='ocrx_word' id='word_1_206' title='bbox 1223 1640 1335 1693; x_wconf 73' lang='grc' dir='ltr'><strong><em>ἅπας</em></strong></span> <span class='ocrx_word' id='word_1_207' title='bbox 1361 1644 1480 1698; x_wconf 79' lang='grc' dir='ltr'><strong><em>ἡμῶν</em></strong></span> <span class='ocrx_word' id='word_1_208' title='bbox 1508 1641 1629 1696; x_wconf 75' lang='grc' dir='ltr'><strong><em>ἐξήρ-</em></strong></span> 
     </span>
     <span class='ocr_line' id='line_1_24' title="bbox 187 1705 1630 1765; baseline -0.001 -16"><span class='ocrx_word' id='word_1_209' title='bbox 187 1725 324 1762; x_wconf 75' lang='grc' dir='ltr'><strong><em>τηται,</em></strong></span> <span class='ocrx_word' id='word_1_210' title='bbox 353 1709 425 1751; x_wconf 79' lang='grc' dir='ltr'><strong><em>καί</em></strong></span> <span class='ocrx_word' id='word_1_211' title='bbox 446 1717 652 1765; x_wconf 81' lang='grc' dir='ltr'><strong><em>χρησταῖς</em></strong></span> <span class='ocrx_word' id='word_1_212' title='bbox 680 1710 842 1753; x_wconf 81' lang='grc' dir='ltr'><strong><em>ἐλπίσιν</em></strong></span> <span class='ocrx_word' id='word_1_213' title='bbox 865 1711 1206 1764; x_wconf 78' lang='grc' dir='ltr'><strong><em>ὑποθαλπόμενος</em></strong></span> <span class='ocrx_word' id='word_1_214' title='bbox 1224 1710 1293 1765; x_wconf 77' lang='grc' dir='ltr'><strong><em>ἐφ’</em></strong></span> <span class='ocrx_word' id='word_1_215' title='bbox 1326 1705 1388 1757; x_wconf 84' lang='grc' dir='ltr'><strong><em>οἷς</em></strong></span> <span class='ocrx_word' id='word_1_216' title='bbox 1416 1709 1532 1764; x_wconf 71' lang='grc' dir='ltr'><strong><em>αὐτῷ</em></strong></span> <span class='ocrx_word' id='word_1_217' title='bbox 1557 1706 1630 1748; x_wconf 80' lang='grc' dir='ltr'><strong><em>καὶ</em></strong></span> 
     </span>
     <span class='ocr_line' id='line_1_25' title="bbox 189 1772 1629 1829; baseline -0.001 -15"><span class='ocrx_word' id='word_1_218' title='bbox 189 1774 292 1828; x_wconf 75' lang='grc' dir='ltr'><strong><em>ὑπὲρ</em></strong></span> <span class='ocrx_word' id='word_1_219' title='bbox 322 1773 448 1829; x_wconf 71' lang='grc' dir='ltr'><strong><em>ἰσχύν</em></strong></span> <span class='ocrx_word' id='word_1_220' title='bbox 479 1776 764 1829; x_wconf 75' lang='grc' dir='ltr'><strong><em>α’νδρίσασθαι</em></strong></span> <span class='ocrx_word' id='word_1_221' title='bbox 801 1779 1090 1829; x_wconf 75' lang='grc' dir='ltr'><strong><em>συνεθέμεθα,</em></strong></span> <span class='ocrx_word' id='word_1_222' title='bbox 1129 1778 1283 1828; x_wconf 82' lang='grc' dir='ltr'><strong><em>μικροῦ</em></strong></span> <span class='ocrx_word' id='word_1_223' title='bbox 1319 1772 1421 1822; x_wconf 79' lang='grc' dir='ltr'><strong><em>τούς</em></strong></span> <span class='ocrx_word' id='word_1_224' title='bbox 1449 1772 1629 1827; x_wconf 82' lang='grc' dir='ltr'><strong><em>ζωγρίας</em></strong></span> 
     </span>
     <span class='ocr_line' id='line_1_26' title="bbox 126 1835 1746 1898; baseline -0.003 -14"><span class='ocrx_word' id='word_1_225' title='bbox 126 1845 177 1884; x_wconf 84' lang='lat'><strong><em>25</em></strong></span> <span class='ocrx_word' id='word_1_226' title='bbox 191 1839 394 1882; x_wconf 78' lang='grc' dir='ltr'><strong><em>ἀναπολεῖ</em></strong></span> <span class='ocrx_word' id='word_1_227' title='bbox 422 1842 494 1882; x_wconf 84' lang='grc' dir='ltr'><em>καί</em></span> <span class='ocrx_word' id='word_1_228' title='bbox 519 1840 565 1882; x_wconf 84' lang='grc' dir='ltr'><strong><em>τὸ</em></strong></span> <span class='ocrx_word' id='word_1_229' title='bbox 606 1845 677 1896; x_wconf 73' lang='grc' dir='ltr'><strong><em>τῆς</em></strong></span> <span class='ocrx_word' id='word_1_230' title='bbox 713 1844 825 1896; x_wconf 81' lang='grc' dir='ltr'><strong><em>νίκης</em></strong></span> <span class='ocrx_word' id='word_1_231' title='bbox 869 1839 1121 1898; x_wconf 80' lang='grc' dir='ltr'><strong><em>φαντάζεται</em></strong></span> <span class='ocrx_word' id='word_1_232' title='bbox 1146 1842 1338 1894; x_wconf 73' lang='grc' dir='ltr'><strong><em>μέγεθος.</em></strong></span> <span class='ocrx_word' id='word_1_233' title='bbox 1395 1835 1454 1892; x_wconf 73' lang='grc' dir='ltr'><strong><em>μὴ</em></strong></span> <span class='ocrx_word' id='word_1_234' title='bbox 1489 1839 1626 1880; x_wconf 83' lang='grc' dir='ltr'><strong><em>τοίνυν</em></strong></span> <span class='ocrx_word' id='word_1_235' title='bbox 1641 1844 1680 1878; x_wconf 83' lang='lat' dir='ltr'><strong><em>V.</em></strong></span> <span class='ocrx_word' id='word_1_236' title='bbox 1695 1849 1746 1883; x_wconf 70' lang='lat'><strong><em>82</em></strong></span> 
     </span>
    </p>
   </div>
   <div class='ocr_carea' id='block_1_3' title="bbox 279 1935 1626 2078">
    <p class='ocr_par' dir='ltr' id='par_1_5' title="bbox 279 1916 1626 2078">
     <span class='ocr_line' id='line_1_27' title="bbox 281 1935 1626 1986; baseline -0.001 -15"><span class='ocrx_word' id='word_1_237' title='bbox 281 1953 312 1985; x_wconf 80' lang='lat'><strong><em>7.</em></strong></span> <span class='ocrx_word' id='word_1_238' title='bbox 339 1939 560 1986; x_wconf 70' lang='grc' dir='ltr'><strong><em>εὐπάλαμον</em></strong></span> <span class='ocrx_word' id='word_1_239' title='bbox 581 1941 620 1973; x_wconf 82' lang='lat' dir='ltr'><strong><em>A.</em></strong></span> <span class='ocrx_word' id='word_1_240' title='bbox 649 1935 656 1939; x_wconf 52' lang='grc'><strong>”</strong></span> <span class='ocrx_word' id='word_1_241' title='bbox 719 1952 770 1975; x_wconf 91' lang='grc' dir='ltr'><strong><em>ιο.</em></strong></span> <span class='ocrx_word' id='word_1_242' title='bbox 795 1943 858 1974; x_wconf 80' lang='grc' dir='ltr'><strong><em>καὶ</em></strong></span> <span class='ocrx_word' id='word_1_243' title='bbox 895 1947 978 1986; x_wconf 80' lang='lat' dir='ltr'><strong>post</strong></span> <span class='ocrx_word' id='word_1_244' title='bbox 1011 1939 1060 1977; x_wconf 75' lang='grc' dir='ltr'><strong><em>ὥς</em></strong></span> <span class='ocrx_word' id='word_1_245' title='bbox 1085 1951 1142 1973; x_wconf 75' lang='lat' dir='ltr'><strong><em>orn</em></strong></span> <span class='ocrx_word' id='word_1_246' title='bbox 1169 1940 1208 1972; x_wconf 75' lang='lat' dir='ltr'><strong><em>A.</em></strong></span> <span class='ocrx_word' id='word_1_247' title='bbox 1320 1941 1368 1972; x_wconf 84' lang='lat'><strong><em>15.</em></strong></span> <span class='ocrx_word' id='word_1_248' title='bbox 1394 1940 1626 1982; x_wconf 74' lang='grc' dir='ltr'><strong><em>συστρατιῶ-</em></strong></span> 
     </span>
     <span class='ocr_line' id='line_1_28' title="bbox 284 1977 1626 2067; baseline -0.001 -47"><span class='ocrx_word' id='word_1_249' title='bbox 284 1986 360 2045; x_wconf 52' lang='grc' dir='ltr'><strong><em>ται]</em></strong></span> <span class='ocrx_word' id='word_1_250' title='bbox 400 1988 511 2067; x_wconf 48' lang='lat' dir='ltr'><strong><em>(pigot</em></strong></span> <span class='ocrx_word' id='word_1_251' title='bbox 537 1989 600 2020; x_wconf 80' lang='grc' dir='ltr'><strong><em>καὶ</em></strong></span> <span class='ocrx_word' id='word_1_252' title='bbox 624 1985 788 2033; x_wconf 71' lang='grc' dir='ltr'><strong><em>ἀδελφοί</em></strong></span> <span class='ocrx_word' id='word_1_253' title='bbox 811 1989 847 2020; x_wconf 88' lang='grc' dir='ltr'><strong><em>Β.</em></strong></span> <span class='ocrx_word' id='word_1_254' title='bbox 977 1990 1025 2024; x_wconf 82' lang='lat'><strong><em>¹8.</em></strong></span> <span class='ocrx_word' id='word_1_255' title='bbox 1059 1984 1271 2033; x_wconf 79' lang='grc' dir='ltr'><strong><em>προρρὲων]</em></strong></span> <span class='ocrx_word' id='word_1_256' title='bbox 1296 1986 1472 2031; x_wconf 77' lang='grc' dir='ltr'><strong><em>προχέων</em></strong></span> <span class='ocrx_word' id='word_1_257' title='bbox 1497 1984 1547 2018; x_wconf 80' lang='grc' dir='ltr'><strong><em>δι’</em></strong></span> <span class='ocrx_word' id='word_1_258' title='bbox 1572 1977 1626 2018; x_wconf 73' lang='grc' dir='ltr'><em>ὦν</em></span> 
     </span>
     <span class='ocr_line' id='line_1_29' title="bbox 279 2044 479 2078; baseline 0 -12"><span class='ocrx_word' id='word_1_259' title='bbox 279 2044 416 2078; x_wconf 79' lang='grc' dir='ltr'><strong><em>χωρων</em></strong></span> <span class='ocrx_word' id='word_1_260' title='bbox 472 2058 479 2066; x_wconf 92' lang='grc'><strong>.</strong></span> 
     </span>
    </p>
   </div>
   <div class='ocr_carea' id='block_1_4' title="bbox 188 2129 1633 2785">
    <p class='ocr_par' dir='ltr' id='par_1_6' title="bbox 188 2129 1633 2785">
     <span class='ocr_line' id='line_1_30' title="bbox 189 2129 1626 2177; baseline -0.002 -13"><span class='ocrx_word' id='word_1_261' title='bbox 189 2143 322 2177; x_wconf 86' lang='lat' dir='ltr'><strong>poenas</strong></span> <span class='ocrx_word' id='word_1_262' title='bbox 345 2132 480 2165; x_wconf 88' lang='lat' dir='ltr'><strong>demus.</strong></span> <span class='ocrx_word' id='word_1_263' title='bbox 503 2143 622 2177; x_wconf 88' lang='lat' dir='ltr'><strong>neque</strong></span> <span class='ocrx_word' id='word_1_264' title='bbox 647 2143 731 2166; x_wconf 86' lang='lat' dir='ltr'><strong>vero</strong></span> <span class='ocrx_word' id='word_1_265' title='bbox 749 2138 812 2166; x_wconf 82' lang='lat' dir='ltr'><strong>aut</strong></span> <span class='ocrx_word' id='word_1_266' title='bbox 828 2143 893 2166; x_wconf 90' lang='lat' dir='ltr'><strong><em>nos</em></strong></span> <span class='ocrx_word' id='word_1_267' title='bbox 912 2131 979 2165; x_wconf 87' lang='lat' dir='ltr'><strong>soli</strong></span> <span class='ocrx_word' id='word_1_268' title='bbox 996 2131 1205 2165; x_wconf 85' lang='lat' dir='ltr'><strong>vulneribus</strong></span> <span class='ocrx_word' id='word_1_269' title='bbox 1222 2136 1259 2165; x_wconf 83' lang='lat' dir='ltr'><strong>et</strong></span> <span class='ocrx_word' id='word_1_270' title='bbox 1271 2130 1377 2164; x_wconf 79' lang='lat' dir='ltr'><strong>morti</strong></span> <span class='ocrx_word' id='word_1_271' title='bbox 1395 2129 1549 2174; x_wconf 83' lang='lat' dir='ltr'><strong>expositi</strong></span> <span class='ocrx_word' id='word_1_272' title='bbox 1567 2141 1626 2162; x_wconf 85' lang='lat' dir='ltr'><strong><em>su-</em></strong></span> 
     </span>
     <span class='ocr_line' id='line_1_31' title="bbox 189 2177 1627 2220; baseline -0.003 -8"><span class='ocrx_word' id='word_1_273' title='bbox 189 2190 279 2220; x_wconf 88' lang='lat' dir='ltr'><strong>mus,</strong></span> <span class='ocrx_word' id='word_1_274' title='bbox 303 2186 366 2213; x_wconf 82' lang='lat' dir='ltr'><strong><em>aut</em></strong></span> <span class='ocrx_word' id='word_1_275' title='bbox 381 2179 502 2213; x_wconf 81' lang='lat' dir='ltr'><strong>hostes</strong></span> <span class='ocrx_word' id='word_1_276' title='bbox 531 2180 627 2212; x_wconf 79' lang='lat' dir='ltr'><strong>aerei</strong></span> <span class='ocrx_word' id='word_1_277' title='bbox 651 2185 734 2212; x_wconf 87' lang='lat' dir='ltr'><strong>sunt</strong></span> <span class='ocrx_word' id='word_1_278' title='bbox 750 2185 787 2214; x_wconf 82' lang='lat' dir='ltr'><strong>et</strong></span> <span class='ocrx_word' id='word_1_279' title='bbox 809 2179 1113 2213; x_wconf 84' lang='lat' dir='ltr'><strong>invulnerabiles:</strong></span> <span class='ocrx_word' id='word_1_280' title='bbox 1139 2178 1201 2212; x_wconf 84' lang='lat' dir='ltr'><strong>sed</strong></span> <span class='ocrx_word' id='word_1_281' title='bbox 1226 2183 1266 2211; x_wconf 87' lang='lat' dir='ltr'><strong><em>ut</em></strong></span> <span class='ocrx_word' id='word_1_282' title='bbox 1290 2178 1346 2210; x_wconf 89' lang='lat' dir='ltr'><strong>illi</strong></span> <span class='ocrx_word' id='word_1_283' title='bbox 1372 2178 1466 2209; x_wconf 83' lang='lat' dir='ltr'><strong>ferro</strong></span> <span class='ocrx_word' id='word_1_284' title='bbox 1495 2177 1627 2209; x_wconf 86' lang='lat' dir='ltr'><strong>muniti</strong></span> 
     </span>
     <span class='ocr_line' id='line_1_32' title="bbox 189 2225 1628 2271; baseline -0.003 -13"><span class='ocrx_word' id='word_1_285' title='bbox 189 2232 272 2259; x_wconf 86' lang='lat' dir='ltr'><strong>sunt</strong></span> <span class='ocrx_word' id='word_1_286' title='bbox 286 2231 322 2259; x_wconf 87' lang='lat' dir='ltr'><strong>et</strong></span> <span class='ocrx_word' id='word_1_287' title='bbox 334 2226 519 2260; x_wconf 85' lang='lat' dir='ltr'><strong>velocibus</strong></span> <span class='ocrx_word' id='word_1_288' title='bbox 534 2226 637 2271; x_wconf 84' lang='lat' dir='ltr'><strong>equis</strong></span> <span class='ocrx_word' id='word_1_289' title='bbox 652 2226 823 2267; x_wconf 85' lang='lat' dir='ltr'><strong>insident,</strong></span> <span class='ocrx_word' id='word_1_290' title='bbox 837 2227 887 2260; x_wconf 84' lang='lat' dir='ltr'><strong>ita</strong></span> <span class='ocrx_word' id='word_1_291' title='bbox 903 2226 1049 2260; x_wconf 88' lang='lat' dir='ltr'><strong>eaedem</strong></span> <span class='ocrx_word' id='word_1_292' title='bbox 1067 2236 1121 2258; x_wconf 87' lang='lat' dir='ltr'><strong>res</strong></span> <span class='ocrx_word' id='word_1_293' title='bbox 1135 2225 1240 2258; x_wconf 85' lang='lat' dir='ltr'><strong>nobis</strong></span> <span class='ocrx_word' id='word_1_294' title='bbox 1257 2234 1402 2269; x_wconf 84' lang='lat' dir='ltr'><strong>quoque</strong></span> <span class='ocrx_word' id='word_1_295' title='bbox 1420 2228 1628 2267; x_wconf 79' lang='lat' dir='ltr'><strong>suppetunt,</strong></span> 
     </span>
     <span class='ocr_line' id='line_1_33' title="bbox 188 2268 1629 2316; baseline -0.003 -12"><span class='ocrx_word' id='word_1_296' title='bbox 188 2283 308 2316; x_wconf 86' lang='lat' dir='ltr'><strong>neque</strong></span> <span class='ocrx_word' id='word_1_297' title='bbox 324 2273 537 2307; x_wconf 78' lang='lat' dir='ltr'><strong>fortitudine</strong></span> <span class='ocrx_word' id='word_1_298' title='bbox 565 2273 638 2306; x_wconf 80' lang='lat' dir='ltr'><strong>illis</strong></span> <span class='ocrx_word' id='word_1_299' title='bbox 664 2273 832 2307; x_wconf 82' lang='lat' dir='ltr'><strong>cedimus.</strong></span> <span class='ocrx_word' id='word_1_300' title='bbox 860 2273 1025 2306; x_wconf 87' lang='lat' dir='ltr'><strong>omuibus</strong></span> <span class='ocrx_word' id='word_1_301' title='bbox 1050 2272 1173 2306; x_wconf 84' lang='lat' dir='ltr'><strong>eadem</strong></span> <span class='ocrx_word' id='word_1_302' title='bbox 1197 2276 1252 2304; x_wconf 85' lang='lat' dir='ltr'><strong>est</strong></span> <span class='ocrx_word' id='word_1_303' title='bbox 1274 2270 1476 2310; x_wconf 81' lang='lat' dir='ltr'><strong><em>instructio,</em></strong></span> <span class='ocrx_word' id='word_1_304' title='bbox 1503 2268 1629 2301; x_wconf 89' lang='lat' dir='ltr'><strong>eadem</strong></span> 
     </span>
     <span class='ocr_line' id='line_1_34' title="bbox 189 2318 1630 2360; baseline -0.002 -9"><span class='ocrx_word' id='word_1_305' title='bbox 189 2319 280 2352; x_wconf 86' lang='lat' dir='ltr'><strong>belli</strong></span> <span class='ocrx_word' id='word_1_306' title='bbox 294 2320 514 2360; x_wconf 80' lang='lat' dir='ltr'><strong>exercitatio,</strong></span> <span class='ocrx_word' id='word_1_307' title='bbox 532 2319 656 2353; x_wconf 87' lang='lat' dir='ltr'><strong>eadem</strong></span> <span class='ocrx_word' id='word_1_308' title='bbox 670 2331 848 2354; x_wconf 84' lang='lat' dir='ltr'><strong>armorum</strong></span> <span class='ocrx_word' id='word_1_309' title='bbox 862 2321 964 2354; x_wconf 83' lang='lat' dir='ltr'><strong>ratio.</strong></span> <span class='ocrx_word' id='word_1_310' title='bbox 983 2331 1064 2353; x_wconf 88' lang='lat' dir='ltr'><strong>nam</strong></span> <span class='ocrx_word' id='word_1_311' title='bbox 1081 2318 1174 2351; x_wconf 91' lang='lat' dir='ltr'><strong>illud</strong></span> <span class='ocrx_word' id='word_1_312' title='bbox 1187 2318 1327 2358; x_wconf 85' lang='lat' dir='ltr'><strong>omitto,</strong></span> <span class='ocrx_word' id='word_1_313' title='bbox 1351 2327 1428 2358; x_wconf 88' lang='lat' dir='ltr'><strong>nos,</strong></span> <span class='ocrx_word' id='word_1_314' title='bbox 1454 2321 1630 2360; x_wconf 83' lang='lat' dir='ltr'><strong>quantum</strong></span> 
     </span>
     <span class='ocr_line' id='line_1_35' title="bbox 192 2361 1630 2412; baseline -0.002 -15"><span class='ocrx_word' id='word_1_315' title='bbox 192 2366 401 2410; x_wconf 84' lang='lat' dir='ltr'><strong>eloquentia</strong></span> <span class='ocrx_word' id='word_1_316' title='bbox 446 2371 484 2400; x_wconf 82' lang='lat' dir='ltr'><strong>et</strong></span> <span class='ocrx_word' id='word_1_317' title='bbox 507 2366 670 2399; x_wconf 83' lang='lat' dir='ltr'><strong>doctrina</strong></span> <span class='ocrx_word' id='word_1_318' title='bbox 702 2366 873 2400; x_wconf 83' lang='lat' dir='ltr'><strong>barbaros</strong></span> <span class='ocrx_word' id='word_1_319' title='bbox 912 2377 1143 2412; x_wconf 81' lang='lat' dir='ltr'><strong>superamus,</strong></span> <span class='ocrx_word' id='word_1_320' title='bbox 1172 2370 1275 2399; x_wconf 86' lang='lat' dir='ltr'><strong>tanto</strong></span> <span class='ocrx_word' id='word_1_321' title='bbox 1304 2364 1411 2396; x_wconf 86' lang='lat' dir='ltr'><strong>etiam</strong></span> <span class='ocrx_word' id='word_1_322' title='bbox 1437 2361 1630 2407; x_wconf 73' lang='lat' dir='ltr'><strong>disciplina</strong></span> 
     </span>
     <span class='ocr_line' id='line_1_36' title="bbox 191 2409 1630 2458; baseline -0.003 -14"><span class='ocrx_word' id='word_1_323' title='bbox 191 2413 339 2445; x_wconf 84' lang='lat' dir='ltr'><strong>militari</strong></span> <span class='ocrx_word' id='word_1_324' title='bbox 365 2419 402 2447; x_wconf 84' lang='lat' dir='ltr'><strong>et</strong></span> <span class='ocrx_word' id='word_1_325' title='bbox 433 2414 580 2446; x_wconf 80' lang='lat' dir='ltr'><strong>solertia</strong></span> <span class='ocrx_word' id='word_1_326' title='bbox 618 2414 818 2458; x_wconf 85' lang='lat' dir='ltr'><strong>superiores</strong></span> <span class='ocrx_word' id='word_1_327' title='bbox 859 2424 946 2446; x_wconf 86' lang='lat' dir='ltr'><strong>esse.</strong></span> <span class='ocrx_word' id='word_1_328' title='bbox 978 2424 1097 2446; x_wconf 87' lang='lat' dir='ltr'><strong>sumus</strong></span> <span class='ocrx_word' id='word_1_329' title='bbox 1122 2412 1230 2446; x_wconf 78' lang='lat' dir='ltr'><strong>etiam</strong></span> <span class='ocrx_word' id='word_1_330' title='bbox 1259 2409 1410 2443; x_wconf 79' lang='lat' dir='ltr'><strong>antehac</strong></span> <span class='ocrx_word' id='word_1_331' title='bbox 1433 2420 1513 2441; x_wconf 90' lang='lat' dir='ltr'><strong><em>cum</em></strong></span> <span class='ocrx_word' id='word_1_332' title='bbox 1540 2409 1630 2441; x_wconf 89' lang='lat' dir='ltr'><strong>Pan-</strong></span> 
     </span>
     <span class='ocr_line' id='line_1_37' title="bbox 192 2457 1631 2505; baseline -0.003 -15"><span class='ocrx_word' id='word_1_333' title='bbox 192 2459 310 2492; x_wconf 84' lang='lat' dir='ltr'><strong>noniis</strong></span> <span class='ocrx_word' id='word_1_334' title='bbox 336 2459 541 2503; x_wconf 85' lang='lat' dir='ltr'><strong>congressi,</strong></span> <span class='ocrx_word' id='word_1_335' title='bbox 567 2470 763 2505; x_wconf 82' lang='lat' dir='ltr'><strong>eorumque</strong></span> <span class='ocrx_word' id='word_1_336' title='bbox 787 2472 888 2505; x_wconf 83' lang='lat' dir='ltr'><strong>agros</strong></span> <span class='ocrx_word' id='word_1_337' title='bbox 922 2460 1148 2493; x_wconf 81' lang='lat' dir='ltr'><strong>vastavimus.</strong></span> <span class='ocrx_word' id='word_1_338' title='bbox 1173 2457 1420 2503; x_wconf 82' lang='lat' dir='ltr'><strong>aggrediamur</strong></span> <span class='ocrx_word' id='word_1_339' title='bbox 1447 2465 1508 2487; x_wconf 87' lang='lat' dir='ltr'><strong>eos</strong></span> <span class='ocrx_word' id='word_1_340' title='bbox 1535 2466 1631 2487; x_wconf 82' lang='lat' dir='ltr'><strong>nunc</strong></span> 
     </span>
     <span class='ocr_line' id='line_1_38' title="bbox 192 2502 1629 2550; baseline -0.005 -11"><span class='ocrx_word' id='word_1_341' title='bbox 192 2514 337 2549; x_wconf 84' lang='lat' dir='ltr'><strong>quoque</strong></span> <span class='ocrx_word' id='word_1_342' title='bbox 368 2507 540 2539; x_wconf 75' lang='lat' dir='ltr'><strong>victoriae</strong></span> <span class='ocrx_word' id='word_1_343' title='bbox 570 2506 698 2540; x_wconf 84' lang='lat' dir='ltr'><strong>habitu</strong></span> <span class='ocrx_word' id='word_1_344' title='bbox 726 2507 946 2540; x_wconf 81' lang='lat' dir='ltr'><strong>confirmato.</strong></span> <span class='ocrx_word' id='word_1_345' title='bbox 972 2506 1080 2550; x_wconf 84' lang='lat' dir='ltr'><strong>agite,</strong></span> <span class='ocrx_word' id='word_1_346' title='bbox 1108 2505 1189 2545; x_wconf 87' lang='lat' dir='ltr'><strong>viri,</strong></span> <span class='ocrx_word' id='word_1_347' title='bbox 1213 2505 1320 2549; x_wconf 78' lang='lat' dir='ltr'><strong>agite,</strong></span> <span class='ocrx_word' id='word_1_348' title='bbox 1346 2502 1629 2539; x_wconf 81' lang='lat' dir='ltr'><strong>commilitones,</strong></span> 
     </span>
     <span class='ocr_line' id='line_1_39' title="bbox 195 2548 1633 2598; baseline -0.003 -15"><span class='ocrx_word' id='word_1_349' title='bbox 195 2550 246 2583; x_wconf 81' lang='lat' dir='ltr'><strong><em>ita</em></strong></span> <span class='ocrx_word' id='word_1_350' title='bbox 269 2551 402 2586; x_wconf 85' lang='lat' dir='ltr'><strong>liberos</strong></span> <span class='ocrx_word' id='word_1_351' title='bbox 426 2557 464 2586; x_wconf 82' lang='lat' dir='ltr'><strong><em>el:</em></strong></span> <span class='ocrx_word' id='word_1_352' title='bbox 490 2553 658 2598; x_wconf 87' lang='lat' dir='ltr'><strong>coniuges</strong></span> <span class='ocrx_word' id='word_1_353' title='bbox 695 2558 830 2587; x_wconf 76' lang='lat' dir='ltr'><strong>vestras</strong></span> <span class='ocrx_word' id='word_1_354' title='bbox 858 2553 1030 2587; x_wconf 79' lang='lat' dir='ltr'><strong>videatis:</strong></span> <span class='ocrx_word' id='word_1_355' title='bbox 1054 2552 1287 2585; x_wconf 77' lang='lat' dir='ltr'><strong>barbarorum</strong></span> <span class='ocrx_word' id='word_1_356' title='bbox 1311 2548 1540 2595; x_wconf 81' lang='lat' dir='ltr'><strong>pereuntium</strong></span> <span class='ocrx_word' id='word_1_357' title='bbox 1567 2557 1633 2578; x_wconf 72' lang='lat' dir='ltr'><strong><em>vo-</em></strong></span> 
     </span>
     <span class='ocr_line' id='line_1_40' title="bbox 196 2591 1631 2644; baseline -0.003 -16"><span class='ocrx_word' id='word_1_358' title='bbox 196 2606 254 2628; x_wconf 86' lang='lat' dir='ltr'><strong>ces</strong></span> <span class='ocrx_word' id='word_1_359' title='bbox 278 2598 359 2630; x_wconf 84' lang='lat' dir='ltr'><strong>Istri</strong></span> <span class='ocrx_word' id='word_1_360' title='bbox 377 2599 533 2643; x_wconf 84' lang='lat' dir='ltr'><strong>gurgites</strong></span> <span class='ocrx_word' id='word_1_361' title='bbox 559 2599 746 2642; x_wconf 85' lang='lat' dir='ltr'><strong>hauriant,</strong></span> <span class='ocrx_word' id='word_1_362' title='bbox 772 2605 1033 2644; x_wconf 85' lang='lat' dir='ltr'><strong>cruentumque</strong></span> <span class='ocrx_word' id='word_1_363' title='bbox 1057 2598 1191 2631; x_wconf 87' lang='lat' dir='ltr'><strong>flumen</strong></span> <span class='ocrx_word' id='word_1_364' title='bbox 1202 2597 1466 2631; x_wconf 88' lang='lat' dir='ltr'><strong>Pannoniorum</strong></span> <span class='ocrx_word' id='word_1_365' title='bbox 1492 2591 1631 2626; x_wconf 87' lang='lat' dir='ltr'><strong>cladem</strong></span> 
     </span>
     <span class='ocr_line' id='line_1_41' title="bbox 197 2640 1631 2691; baseline -0.003 -17"><span class='ocrx_word' id='word_1_366' title='bbox 197 2647 234 2675; x_wconf 76' lang='lat' dir='ltr'><strong>et</strong></span> <span class='ocrx_word' id='word_1_367' title='bbox 258 2643 494 2678; x_wconf 73' lang='lat' dir='ltr'><strong>Romanorum</strong></span> <span class='ocrx_word' id='word_1_368' title='bbox 533 2646 719 2680; x_wconf 82' lang='lat' dir='ltr'><strong>victoriam</strong></span> <span class='ocrx_word' id='word_1_369' title='bbox 758 2646 906 2680; x_wconf 86' lang='lat' dir='ltr'><strong>insolito</strong></span> <span class='ocrx_word' id='word_1_370' title='bbox 931 2645 1135 2691; x_wconf 81' lang='lat' dir='ltr'><strong>spectaculo</strong></span> <span class='ocrx_word' id='word_1_371' title='bbox 1172 2644 1277 2677; x_wconf 85' lang='lat' dir='ltr'><strong>terris</strong></span> <span class='ocrx_word' id='word_1_372' title='bbox 1301 2643 1346 2676; x_wconf 85' lang='lat' dir='ltr'><strong><em>iis</em></strong></span> <span class='ocrx_word' id='word_1_373' title='bbox 1372 2640 1518 2675; x_wconf 79' lang='lat' dir='ltr'><strong>nuntiet</strong></span> <span class='ocrx_word' id='word_1_374' title='bbox 1541 2649 1631 2683; x_wconf 83' lang='lat' dir='ltr'><strong>quas</strong></span> 
     </span>
     <span class='ocr_line' id='line_1_42' title="bbox 198 2684 1633 2734; baseline 0.001 -14"><span class='ocrx_word' id='word_1_375' title='bbox 198 2688 353 2732; x_wconf 84' lang='lat' dir='ltr'><strong>perfluit.</strong></span> <span class='ocrx_word' id='word_1_376' title='bbox 388 2696 574 2734; x_wconf 84' lang='lat' dir='ltr'><strong>praeterea</strong></span> <span class='ocrx_word' id='word_1_377' title='bbox 609 2692 702 2726; x_wconf 85' lang='lat' dir='ltr'><strong>illud</strong></span> <span class='ocrx_word' id='word_1_378' title='bbox 727 2693 835 2726; x_wconf 87' lang='lat' dir='ltr'><strong>etiam</strong></span> <span class='ocrx_word' id='word_1_379' title='bbox 870 2698 924 2726; x_wconf 85' lang='lat' dir='ltr'><strong>est</strong></span> <span class='ocrx_word' id='word_1_380' title='bbox 946 2690 1269 2731; x_wconf 87' lang='lat' dir='ltr'><strong>considerandum,</strong></span> <span class='ocrx_word' id='word_1_381' title='bbox 1307 2700 1388 2723; x_wconf 76' lang='lat' dir='ltr'><strong>eum</strong></span> <span class='ocrx_word' id='word_1_382' title='bbox 1416 2698 1436 2719; x_wconf 87' lang='lat' dir='ltr'><strong>a</strong></span> <span class='ocrx_word' id='word_1_383' title='bbox 1460 2685 1532 2730; x_wconf 73' lang='lat'>(1¹50</span> <span class='ocrx_word' id='word_1_384' title='bbox 1561 2684 1633 2716; x_wconf 71' lang='lat' dir='ltr'><strong><em>hue</em></strong></span> 
     </span>
     <span class='ocr_line' id='line_1_43' title="bbox 197 2730 1631 2785; baseline -0.003 -17"><span class='ocrx_word' id='word_1_385' title='bbox 197 2734 298 2769; x_wconf 73' lang='lat' dir='ltr'><strong>misni</strong></span> <span class='ocrx_word' id='word_1_386' title='bbox 321 2746 440 2772; x_wconf 86' lang='lat' dir='ltr'><strong>sumus</strong></span> <span class='ocrx_word' id='word_1_387' title='bbox 466 2743 582 2773; x_wconf 83' lang='lat' dir='ltr'><strong>totum</strong></span> <span class='ocrx_word' id='word_1_388' title='bbox 616 2739 775 2785; x_wconf 82' lang='lat' dir='ltr'><strong>pendere</strong></span> <span class='ocrx_word' id='word_1_389' title='bbox 799 2751 819 2772; x_wconf 84' lang='lat' dir='ltr'><strong>a</strong></span> <span class='ocrx_word' id='word_1_390' title='bbox 843 2739 968 2781; x_wconf 85' lang='lat' dir='ltr'><strong>nobis,</strong></span> <span class='ocrx_word' id='word_1_391' title='bbox 994 2743 1031 2772; x_wconf 84' lang='lat' dir='ltr'><strong>et.</strong></span> <span class='ocrx_word' id='word_1_392' title='bbox 1053 2738 1149 2772; x_wconf 83' lang='lat' dir='ltr'><strong>bona</strong></span> <span class='ocrx_word' id='word_1_393' title='bbox 1177 2747 1239 2783; x_wconf 85' lang='lat' dir='ltr'><strong>spe</strong></span> <span class='ocrx_word' id='word_1_394' title='bbox 1263 2747 1307 2770; x_wconf 83' lang='lat' dir='ltr'><strong>ex</strong></span> <span class='ocrx_word' id='word_1_395' title='bbox 1330 2733 1461 2769; x_wconf 78' lang='lat' dir='ltr'><strong><em>uostris</em></strong></span> <span class='ocrx_word' id='word_1_396' title='bbox 1484 2730 1631 2778; x_wconf 80' lang='lat' dir='ltr'><strong>pollici-</strong></span> 
     </span>
    </p>
   </div>
  </div>
 </body>
</html>
