1838 3210
249 172 266 207 ι
291 171 352 208 ιο
404 141 406 143 ’
680 166 908 208 Nlcss'rAE
946 159 1257 205 CHONJATAE

240 270 312 314 καὶ
340 268 454 327 παρὰ
484 268 558 323 τήν
584 261 718 321 ἄκραν
733 267 905 320 τεθῆναι
935 262 1012 318 τήν
1040 263 1267 318 πυργοειδῆ
1294 264 1450 318 ταύτην
1475 263 1670 318 κλίμακα,

240 336 266 392 ἦ
296 338 375 391 μὲν
417 331 583 391 κορυφή
622 331 752 384 αὐτῆς
797 330 926 387 ῥαχίᾳ
963 330 1116 385 πέτρας
1159 330 1232 370 καί
1259 327 1375 386 πάγῳ
1403 327 1674 383 προσήγγιζεν

241 400 465 454 ὀκριόεντι,
497 395 596 438 ὅθεν
627 394 647 436 ὃ
675 397 748 449 τῆς
775 394 934 444 πόλεως
958 392 1174 449 τειχισμὸς
1195 391 1424 447 α’ρχόμενος
1441 393 1564 448 βάσιν
1590 396 1676 436 ἑνε-

241 467 359 508 δίδου
386 470 471 511 τοῖς
488 461 728 513 ἀποβαίνειν
744 460 790 501 ἐκ
815 462 886 514 τῆς
906 463 1103 513 κλίμακος
1125 459 1323 512 μέλλουσι
1355 459 1428 500 καί
1449 457 1553 514 πρὸς
1578 457 1676 507 τούς

244 531 316 572 ἐπὶ
345 529 423 570 τοῦ
446 525 611 579 τείχους
635 525 950 581 α’ντιφέρεσθαι,
979 525 1006 579 ἦ
1036 526 1073 566 δ’
1090 523 1318 579 &need-9912
1347 527 1504 573 πλοίοις
1531 525 1712 568 ἐπανέ-5

241 608 348 635 κειτο
364 587 415 633 εὖ
430 591 615 646 ἀραρυῖα
634 592 706 632 καί
716 597 922 645 πεπηγυῖα
937 588 1042 646 πρὸς
1059 588 1104 632 τὸ
1126 588 1304 643 ἔμπεδον
1323 591 1396 630 καί
1409 589 1677 644 ιῖκροὶδαντον.

241 658 456 712 ἐπιλέγδην
485 651 562 697 οὖν
590 654 629 697 οἱ
658 657 718 697 ἐπ’
748 656 880 710 αὐτῆς
913 650 1217 711 ἀναβησόμενοι
1245 657 1512 709 ἐπεκρίνοντο,
1541 655 1614 696 καί
1639 653 1679 695 οἱ

135 732 170 765 P.
185 720 433 765 56ἁποέντων
468 719 607 774 ἔξοχοι
647 716 782 763 ἄλλων
820 723 893 762 καί
931 717 1098 773 ἄλκιμοι
1143 718 1244 762 κατοὶ
1287 717 1484 772 πόλεμον,
1519 716 1580 761 ὅτι
1608 719 1682 761 καί

240 786 292 841 ,,ὃ
328 786 397 830 τὸν
421 789 599 841 βασιλέα
629 788 763 843 φιλῶν
804 789 878 828 καί
903 783 1122 841 φιλότιμος
1151 787 1194 827 ἐν
1221 787 1372 834 δεινοῖς
1397 786 1678 838 οἷναβάινε’τω’Ι

240 851 441 906 βασιλεύς
485 850 612 900 αὐτὸς
650 850 965 906 προεκήρυττεν.
1032 850 1183 892 οὐδένα
1219 852 1296 903 μὲν
1323 845 1398 892 οὖν
1429 848 1677 904 συνηγηόχει
1698 865 1744 891 10

129 921 233 969 V-44
245 916 290 961 τὸ
319 920 506 960 τοιοῦτον
554 916 867 972 διακηρύκευμα
885 950 897 970 ,
944 915 1048 957 ἀλλὰ
1078 913 1229 964 πάντες
1257 915 1448 957 ἀνένευον
1477 914 1578 970 πρὸς
1603 913 1680 968 τήν

241 981 421 1037 ἄνοδον,
455 982 501 1025 τὸ
529 983 604 1025 τοῦ
632 980 825 1023 κινδύνου
854 984 1031 1035 μέγεθος
1059 979 1374 1034 εὐλαβούμενοι,
1405 982 1484 1028 ἕως
1509 983 1680 1034 Πετρα-

239 1049 392 1106 λεῖφαί
412 1065 517 1098 τινες
544 1045 806 1103 αὕταδελφοι
833 1049 1057 1101 τέσσαρες,
1085 1047 1130 1087 ἐκ
1162 1048 1238 1087 τοῦ
1264 1047 1348 1087 τῶν
1383 1043 1588 1100 Φράγγων
1614 1043 1682 1097 γέ-

239 1132 336 1165 νους
363 1114 602 1171 ὁρμώμενοι
630 1114 702 1154 καί
727 1111 830 1154 κατὰ
861 1110 907 1153 τὸ
936 1111 1248 1164 Διδυμότοιχον
1278 1111 1351 1166 τὴν
1381 1109 1538 1165 οἴκησιν
1563 1108 1683 1163 ἔχον-

239 1197 334 1235 τες,
379 1182 588 1235 ἐπέβησαν
629 1180 785 1233 πρῶτοι
813 1181 885 1232 τῆς
921 1180 1138 1230 κλιμακος,
1167 1179 1224 1233 τῷ
1250 1179 1422 1229 βασιλεῖ’
1446 1171 1683 1229 πειθαρχή-
1701 1178 1747 1221 ι5

241 1262 401 1295 σαντες.
470 1245 628 1288 τούτων
668 1243 745 1298 γάρ
792 1239 1187 1298 α’ποτεθαρρηκότων
1212 1241 1382 1296 πρώτως
1409 1240 1484 1295 τήν
1514 1236 1684 1292 ἄνοδον,

239 1312 423 1366 μάλιστα
464 1312 510 1353 δὲ
547 1308 628 1366 πρὸ
672 1307 814 1351 αὐτῶν
857 1311 932 1350 τοῦ
983 1308 1212 1363 Πουπάκη,
1262 1305 1308 1356 ὃς
1336 1307 1586 1363 δορυφορῶν
1611 1303 1686 1347 τὸν

238 1380 372 1432 μέγαν
421 1377 662 1430 δομέστικον
692 1371 784 1424 ὅλος
812 1369 864 1429 ἦν
892 1371 1102 1424 ἐνθεάζων
1130 1373 1236 1429 πρὸς
1263 1371 1311 1414 τὸ
1343 1371 1462 1428 ἔργον
1491 1371 1587 1413 τότε
1614 1373 1688 1414 καί

203 1441 570 1500 Βπροαλλόμενος,
599 1442 673 1482 καί
697 1441 835 1495 ἕτεροι
854 1441 929 1481 ov’x
959 1436 1088 1493 ὀλίγοι
1120 1437 1226 1481 κατὰ
1255 1440 1375 1493 ζῆλον
1405 1435 1688 1493 ἐπηκολούθη-

244 1525 336 1555 σαν.
409 1508 571 1556 πιὲντας
608 1508 686 1559 μὲν
716 1502 793 1547 οὖν
821 1505 1027 1559 α’γάμενος
1061 1501 1113 1559 ἦν
1140 1506 1215 1559 τῆς
1245 1505 1487 1557 προθυμίας
1513 1505 1587 1544 καί
1613 1502 1688 1544 τοῦ
1700 1517 1752 1543 20

243 1575 392 1627 ταχέος
430 1569 671 1627 ὅρμήματος
708 1570 731 1612 ὅ
769 1573 952 1626 κρατῶν,
996 1566 1207 1625 ἀφορίσας
1256 1572 1302 1611 δὲ
1342 1567 1416 1616 οὓς
1457 1563 1549 1625 ᾔδει
1589 1568 1686 1622 παρ’

245 1635 405 1681 ἆσπίδα
444 1636 640 1686 πολλάκις
682 1633 959 1691 ἐνιδρωκότας
986 1638 1061 1678 καί
1086 1631 1281 1691 ἄντικρυς
1303 1630 1438 1689 ’Ἄρεα
1468 1635 1688 1685 πνέοντας,

247 1707 321 1747 καί
346 1706 390 1754 ἐς
419 1705 710 1759 τετρακοσίους
736 1700 1007 1758 ἤριθμηκαὶς,
1052 1702 1293 1756 ἀναβαίνειν
1322 1702 1525 1756 διαφῆκε,
1553 1696 1688 1741 πολλοὶ

347 1818 529 1863 ι9.’ζῆλον
552 1819 689 1852 τοῦτον
712 1818 752 1850 A.
886 1827 942 1851 20.
968 1813 1038 1851 οὖν
1075 1812 1119 1857 ἦν
1144 1816 1164 1850 ὁ
1189 1813 1364 1861 βασιλεὺς
1404 1815 1594 1862 ἀγάμενος
1627 1817 1690 1858 τῆς

341 1876 406 1910 πρ,
432 1867 495 1897 καὶ
521 1866 589 1943 ’τΔοῦ
613 1867 791 1910 γενναίου
817 1863 1111 1910 παραστήματος
1134 1865 1199 1906 τῆς
1221 1864 1347 1908 ψυχῆς
1369 1863 1409 1896 Α.
1505 1865 1561 1897 23.
1585 1873 1690 1909 τρια-

346 1914 502 1948 κοσίους
559 1934 568 1943 .

251 2006 354 2035 erant
375 2001 529 2045 impares
546 2026 555 2041 ,
589 2000 828 2033 commissuris
859 2000 1011 2033 aliorum
1035 2000 1212 2043 lignorum
1236 2003 1438 2044 aequantur
1461 1998 1622 2031 caeteris.
1649 2008 1691 2030 ea

250 2049 345 2081 scala
370 2059 449 2079 cum
472 2046 617 2079 tandem
631 2047 858 2079 attolleretur
876 2052 913 2079 et
934 2046 981 2079 ad
998 2057 1113 2078 arcem
1132 2047 1390 2091 applicaretur,
1415 2045 1596 2088 fastigium
1613 2044 1690 2077 eius

251 2105 414 2139 asperam
443 2099 583 2126 cautem
608 2092 831 2136 attingebat,
861 2093 900 2125 in
927 2104 998 2137 qua
1022 2093 1166 2124 moenia
1190 2092 1288 2125 urbis
1315 2091 1528 2136 incipientia
1552 2090 1692 2124 aditum

253 2152 273 2174 e
297 2141 393 2174 scala
421 2139 645 2172 descensuris
669 2138 909 2184 praebebant,
944 2139 1009 2171 ubi
1034 2139 1182 2182 vestigia
1211 2139 1319 2183 figere
1344 2144 1380 2170 et
1401 2137 1523 2170 hostes
1547 2137 1692 2181 aggredi

251 2192 411 2233 possent.
435 2186 530 2219 basis
554 2196 638 2219 vero
679 2185 796 2217 scalae
819 2185 933 2229 probe
960 2191 1160 2229 compacta,
1186 2185 1309 2229 itaque
1335 2184 1451 2217 defixa
1476 2189 1518 2217 ut
1542 2184 1691 2216 minime

255 2234 465 2278 agitaretur,
487 2233 637 2276 navigiis
661 2231 903 2265 incumbebat.
944 2231 1152 2276 deliguntur
1175 2231 1360 2265 fortissimi
1387 2231 1522 2275 quique
1554 2235 1592 2264 et
1612 2230 1692 2263 bel-

254 2281 300 2313 lis
327 2279 573 2321 celeberrimi3
610 2284 645 2312 et
669 2280 747 2323 ipse
779 2278 973 2322 imperator
995 2279 1194 2323 proclamat
1217 2279 1306 2323 „qui
1328 2278 1580 2322 imperatorem
1607 2275 1693 2310 dili-

257 2328 308 2372 git
334 2332 371 2360 et
407 2326 568 2370 pericula
592 2337 665 2358 non
693 2324 926 2365 reformidat,
967 2324 1169 2358 ascendat.'’
1192 2336 1259 2357 nec
1282 2330 1403 2358 tamen
1429 2334 1471 2356 eo
1497 2323 1691 2369 praeconio

257 2373 448 2419 quisquam
474 2372 710 2412 evocabatur,
742 2371 806 2404 sed
827 2371 980 2416 periculi
1008 2371 1254 2416 magnitudine
1277 2372 1395 2404 territi
1418 2381 1604 2404 ascensum
1628 2369 1694 2403 de-

255 2419 460 2453 trectabant
502 2429 646 2459 omnes,
687 2417 802 2451 donec
836 2423 992 2462 quatuor
1026 2418 1151 2451 fratres
1177 2418 1426 2462 Petraliphae,
1454 2429 1498 2450 ex
1521 2417 1692 2450 Francica

257 2472 363 2510 gente
387 2465 554 2506 oriundi,
596 2465 660 2510 qui
683 2464 960 2508 Didymotoechi
994 2464 1232 2506 habitabant,
1258 2465 1354 2497 dicto
1378 2463 1603 2509 imperatoris
1627 2474 1693 2495 au-

258 2513 399 2546 dientes
440 2512 546 2557 primi
585 2511 716 2544 scalam
748 2511 1042 2544 conscenderunt.
1082 2522 1234 2556 quorum
1274 2509 1423 2544 audacia
1461 2509 1603 2543 incitati
1629 2509 1693 2542 alii

256 2570 332 2593 non
354 2559 481 2604 pauci,
506 2570 547 2591 ac
570 2564 655 2591 ante
681 2569 740 2591 eos
754 2558 930 2602 Pupam,
953 2558 1072 2602 magni
1095 2557 1283 2591 domestici
1307 2557 1471 2598 satelles,
1496 2556 1600 2601 quasi
1625 2567 1691 2588 nu-

257 2606 356 2639 mine
391 2606 528 2639 afflatus
558 2605 772 2651 prosiliens,
811 2604 994 2638 consecuti
1031 2609 1125 2637 sunt.
1152 2604 1284 2649 quibus
1309 2603 1476 2637 omnibus
1499 2604 1695 2647 imperator

261 2651 308 2685 ob
343 2652 567 2686 alacritatem
594 2651 827 2692 collaudatis,
862 2651 1078 2696 selectisque
1119 2650 1163 2683 ad
1189 2650 1303 2684 CCCC
1328 2662 1450 2683 eorum
1474 2659 1564 2694 quos
1589 2657 1695 2693 saepo

261 2699 300 2732 in
325 2700 402 2732 acie
437 2699 580 2733 stetisse
614 2703 652 2732 et
674 2698 768 2732 viros
796 2709 872 2731 esse
901 2698 1010 2731 fortes
1035 2703 1255 2742 compertum
1282 2696 1463 2736 habebat,
1488 2706 1548 2729 eos
1572 2705 1697 2728 ascen-

263 2745 347 2779 dere
386 2746 512 2787 iussit,
543 2745 684 2791 prolixe
707 2745 806 2790 prius
831 2743 1037 2778 cohortatus
1078 2744 1126 2778 ad
1150 2755 1223 2778 rem
1251 2744 1395 2778 fortiter
1421 2742 1631 2788 gerendam,
1660 2746 1697 2775 et
