1878 3230
309 167 416 223 770
457 167 627 208 NICET.
657 163 820 207 cfloN.
850 161 1076 203 ALExms
1115 161 1290 203 DUCAS
1322 164 1657 206 MURZUFLUS.

304 261 613 317 Ναβουζαρδοὶν
641 259 940 313 ἄρχιμάγειρος
965 258 1041 311 τὴν
1069 259 1144 299 τοῦ
1168 259 1272 298 θεοῦ
1299 259 1418 303 πόλιν
1443 266 1731 316 παραπέμπων

299 328 405 383 πυρὶ
430 327 501 369 καί
526 326 579 368 τοὶ
611 318 868 379 λειτουργικὰ
897 320 1023 378 σκεύη
1054 322 1347 377 προνομεύων,
1388 324 1443 373 ὥς
1491 328 1538 368 δὲ
1566 328 1731 370 Βαλτά-

299 410 376 446 σαρ
405 394 580 447 τρυφῶν
611 393 655 433 ἐν
685 392 828 438 αὐτοῖς
856 386 1140 442 θυσιαστήριά
1180 403 1224 429 τε
1255 391 1554 443 καθυβρίζων,
1593 392 1644 434 τὰ
1683 394 1731 434 δὲ

297 461 394 499 θεῖα
421 455 634 511 μυστήρια
672 453 996 509 ἐξορχούμενος,
1031 452 1077 495 τὸ
1109 456 1154 496 δὲ
1186 451 1348 508 πάσχον
1376 451 1527 497 ἑαυτοῦ
1567 454 1731 510 γινόμε-

171 533 285 579 P.374
297 539 363 565 νον
390 525 435 564 ἐν
462 523 762 577 πρωτολογίαις
790 519 1016 575 κατήγορον
1044 519 1280 574 παρήγορον
1307 518 1379 562 τὸν
1402 523 1614 562 παίσαντα
1633 520 1767 565 θεόνό

294 586 554 641 θερμότερον
583 588 854 641 ἐπικέκληται,
911 587 1061 626 ου’κοῦν
1090 587 1413 640 φιλανθρωπίαν
1439 587 1733 639 ἐκδεχομένους

290 655 394 695 θεοῦ
422 655 516 694 δέον
547 648 665 710 ᾅδειν
695 650 799 705 μετὰ
828 649 971 703 Λαβίὃ
1002 650 1238 706 ,μνήσθητι
1276 650 1395 703 ἡμῶν
1435 651 1551 705 κύριε
1594 653 1638 693 ἐν
1681 654 1734 709 τῇ

290 720 459 774 εὐδοκία
486 720 558 760 τοῦ
587 720 693 759 λαοῦ
724 729 814 759 σου·
872 719 1095 769 ἐπίσκεψαι
1126 715 1239 770 ἡμᾶς
1272 717 1317 757 ἐν
1346 718 1403 773 τῷ
1432 720 1621 774 σωτηρίῳ
1653 732 1732 760 σου

287 787 364 825 τοῦ
393 786 497 826 ἰδεῖν
530 785 574 827 ὲν
599 786 650 840 τῇ
675 782 930 838 χρηστότητι
958 783 1042 823 τῶν
1069 782 1270 823 ἐκλεκτῶν
1303 796 1410 834 σου,
1439 783 1514 823 τοῦ
1543 783 1731 838 εὐφραν-

287 852 418 902 θῆναι
439 851 482 891 ἐν
498 850 549 905 τῇ
577 846 816 904 εὐφροσύνῃ
836 850 912 889 τοῦ
939 845 1089 895 ἔθνους
1108 861 1200 899 σου,
1227 848 1301 887 τοῦ
1330 847 1594 888 ἐπαινεῖσθαι
1617 863 1723 901 μετα
1748 868 1796 895 10

289 915 361 967 τῆς
393 916 668 968 κληρονομίας
696 927 773 954 σου
789 913 825 962 ,”
858 905 908 951 εὖ
948 909 1107 959 εἰδότας
1136 910 1192 959 ὦς
1226 911 1386 963 α’σεβῶν
1412 914 1490 963 μὲν
1518 912 1543 966 ἦ
1573 914 1633 961 εἰς
1666 914 1732 955 τέ-

285 981 356 1026 λος
387 978 618 1031 παράδοσις
645 975 718 1017 καὶ
739 974 996 1030 μαστίγωσις
1014 1008 1026 1026 ,
1053 977 1134 1017 τῶν
1163 977 1203 1017 ‹5’
1230 973 1462 1030 ἧλπικότων
1490 978 1562 1020 ἐπὶ
1587 977 1732 1032 κύριον

287 1045 342 1100 τῇ
369 1044 538 1100 παιδείᾳ
566 1040 804 1097 σύνδρομος
830 1039 855 1096 ἦ
879 1038 1137 1096 παράκλησίς
1167 1056 1210 1084 τε
1239 1042 1312 1084 καί
1336 1043 1623 1097 ἐπανάκλησις.

380 1149 414 1193 4.
442 1147 728 1195 ἐξορχούμενος]
754 1147 993 1193 ἐκφαυλίζων
1016 1147 1053 1180 Β.

286 1249 481 1284 sceleribus
507 1250 657 1291 statuit,
697 1248 762 1282 sed
786 1259 851 1293 per
877 1249 1101 1293 impietatem
1129 1254 1252 1282 contra
1277 1259 1357 1282 eum
1387 1248 1502 1294 ipsum
1532 1249 1685 1293 insurgit
1709 1260 1731 1284 a

285 1308 358 1342 quo
383 1296 590 1340 flagellandi
618 1301 837 1340 potestatem
861 1296 1000 1340 accepit
1023 1298 1079 1339 (ut
1101 1295 1338 1328 Nabuzardan
1364 1297 1566 1340 praefectus
1594 1296 1731 1329 exerci'-

284 1349 360 1383 tus,
387 1344 450 1387 qni
480 1342 567 1375 urbe
593 1341 653 1375 (lei
680 1343 829 1374 incensa
852 1353 935 1375 vasa
959 1342 1153 1375 ministerii
1182 1342 1271 1375 sacri
1296 1343 1435 1386 rapuit;
1461 1348 1501 1375 ut
1525 1341 1729 1384 Balthasar,

285 1389 349 1434 qui
374 1389 416 1422 iis
441 1389 487 1422 ad
512 1389 634 1422 luxum
654 1388 785 1421 abusus
815 1393 880 1429 est,
907 1389 971 1433 qui
997 1389 1066 1422 aris
1095 1388 1214 1421 illusit
1239 1393 1276 1421 et
1299 1388 1423 1421 divina
1449 1389 1618 1432 mysteria
1642 1400 1729 1422 cou-

285 1436 466 1482 tempsit),
492 1435 521 1468 is
547 1445 632 1468 vero
657 1435 720 1479 qui
749 1435 909 1479 patitur,
944 1446 981 1468 se
1005 1436 1122 1480 ipsum
1148 1435 1186 1467 in
1213 1435 1337 1479 primis
1369 1441 1512 1468 accusat
1535 1440 1572 1468 et
1600 1434 1728 1468 verbe-

286 1493 364 1514 rum
388 1482 543 1514 auctoris
569 1481 628 1514 dei
663 1492 768 1526 opem
797 1486 834 1513 et
865 1481 1350 1516 consolationem'ardenter
1387 1482 1565 1526 implorat.
1605 1481 1728 1526 itaque

286 1528 346 1561 dei
370 1528 572 1572 benignitas
597 1527 703 1560 nobis
730 1527 953 1571 expectanda
980 1534 1033 1560 est
1048 1553 1057 1567 ‚
1083 1533 1120 1561 et
1143 1539 1222 1560 cum
1243 1527 1381 1560 Davide
1406 1527 1628 1560 canendum:
1653 1538 1729 1560 me-

284 1580 408 1608 mento
433 1575 567 1615 nostri,
595 1573 758 1614 domine,
797 1575 834 1606 in
866 1575 1128 1619 approbatione
1159 1574 1286 1619 populi
1317 1574 1382 1607 tui.
1416 1575 1562 1608 invisito
1597 1585 1663 1607 nos
1686 1579 1729 1608 ut

286 1626 469 1661 servator,
505 1626 546 1654 ut
570 1621 847 1664 prosperitatem
873 1621 1068 1664 electorum
1100 1626 1244 1653 tuorum
1276 1620 1484 1663 videamus,
1522 1626 1563 1654 ut
1587 1620 1728 1654 laetitia

286 1668 402 1712 gentis
423 1673 505 1700 tuae
531 1667 725 1708 laetemur,
759 1672 800 1699 ut
824 1677 903 1699 cum
929 1667 1132 1700 hereditate
1159 1672 1220 1700 tua
1244 1667 1443 1700 laudemur.
1481 1677 1600 1712 neque
1631 1667 1727 1700 enim

287 1714 479 1747 obscurum
502 1719 557 1747 est
591 1714 719 1757 impios
756 1712 841 1746 dedi
873 1713 1008 1758 flagris,
1050 1725 1130 1746 cum
1160 1725 1283 1747 eorum
1317 1719 1438 1748 autem
1470 1714 1725 1757 castigatione,

288 1770 439 1805 quorum
465 1771 544 1805 spes
571 1760 609 1792 in
633 1759 779 1792 domino
806 1759 877 1794 sita
909 1766 985 1803 est,
1017 1760 1302 1795 consolationem
1329 1765 1366 1795 et
1401 1761 1665 1796 restitutionem
1688 1760 1726 1794 in

287 1808 464 1853 integrum
487 1817 565 1841 esse
590 1807 829 1841 coniunctam.
