<?xml version="1.0" encoding="UTF-8"?>
<!DOCTYPE html PUBLIC "-//W3C//DTD XHTML 1.0 Transitional//EN"
    "http://www.w3.org/TR/xhtml1/DTD/xhtml1-transitional.dtd">
<html xmlns="http://www.w3.org/1999/xhtml" xml:lang="en" lang="en">
 <head>
  <title>
</title>
<meta http-equiv="Content-Type" content="text/html;charset=utf-8" />
  <meta name='ocr-system' content='tesseract 3.04.00' />
  <meta name='ocr-capabilities' content='ocr_page ocr_carea ocr_par ocr_line ocrx_word'/>
</head>
<body>
  <div class='ocr_page' id='page_1' title='image "./corpusscriptorum41niebuoft/corpusscriptorum41niebuoft_0865.png"; bbox 0 0 1878 3230; ppageno 0'>
   <div class='ocr_carea' id='block_1_1' title="bbox 711 185 1602 246">
    <p class='ocr_par' dir='ltr' id='par_1_1' title="bbox 711 185 1602 246">
     <span class='ocr_line' id='line_1_1' title="bbox 711 185 1602 246; baseline -0.002 -2"><span class='ocrx_word' id='word_1_1' title='bbox 711 203 850 246; x_wconf 81' lang='lat' dir='ltr'><strong>URBS</strong></span> <span class='ocrx_word' id='word_1_2' title='bbox 891 205 1081 246; x_wconf 73' lang='lat' dir='ltr'><strong>CAPTA.</strong></span> <span class='ocrx_word' id='word_1_3' title='bbox 1492 185 1602 243; x_wconf 81' lang='lat'><em>835</em></span> 
     </span>
    </p>
   </div>
   <div class='ocr_carea' id='block_1_2' title="bbox 105 301 1741 1858">
    <p class='ocr_par' dir='ltr' id='par_1_2' title="bbox 173 301 1608 553">
     <span class='ocr_line' id='line_1_2' title="bbox 175 301 1606 358; baseline 0.001 -12"><span class='ocrx_word' id='word_1_4' title='bbox 175 310 265 352; x_wconf 73' lang='grc' dir='ltr'><em>ταῖς</em></span> <span class='ocrx_word' id='word_1_5' title='bbox 306 302 457 351; x_wconf 79' lang='grc' dir='ltr'><em>πύλαις</em></span> <span class='ocrx_word' id='word_1_6' title='bbox 503 302 654 345; x_wconf 74' lang='grc' dir='ltr'><em>αὕτίκα</em></span> <span class='ocrx_word' id='word_1_7' title='bbox 693 301 808 356; x_wconf 86' lang='grc' dir='ltr'><em>μάλα</em></span> <span class='ocrx_word' id='word_1_8' title='bbox 845 306 1132 358; x_wconf 77' lang='grc' dir='ltr'><em>ἐπαναλῦσαν,</em></span> <span class='ocrx_word' id='word_1_9' title='bbox 1175 307 1236 355; x_wconf 83' lang='grc' dir='ltr'><em>εἰς</em></span> <span class='ocrx_word' id='word_1_10' title='bbox 1269 305 1318 348; x_wconf 76' lang='grc' dir='ltr'><em>τά</em></span> <span class='ocrx_word' id='word_1_11' title='bbox 1349 304 1454 348; x_wconf 83' lang='grc' dir='ltr'><em>οἴκοι</em></span> <span class='ocrx_word' id='word_1_12' title='bbox 1479 305 1606 348; x_wconf 79' lang='grc' dir='ltr'><em>πάλιν</em></span> 
     </span>
     <span class='ocr_line' id='line_1_3' title="bbox 174 368 1608 425; baseline 0.001 -14"><span class='ocrx_word' id='word_1_13' title='bbox 174 372 407 425; x_wconf 82' lang='grc' dir='ltr'><em>πανστρατί</em></span> <span class='ocrx_word' id='word_1_14' title='bbox 433 370 695 421; x_wconf 77' lang='grc' dir='ltr'><em>ἐπανέζευξε,</em></span> <span class='ocrx_word' id='word_1_15' title='bbox 725 368 828 410; x_wconf 86' lang='grc' dir='ltr'><em>κατά</em></span> <span class='ocrx_word' id='word_1_16' title='bbox 854 371 933 421; x_wconf 82' lang='grc' dir='ltr'><em>μὲν</em></span> <span class='ocrx_word' id='word_1_17' title='bbox 960 370 1108 423; x_wconf 78' lang='grc' dir='ltr'><em>α’γέλας</em></span> <span class='ocrx_word' id='word_1_18' title='bbox 1137 373 1294 425; x_wconf 77' lang='grc' dir='ltr'><em>κτηνῶν</em></span> <span class='ocrx_word' id='word_1_19' title='bbox 1319 370 1363 413; x_wconf 77' lang='grc' dir='ltr'><em>τό</em></span> <span class='ocrx_word' id='word_1_20' title='bbox 1389 371 1608 424; x_wconf 73' lang='grc' dir='ltr'><em>αἰχμάλω-</em></span> 
     </span>
     <span class='ocr_line' id='line_1_4' title="bbox 174 429 1605 492; baseline 0.001 -15"><span class='ocrx_word' id='word_1_21' title='bbox 174 451 270 488; x_wconf 83' lang='grc' dir='ltr'><em>τον,</em></span> <span class='ocrx_word' id='word_1_22' title='bbox 313 433 418 476; x_wconf 82' lang='grc' dir='ltr'><em>κατά</em></span> <span class='ocrx_word' id='word_1_23' title='bbox 466 435 512 475; x_wconf 79' lang='grc' dir='ltr'><em>δὲ</em></span> <span class='ocrx_word' id='word_1_24' title='bbox 539 437 623 474; x_wconf 80' lang='grc' dir='ltr'><em>τῶν</em></span> <span class='ocrx_word' id='word_1_25' title='bbox 660 429 820 487; x_wconf 67' lang='grc' dir='ltr'><em>ἄστρων</em></span> <span class='ocrx_word' id='word_1_26' title='bbox 845 433 922 489; x_wconf 70' lang='grc' dir='ltr'><em>τήν</em></span> <span class='ocrx_word' id='word_1_27' title='bbox 949 435 1258 491; x_wconf 65' lang='grc' dir='ltr'><em>πολυπλήθειαν</em></span> <span class='ocrx_word' id='word_1_28' title='bbox 1285 437 1336 480; x_wconf 85' lang='grc' dir='ltr'><em>τά</em></span> <span class='ocrx_word' id='word_1_29' title='bbox 1368 437 1450 480; x_wconf 70' lang='grc' dir='ltr'><em>ὑπὸ</em></span> <span class='ocrx_word' id='word_1_30' title='bbox 1479 436 1605 492; x_wconf 76' lang='grc' dir='ltr'><em>ζυγὸν</em></span> 
     </span>
     <span class='ocr_line' id='line_1_5' title="bbox 173 497 792 553; baseline -0.002 -12"><span class='ocrx_word' id='word_1_31' title='bbox 173 503 247 541; x_wconf 86' lang='grc' dir='ltr'>καί</span> <span class='ocrx_word' id='word_1_32' title='bbox 271 502 437 541; x_wconf 86' lang='grc' dir='ltr'><em>δίαιταν</em></span> <span class='ocrx_word' id='word_1_33' title='bbox 468 500 553 549; x_wconf 74' lang='grc' dir='ltr'><em>ζῶα</em></span> <span class='ocrx_word' id='word_1_34' title='bbox 583 497 792 553; x_wconf 81' lang='grc' dir='ltr'><em>ε’ληλακός.</em></span> 
     </span>
    </p>

    <p class='ocr_par' dir='ltr' id='par_1_3' title="bbox 137 561 1731 882">
     <span class='ocr_line' id='line_1_6' title="bbox 137 561 1607 620; baseline 0.003 -14"><span class='ocrx_word' id='word_1_35' title='bbox 137 572 161 611; x_wconf 88' lang='grc'><em>5</em></span> <span class='ocrx_word' id='word_1_36' title='bbox 248 561 417 607; x_wconf 81' lang='grc' dir='ltr'><em>Ἔπειτα</em></span> <span class='ocrx_word' id='word_1_37' title='bbox 434 563 537 617; x_wconf 80' lang='grc' dir='ltr'><em>μετά</em></span> <span class='ocrx_word' id='word_1_38' title='bbox 558 563 758 605; x_wconf 80' lang='grc' dir='ltr'><em>πλείστων</em></span> <span class='ocrx_word' id='word_1_39' title='bbox 774 563 848 605; x_wconf 79' lang='grc' dir='ltr'>καί</span> <span class='ocrx_word' id='word_1_40' title='bbox 863 568 1089 620; x_wconf 74' lang='grc' dir='ltr'><em>κρατίστων</em></span> <span class='ocrx_word' id='word_1_41' title='bbox 1110 565 1324 619; x_wconf 79' lang='grc' dir='ltr'><em>δυνάμεων</em></span> <span class='ocrx_word' id='word_1_42' title='bbox 1342 564 1462 618; x_wconf 72' lang='grc' dir='ltr'><em>ἐξιών</em></span> <span class='ocrx_word' id='word_1_43' title='bbox 1476 567 1498 611; x_wconf 81' lang='grc' dir='ltr'>ὅ</span> <span class='ocrx_word' id='word_1_44' title='bbox 1523 569 1607 611; x_wconf 79' lang='grc' dir='ltr'><em>Ἰω-</em></span> 
     </span>
     <span class='ocr_line' id='line_1_7' title="bbox 173 627 1608 689; baseline 0.007 -23"><span class='ocrx_word' id='word_1_45' title='bbox 173 631 295 684; x_wconf 61' lang='grc' dir='ltr'><em>άννης</em></span> <span class='ocrx_word' id='word_1_46' title='bbox 325 627 476 679; x_wconf 78' lang='grc' dir='ltr'><em>παντὸς</em></span> <span class='ocrx_word' id='word_1_47' title='bbox 510 628 632 682; x_wconf 83' lang='grc' dir='ltr'><em>ἔργου</em></span> <span class='ocrx_word' id='word_1_48' title='bbox 672 634 854 683; x_wconf 81' lang='grc' dir='ltr'><em>κρεῖττον</em></span> <span class='ocrx_word' id='word_1_49' title='bbox 885 632 957 672; x_wconf 81' lang='grc' dir='ltr'><em>καί</em></span> <span class='ocrx_word' id='word_1_50' title='bbox 995 632 1339 688; x_wconf 82' lang='grc' dir='ltr'><em>προυργιαίτερον</em></span> <span class='ocrx_word' id='word_1_51' title='bbox 1362 635 1507 687; x_wconf 82' lang='grc' dir='ltr'><em>τίθησι</em></span> <span class='ocrx_word' id='word_1_52' title='bbox 1535 633 1608 689; x_wconf 75' lang='grc' dir='ltr'><em>τὴν</em></span> 
     </span>
     <span class='ocr_line' id='line_1_8' title="bbox 167 692 1608 753; baseline 0.001 -15"><span class='ocrx_word' id='word_1_53' title='bbox 167 696 394 750; x_wconf 79' lang='grc' dir='ltr'><em>Ἀδριανοῦ</em></span> <span class='ocrx_word' id='word_1_54' title='bbox 407 692 700 749; x_wconf 75' lang='grc' dir='ltr'><em>χειρώσασθαι</em></span> <span class='ocrx_word' id='word_1_55' title='bbox 720 693 792 735; x_wconf 86' lang='grc' dir='ltr'><em>καί</em></span> <span class='ocrx_word' id='word_1_56' title='bbox 807 700 1093 750; x_wconf 80' lang='grc' dir='ltr'><em>καταστρέψαι</em></span> <span class='ocrx_word' id='word_1_57' title='bbox 1117 696 1164 738; x_wconf 80' lang='grc' dir='ltr'><em>τὰ</em></span> <span class='ocrx_word' id='word_1_58' title='bbox 1181 698 1410 750; x_wconf 88' lang='grc' dir='ltr'><em>Διδυμότοι</em></span> <span class='ocrx_word' id='word_1_59' title='bbox 1409 713 1499 752; x_wconf 83' lang='grc' dir='ltr'><em>χον,</em></span> <span class='ocrx_word' id='word_1_60' title='bbox 1518 702 1608 753; x_wconf 77' lang='grc' dir='ltr'><em>κρί·</em></span> 
     </span>
     <span class='ocr_line' id='line_1_9' title="bbox 172 752 1731 817; baseline 0.001 -15"><span class='ocrx_word' id='word_1_61' title='bbox 172 778 253 803; x_wconf 86' lang='grc' dir='ltr'><em>νων</em></span> <span class='ocrx_word' id='word_1_62' title='bbox 269 758 392 802; x_wconf 86' lang='grc' dir='ltr'><em>τάσδε</em></span> <span class='ocrx_word' id='word_1_63' title='bbox 409 757 484 806; x_wconf 83' lang='grc' dir='ltr'><em>τάς</em></span> <span class='ocrx_word' id='word_1_64' title='bbox 502 758 642 807; x_wconf 87' lang='grc' dir='ltr'><em>πόλεις</em></span> <span class='ocrx_word' id='word_1_65' title='bbox 656 752 788 800; x_wconf 83' lang='grc' dir='ltr'><em>ἆθλον</em></span> <span class='ocrx_word' id='word_1_66' title='bbox 805 763 880 801; x_wconf 80' lang='grc' dir='ltr'><em>τοῦ</em></span> <span class='ocrx_word' id='word_1_67' title='bbox 896 762 1076 812; x_wconf 84' lang='grc' dir='ltr'><em>πολέμου</em></span> <span class='ocrx_word' id='word_1_68' title='bbox 1095 759 1260 814; x_wconf 81' lang='grc' dir='ltr'><em>παντός,</em></span> <span class='ocrx_word' id='word_1_69' title='bbox 1277 764 1349 804; x_wconf 82' lang='grc' dir='ltr'><em>καί</em></span> <span class='ocrx_word' id='word_1_70' title='bbox 1363 763 1420 811; x_wconf 76' lang='grc' dir='ltr'><em>ὥς</em></span> <span class='ocrx_word' id='word_1_71' title='bbox 1437 762 1499 817; x_wconf 76' lang='grc' dir='ltr'><em>εἴη</em></span> <span class='ocrx_word' id='word_1_72' title='bbox 1518 760 1606 814; x_wconf 75' lang='grc' dir='ltr'><em>ἅμα</em></span> <span class='ocrx_word' id='word_1_73' title='bbox 1619 769 1731 815; x_wconf 74' lang='grc' dir='ltr'><strong>Ρ.407</strong></span> 
     </span>
     <span class='ocr_line' id='line_1_10' title="bbox 171 820 1608 882; baseline 0.001 -17"><span class='ocrx_word' id='word_1_74' title='bbox 171 823 302 873; x_wconf 74' lang='grc' dir='ltr'><em>οὕτως</em></span> <span class='ocrx_word' id='word_1_75' title='bbox 331 820 442 882; x_wconf 70' lang='grc' dir='ltr'><em>αὐτῷ’</em></span> <span class='ocrx_word' id='word_1_76' title='bbox 467 825 538 878; x_wconf 77' lang='grc' dir='ltr'><em>τῆς</em></span> <span class='ocrx_word' id='word_1_77' title='bbox 557 821 723 879; x_wconf 74' lang='grc' dir='ltr'><em>Θρᾴκης</em></span> <span class='ocrx_word' id='word_1_78' title='bbox 751 824 1062 880; x_wconf 76' lang='grc' dir='ltr'><em>α’παναστήσειν</em></span> <span class='ocrx_word' id='word_1_79' title='bbox 1082 826 1317 879; x_wconf 76' lang='grc' dir='ltr'><em>Ῥωμαίους</em></span> <span class='ocrx_word' id='word_1_80' title='bbox 1343 829 1416 869; x_wconf 84' lang='grc' dir='ltr'><em>καί</em></span> <span class='ocrx_word' id='word_1_81' title='bbox 1441 828 1608 882; x_wconf 75' lang='grc' dir='ltr'><em>θηρίοις</em></span> 
     </span>
    </p>

    <p class='ocr_par' dir='ltr' id='par_1_4' title="bbox 110 886 1741 1203">
     <span class='ocr_line' id='line_1_11' title="bbox 110 886 1608 946; baseline -0.001 -11"><span class='ocrx_word' id='word_1_82' title='bbox 110 908 156 935; x_wconf 89' lang='lat'><em>10</em></span> <span class='ocrx_word' id='word_1_83' title='bbox 172 891 376 932; x_wconf 80' lang='grc' dir='ltr'><em>α’νεικέναι</em></span> <span class='ocrx_word' id='word_1_84' title='bbox 393 887 536 943; x_wconf 88' lang='grc' dir='ltr'><em>μόνοις</em></span> <span class='ocrx_word' id='word_1_85' title='bbox 557 886 690 942; x_wconf 74' lang='grc' dir='ltr'><em>αὐτήν</em></span> <span class='ocrx_word' id='word_1_86' title='bbox 707 892 766 937; x_wconf 88' lang='grc' dir='ltr'><em>εἰς</em></span> <span class='ocrx_word' id='word_1_87' title='bbox 787 891 1005 944; x_wconf 78' lang='grc' dir='ltr'><em>ἐνοίκησιν.</em></span> <span class='ocrx_word' id='word_1_88' title='bbox 1026 891 1124 946; x_wconf 74' lang='grc' dir='ltr'><em>περὶ</em></span> <span class='ocrx_word' id='word_1_89' title='bbox 1139 891 1276 934; x_wconf 85' lang='grc' dir='ltr'><em>τοίνυν</em></span> <span class='ocrx_word' id='word_1_90' title='bbox 1295 888 1341 933; x_wconf 81' lang='grc' dir='ltr'><em>τὸ</em></span> <span class='ocrx_word' id='word_1_91' title='bbox 1356 891 1608 945; x_wconf 84' lang='grc' dir='ltr'><em>Λιδυμότοι-</em></span> 
     </span>
     <span class='ocr_line' id='line_1_12' title="bbox 168 951 1606 1012; baseline 0.001 -16"><span class='ocrx_word' id='word_1_92' title='bbox 168 972 244 1009; x_wconf 84' lang='grc' dir='ltr'><em>χον</em></span> <span class='ocrx_word' id='word_1_93' title='bbox 284 951 869 1009; x_wconf 78' lang='grc' dir='ltr'><em>καταστρατοπεδευσάμενος,</em></span> <span class='ocrx_word' id='word_1_94' title='bbox 914 957 986 997; x_wconf 79' lang='grc' dir='ltr'>καί</span> <span class='ocrx_word' id='word_1_95' title='bbox 1016 955 1062 998; x_wconf 85' lang='grc' dir='ltr'><em>τὸ</em></span> <span class='ocrx_word' id='word_1_96' title='bbox 1099 955 1258 1011; x_wconf 83' lang='grc' dir='ltr'><em>χωρίον</em></span> <span class='ocrx_word' id='word_1_97' title='bbox 1297 957 1406 1012; x_wconf 78' lang='grc' dir='ltr'><em>ὄρῶν</em></span> <span class='ocrx_word' id='word_1_98' title='bbox 1432 957 1606 1011; x_wconf 79' lang='grc' dir='ltr'><em>ὑπερδέ-</em></span> 
     </span>
     <span class='ocr_line' id='line_1_13' title="bbox 169 1014 1741 1077; baseline 0.001 -17"><span class='ocrx_word' id='word_1_99' title='bbox 169 1023 254 1071; x_wconf 79' lang='grc' dir='ltr'><em>ξιον</em></span> <span class='ocrx_word' id='word_1_100' title='bbox 278 1021 462 1074; x_wconf 83' lang='grc' dir='ltr'><em>χαλεπόν</em></span> <span class='ocrx_word' id='word_1_101' title='bbox 502 1035 546 1060; x_wconf 89' lang='grc' dir='ltr'><em>τε</em></span> <span class='ocrx_word' id='word_1_102' title='bbox 572 1020 644 1059; x_wconf 86' lang='grc' dir='ltr'><em>καί</em></span> <span class='ocrx_word' id='word_1_103' title='bbox 679 1014 837 1072; x_wconf 70' lang='grc' dir='ltr'><em>ἄπορον</em></span> <span class='ocrx_word' id='word_1_104' title='bbox 874 1019 1122 1074; x_wconf 74' lang='grc' dir='ltr'><em>αἱρεθῆναι,</em></span> <span class='ocrx_word' id='word_1_105' title='bbox 1149 1023 1403 1077; x_wconf 81' lang='grc' dir='ltr'><em>μεταφέρειν</em></span> <span class='ocrx_word' id='word_1_106' title='bbox 1430 1019 1504 1063; x_wconf 80' lang='grc' dir='ltr'><em>τὸν</em></span> <span class='ocrx_word' id='word_1_107' title='bbox 1530 1036 1603 1061; x_wconf 76' lang='grc' dir='ltr'><em>πο·</em></span> <span class='ocrx_word' id='word_1_108' title='bbox 1616 1022 1659 1058; x_wconf 83' lang='lat' dir='ltr'><em>V·</em></span> <span class='ocrx_word' id='word_1_109' title='bbox 1674 1025 1741 1068; x_wconf 76' lang='grc'><em>335,</em></span> 
     </span>
     <span class='ocr_line' id='line_1_14' title="bbox 167 1081 1606 1144; baseline 0 -17"><span class='ocrx_word' id='word_1_110' title='bbox 167 1084 299 1137; x_wconf 81' lang='grc' dir='ltr'><em>ταμὸν</em></span> <span class='ocrx_word' id='word_1_111' title='bbox 317 1082 463 1140; x_wconf 75' lang='grc' dir='ltr'><em>Ἕβρον</em></span> <span class='ocrx_word' id='word_1_112' title='bbox 506 1081 755 1136; x_wconf 77' lang='grc' dir='ltr'><em>ἐπεβάλετο,</em></span> <span class='ocrx_word' id='word_1_113' title='bbox 791 1084 1096 1139; x_wconf 80' lang='grc' dir='ltr'><em>περικλώμενον</em></span> <span class='ocrx_word' id='word_1_114' title='bbox 1140 1090 1198 1143; x_wconf 72' lang='grc' dir='ltr'><em>τῷ</em></span> <span class='ocrx_word' id='word_1_115' title='bbox 1227 1086 1415 1144; x_wconf 78' lang='grc' dir='ltr'><em>φρουρίῳ</em></span> <span class='ocrx_word' id='word_1_116' title='bbox 1444 1085 1515 1127; x_wconf 85' lang='grc' dir='ltr'><em>καί</em></span> <span class='ocrx_word' id='word_1_117' title='bbox 1538 1085 1606 1128; x_wconf 74' lang='grc' dir='ltr'><em>διὰ</em></span> 
     </span>
     <span class='ocr_line' id='line_1_15' title="bbox 168 1148 1609 1203; baseline 0.001 -12"><span class='ocrx_word' id='word_1_118' title='bbox 168 1148 362 1192; x_wconf 82' lang='grc' dir='ltr'><em>καθόδων</em></span> <span class='ocrx_word' id='word_1_119' title='bbox 399 1155 485 1198; x_wconf 79' lang='grc' dir='ltr'><em>τοῖς</em></span> <span class='ocrx_word' id='word_1_120' title='bbox 524 1153 688 1196; x_wconf 81' lang='grc' dir='ltr'><em>πολλοῖς</em></span> <span class='ocrx_word' id='word_1_121' title='bbox 731 1149 952 1202; x_wconf 76' lang='grc' dir='ltr'><em>α’γνώστων</em></span> <span class='ocrx_word' id='word_1_122' title='bbox 978 1149 1076 1201; x_wconf 79' lang='grc' dir='ltr'><em>τούς</em></span> <span class='ocrx_word' id='word_1_123' title='bbox 1103 1151 1220 1192; x_wconf 80' lang='grc' dir='ltr'><em>ἔνδον</em></span> <span class='ocrx_word' id='word_1_124' title='bbox 1249 1153 1479 1203; x_wconf 82' lang='grc' dir='ltr'><em>ποτίζοντα.</em></span> <span class='ocrx_word' id='word_1_125' title='bbox 1535 1153 1609 1193; x_wconf 83' lang='grc' dir='ltr'>καί</span> 
     </span>
    </p>

    <p class='ocr_par' dir='ltr' id='par_1_5' title="bbox 110 1212 1640 1532">
     <span class='ocr_line' id='line_1_16' title="bbox 110 1212 1603 1271; baseline 0.001 -14"><span class='ocrx_word' id='word_1_126' title='bbox 110 1214 358 1270; x_wconf 75' lang='grc' dir='ltr'><em>ιὸμηχανὰς</em></span> <span class='ocrx_word' id='word_1_127' title='bbox 385 1212 635 1270; x_wconf 67' lang='grc' dir='ltr'><em>περιστήσας</em></span> <span class='ocrx_word' id='word_1_128' title='bbox 662 1212 708 1254; x_wconf 89' lang='grc' dir='ltr'>τὸ</span> <span class='ocrx_word' id='word_1_129' title='bbox 740 1220 878 1267; x_wconf 78' lang='grc' dir='ltr'><em>τεῖχος</em></span> <span class='ocrx_word' id='word_1_130' title='bbox 906 1213 1104 1269; x_wconf 86' lang='grc' dir='ltr'><em>ἔτυπτεν,</em></span> <span class='ocrx_word' id='word_1_131' title='bbox 1138 1217 1182 1257; x_wconf 80' lang='grc' dir='ltr'><em>ἐν</em></span> <span class='ocrx_word' id='word_1_132' title='bbox 1212 1213 1354 1271; x_wconf 79' lang='grc' dir='ltr'><em>οἷσπερ</em></span> <span class='ocrx_word' id='word_1_133' title='bbox 1384 1216 1520 1269; x_wconf 83' lang='grc' dir='ltr'><em>εἴκαζε</em></span> <span class='ocrx_word' id='word_1_134' title='bbox 1543 1215 1603 1271; x_wconf 52' lang='lat' dir='ltr'><strong>[wi</strong></span> 
     </span>
     <span class='ocr_line' id='line_1_17' title="bbox 168 1277 1606 1336; baseline 0.001 -14"><span class='ocrx_word' id='word_1_135' title='bbox 168 1279 340 1334; x_wconf 82' lang='grc' dir='ltr'><em>πάμπαν</em></span> <span class='ocrx_word' id='word_1_136' title='bbox 376 1277 482 1322; x_wconf 85' lang='grc' dir='ltr'><em>εἶναι</em></span> <span class='ocrx_word' id='word_1_137' title='bbox 523 1284 607 1328; x_wconf 79' lang='grc' dir='ltr'><em>τοῖς</em></span> <span class='ocrx_word' id='word_1_138' title='bbox 649 1278 982 1333; x_wconf 80' lang='grc' dir='ltr'><em>προσβάλλουσιν</em></span> <span class='ocrx_word' id='word_1_139' title='bbox 1027 1277 1350 1334; x_wconf 82' lang='grc' dir='ltr'><em>οἷκατάσειστον,</em></span> <span class='ocrx_word' id='word_1_140' title='bbox 1393 1278 1489 1323; x_wconf 74' lang='grc' dir='ltr'><em>οὔτε</em></span> <span class='ocrx_word' id='word_1_141' title='bbox 1520 1282 1606 1336; x_wconf 82' lang='grc' dir='ltr'><em>μὴν</em></span> 
     </span>
     <span class='ocr_line' id='line_1_18' title="bbox 169 1343 1603 1404; baseline 0.001 -18"><span class='ocrx_word' id='word_1_142' title='bbox 169 1345 459 1400; x_wconf 79' lang='grc' dir='ltr'><em>προεκλύοιντο</em></span> <span class='ocrx_word' id='word_1_143' title='bbox 488 1343 538 1386; x_wconf 81' lang='grc' dir='ltr'><em>τὰ</em></span> <span class='ocrx_word' id='word_1_144' title='bbox 571 1345 822 1399; x_wconf 81' lang='grc' dir='ltr'><em>διαφιέμενα</em></span> <span class='ocrx_word' id='word_1_145' title='bbox 855 1346 938 1386; x_wconf 78' lang='grc' dir='ltr'><em>τῶν</em></span> <span class='ocrx_word' id='word_1_146' title='bbox 957 1347 1087 1386; x_wconf 88' lang='grc' dir='ltr'><em>λίθων</em></span> <span class='ocrx_word' id='word_1_147' title='bbox 1116 1346 1224 1400; x_wconf 84' lang='grc' dir='ltr'><em>βάρη</em></span> <span class='ocrx_word' id='word_1_148' title='bbox 1253 1349 1311 1404; x_wconf 72' lang='grc' dir='ltr'><em>τῷ</em></span> <span class='ocrx_word' id='word_1_149' title='bbox 1339 1347 1603 1402; x_wconf 79' lang='grc' dir='ltr'><em>διαστήματι.</em></span> 
     </span>
     <span class='ocr_line' id='line_1_19' title="bbox 168 1407 1607 1466; baseline 0.001 -13"><span class='ocrx_word' id='word_1_150' title='bbox 168 1411 205 1453; x_wconf 77' lang='grc' dir='ltr'><em>οἱ</em></span> <span class='ocrx_word' id='word_1_151' title='bbox 235 1413 271 1453; x_wconf 80' lang='grc' dir='ltr'><em>δ’</em></span> <span class='ocrx_word' id='word_1_152' title='bbox 302 1409 420 1452; x_wconf 81' lang='grc' dir='ltr'><em>ἔνδον</em></span> <span class='ocrx_word' id='word_1_153' title='bbox 447 1407 520 1450; x_wconf 87' lang='grc' dir='ltr'><em>τὸν</em></span> <span class='ocrx_word' id='word_1_154' title='bbox 547 1408 733 1463; x_wconf 78' lang='grc' dir='ltr'><em>Ἰωάννην</em></span> <span class='ocrx_word' id='word_1_155' title='bbox 749 1411 1103 1462; x_wconf 80' lang='grc' dir='ltr'><em>ἐκμειλισσόμενοι</em></span> <span class='ocrx_word' id='word_1_156' title='bbox 1123 1411 1363 1466; x_wconf 77' lang='grc' dir='ltr'><em>παραλογάς</em></span> <span class='ocrx_word' id='word_1_157' title='bbox 1391 1428 1504 1461; x_wconf 86' lang='grc' dir='ltr'><em>τινας</em></span> <span class='ocrx_word' id='word_1_158' title='bbox 1533 1414 1607 1454; x_wconf 83' lang='grc' dir='ltr'><em>καί</em></span> 
     </span>
     <span class='ocr_line' id='line_1_20' title="bbox 171 1475 1640 1532; baseline -0.001 -15"><span class='ocrx_word' id='word_1_159' title='bbox 171 1476 322 1532; x_wconf 80' lang='grc' dir='ltr'><em>φάσεις</em></span> <span class='ocrx_word' id='word_1_160' title='bbox 364 1475 583 1528; x_wconf 67' lang='grc' dir='ltr'><em>εὖπρεπεΐς</em></span> <span class='ocrx_word' id='word_1_161' title='bbox 627 1477 699 1515; x_wconf 85' lang='grc' dir='ltr'>καί</span> <span class='ocrx_word' id='word_1_162' title='bbox 737 1475 1017 1527; x_wconf 74' lang='grc' dir='ltr'><em>παρακλήσεις</em></span> <span class='ocrx_word' id='word_1_163' title='bbox 1058 1475 1263 1528; x_wconf 77' lang='grc' dir='ltr'><em>αἱμύλους</em></span> <span class='ocrx_word' id='word_1_164' title='bbox 1299 1479 1506 1531; x_wconf 77' lang='grc' dir='ltr'><em>προσῆγον</em></span> <span class='ocrx_word' id='word_1_165' title='bbox 1533 1475 1640 1518; x_wconf 79' lang='grc' dir='ltr'><em>καὶΒ</em></span> 
     </span>
    </p>

    <p class='ocr_par' dir='ltr' id='par_1_6' title="bbox 105 1537 1622 1858">
     <span class='ocr_line' id='line_1_21' title="bbox 105 1537 1602 1596; baseline -0.001 -12"><span class='ocrx_word' id='word_1_166' title='bbox 105 1539 412 1595; x_wconf 76' lang='grc' dir='ltr'><em>2οπόρρωθεν,</em></span> <span class='ocrx_word' id='word_1_167' title='bbox 452 1541 524 1581; x_wconf 85' lang='grc' dir='ltr'><em>καί</em></span> <span class='ocrx_word' id='word_1_168' title='bbox 563 1539 620 1587; x_wconf 76' lang='grc' dir='ltr'><em>ὥς</em></span> <span class='ocrx_word' id='word_1_169' title='bbox 664 1541 840 1592; x_wconf 82' lang='grc' dir='ltr'><em>βασιλέα</em></span> <span class='ocrx_word' id='word_1_170' title='bbox 878 1542 996 1594; x_wconf 76' lang='grc' dir='ltr'><em>σφῶν</em></span> <span class='ocrx_word' id='word_1_171' title='bbox 1034 1537 1302 1596; x_wconf 69' lang='grc' dir='ltr'><em>άνευφήμουν</em></span> <span class='ocrx_word' id='word_1_172' title='bbox 1331 1542 1602 1596; x_wconf 77' lang='grc' dir='ltr'><em>ἐφιστάμενοι</em></span> 
     </span>
     <span class='ocr_line' id='line_1_22' title="bbox 169 1598 1605 1659; baseline 0 -12"><span class='ocrx_word' id='word_1_173' title='bbox 169 1612 260 1655; x_wconf 86' lang='grc' dir='ltr'><em>ταῖς</em></span> <span class='ocrx_word' id='word_1_174' title='bbox 301 1598 521 1658; x_wconf 41' lang='grc' dir='ltr'><em>ἐπάλξεσιέ</em></span> <span class='ocrx_word' id='word_1_175' title='bbox 562 1604 634 1646; x_wconf 83' lang='grc' dir='ltr'>καί</span> <span class='ocrx_word' id='word_1_176' title='bbox 668 1601 815 1659; x_wconf 85' lang='grc' dir='ltr'><em>φόροις</em></span> <span class='ocrx_word' id='word_1_177' title='bbox 856 1604 1102 1646; x_wconf 74' lang='grc' dir='ltr'><em>ὑποκεῖσθαι</em></span> <span class='ocrx_word' id='word_1_178' title='bbox 1140 1604 1490 1659; x_wconf 83' lang='grc' dir='ltr'><em>καθωμολόγουν,</em></span> <span class='ocrx_word' id='word_1_179' title='bbox 1531 1608 1605 1647; x_wconf 79' lang='grc' dir='ltr'><strong><em>καί</em></strong></span> 
     </span>
     <span class='ocr_line' id='line_1_23' title="bbox 167 1667 1602 1727; baseline -0.001 -14"><span class='ocrx_word' id='word_1_180' title='bbox 167 1669 303 1713; x_wconf 86' lang='grc' dir='ltr'><em>πάντα</em></span> <span class='ocrx_word' id='word_1_181' title='bbox 321 1674 426 1727; x_wconf 80' lang='grc' dir='ltr'><em>δρᾶν</em></span> <span class='ocrx_word' id='word_1_182' title='bbox 453 1672 712 1712; x_wconf 85' lang='grc' dir='ltr'><em>συνετίθεντο</em></span> <span class='ocrx_word' id='word_1_183' title='bbox 741 1667 970 1723; x_wconf 78' lang='grc' dir='ltr'><em>προθύμως</em></span> <span class='ocrx_word' id='word_1_184' title='bbox 988 1669 1121 1711; x_wconf 80' lang='grc' dir='ltr'><em>ὁπόσα</em></span> <span class='ocrx_word' id='word_1_185' title='bbox 1149 1667 1198 1712; x_wconf 73' lang='grc' dir='ltr'><em>ἂν</em></span> <span class='ocrx_word' id='word_1_186' title='bbox 1220 1673 1372 1718; x_wconf 81' lang='grc' dir='ltr'><em>ἐκεῖνος</em></span> <span class='ocrx_word' id='word_1_187' title='bbox 1400 1670 1476 1727; x_wconf 77' lang='grc' dir='ltr'><em>ἔχῃ</em></span> <span class='ocrx_word' id='word_1_188' title='bbox 1506 1673 1602 1712; x_wconf 81' lang='grc' dir='ltr'><em>δια..</em></span> 
     </span>
     <span class='ocr_line' id='line_1_24' title="bbox 167 1731 1622 1792; baseline 0 -14"><span class='ocrx_word' id='word_1_189' title='bbox 167 1733 410 1789; x_wconf 78' lang='grc' dir='ltr'><em>τάττεσθαι,</em></span> <span class='ocrx_word' id='word_1_190' title='bbox 448 1735 555 1791; x_wconf 68' lang='grc' dir='ltr'><em>πλὴν</em></span> <span class='ocrx_word' id='word_1_191' title='bbox 596 1738 670 1777; x_wconf 80' lang='grc' dir='ltr'><em>τοῦ</em></span> <span class='ocrx_word' id='word_1_192' title='bbox 709 1736 912 1783; x_wconf 74' lang='grc' dir='ltr'><em>δέξασθαι</em></span> <span class='ocrx_word' id='word_1_193' title='bbox 950 1734 1075 1776; x_wconf 77' lang='grc' dir='ltr'><em>αὐτὸν</em></span> <span class='ocrx_word' id='word_1_194' title='bbox 1113 1738 1170 1792; x_wconf 72' lang='grc' dir='ltr'><em>τῷ</em></span> <span class='ocrx_word' id='word_1_195' title='bbox 1211 1739 1444 1786; x_wconf 85' lang='grc' dir='ltr'><em>πολίσματι.</em></span> <span class='ocrx_word' id='word_1_196' title='bbox 1504 1734 1524 1776; x_wconf 78' lang='grc' dir='ltr'>ὅ</span> <span class='ocrx_word' id='word_1_197' title='bbox 1554 1731 1622 1778; x_wconf 66' lang='grc' dir='ltr'><em>δὲ·</em></span> 
     </span>
     <span class='ocr_line' id='line_1_25' title="bbox 166 1798 1600 1858; baseline -0.001 -15"><span class='ocrx_word' id='word_1_198' title='bbox 166 1804 269 1858; x_wconf 86' lang='grc' dir='ltr'><em>πρὸς</em></span> <span class='ocrx_word' id='word_1_199' title='bbox 313 1801 440 1857; x_wconf 68' lang='grc' dir='ltr'><em>ὄργὴν</em></span> <span class='ocrx_word' id='word_1_200' title='bbox 479 1798 754 1858; x_wconf 81' lang='grc' dir='ltr'><em>ἐκφερόμενος</em></span> <span class='ocrx_word' id='word_1_201' title='bbox 790 1801 864 1840; x_wconf 82' lang='grc' dir='ltr'><em>καί</em></span> <span class='ocrx_word' id='word_1_202' title='bbox 909 1803 1170 1854; x_wconf 79' lang='grc' dir='ltr'><em>χαλεπαίνων</em></span> <span class='ocrx_word' id='word_1_203' title='bbox 1208 1802 1400 1854; x_wconf 72' lang='grc' dir='ltr'><em>οὐδαμῶς</em></span> <span class='ocrx_word' id='word_1_204' title='bbox 1443 1802 1600 1850; x_wconf 73' lang='grc' dir='ltr'><em>αὐτοὺς</em></span> 
     </span>
    </p>
   </div>
   <div class='ocr_carea' id='block_1_3' title="bbox 166 1959 1600 2794">
    <p class='ocr_par' dir='ltr' id='par_1_7' title="bbox 166 1959 1600 2146">
     <span class='ocr_line' id='line_1_26' title="bbox 169 1959 1600 2006; baseline 0 -12"><span class='ocrx_word' id='word_1_205' title='bbox 169 1961 263 1995; x_wconf 84' lang='lat' dir='ltr'><strong>dinis</strong></span> <span class='ocrx_word' id='word_1_206' title='bbox 291 1967 328 1995; x_wconf 86' lang='lat' dir='ltr'><strong>et</strong></span> <span class='ocrx_word' id='word_1_207' title='bbox 363 1963 562 1996; x_wconf 78' lang='lat' dir='ltr'><strong>comitantis</strong></span> <span class='ocrx_word' id='word_1_208' title='bbox 599 1967 672 1996; x_wconf 80' lang='lat' dir='ltr'><strong>tum</strong></span> <span class='ocrx_word' id='word_1_209' title='bbox 698 1963 882 1997; x_wconf 79' lang='lat' dir='ltr'><strong>felicitatis</strong></span> <span class='ocrx_word' id='word_1_210' title='bbox 916 1971 1019 2005; x_wconf 83' lang='lat' dir='ltr'><strong>ergo,</strong></span> <span class='ocrx_word' id='word_1_211' title='bbox 1051 1959 1156 2006; x_wconf 84' lang='lat' dir='ltr'><strong>pauci</strong></span> <span class='ocrx_word' id='word_1_212' title='bbox 1192 1968 1340 1993; x_wconf 86' lang='lat' dir='ltr'><strong>numero</strong></span> <span class='ocrx_word' id='word_1_213' title='bbox 1366 1959 1536 2005; x_wconf 85' lang='lat' dir='ltr'><strong>ingressi,</strong></span> <span class='ocrx_word' id='word_1_214' title='bbox 1563 1965 1600 1995; x_wconf 85' lang='lat' dir='ltr'><strong>et</strong></span> 
     </span>
     <span class='ocr_line' id='line_1_27' title="bbox 168 2007 1598 2054; baseline -0.001 -14"><span class='ocrx_word' id='word_1_215' title='bbox 168 2010 291 2041; x_wconf 86' lang='lat' dir='ltr'><strong>occisis</strong></span> <span class='ocrx_word' id='word_1_216' title='bbox 317 2010 360 2041; x_wconf 81' lang='lat' dir='ltr'><em>iis</em></span> <span class='ocrx_word' id='word_1_217' title='bbox 386 2010 447 2053; x_wconf 90' lang='lat' dir='ltr'><em>qui</em></span> <span class='ocrx_word' id='word_1_218' title='bbox 473 2010 510 2041; x_wconf 87' lang='lat' dir='ltr'><em>in</em></span> <span class='ocrx_word' id='word_1_219' title='bbox 534 2015 635 2054; x_wconf 82' lang='lat' dir='ltr'><strong>porta</strong></span> <span class='ocrx_word' id='word_1_220' title='bbox 661 2016 780 2050; x_wconf 87' lang='lat' dir='ltr'><strong>erant,</strong></span> <span class='ocrx_word' id='word_1_221' title='bbox 805 2010 924 2042; x_wconf 79' lang='lat' dir='ltr'><strong>statim</strong></span> <span class='ocrx_word' id='word_1_222' title='bbox 951 2009 1100 2048; x_wconf 82' lang='lat' dir='ltr'><strong>reversi,</strong></span> <span class='ocrx_word' id='word_1_223' title='bbox 1125 2018 1204 2039; x_wconf 92' lang='lat' dir='ltr'><em>cum</em></span> <span class='ocrx_word' id='word_1_224' title='bbox 1229 2008 1324 2039; x_wconf 86' lang='lat' dir='ltr'><strong>omni</strong></span> <span class='ocrx_word' id='word_1_225' title='bbox 1347 2008 1505 2040; x_wconf 63' lang='lat' dir='ltr'><strong>exercitu*</strong></span> <span class='ocrx_word' id='word_1_226' title='bbox 1530 2007 1598 2040; x_wconf 85' lang='lat' dir='ltr'><em>do-</em></span> 
     </span>
     <span class='ocr_line' id='line_1_28' title="bbox 166 2052 1595 2100; baseline -0.001 -13"><span class='ocrx_word' id='word_1_227' title='bbox 166 2066 263 2088; x_wconf 89' lang='lat' dir='ltr'><em>mum</em></span> <span class='ocrx_word' id='word_1_228' title='bbox 292 2055 500 2096; x_wconf 86' lang='lat' dir='ltr'><strong>redierunt,</strong></span> <span class='ocrx_word' id='word_1_229' title='bbox 537 2057 692 2100; x_wconf 82' lang='lat' dir='ltr'><strong>captivos</strong></span> <span class='ocrx_word' id='word_1_230' title='bbox 724 2063 893 2100; x_wconf 85' lang='lat' dir='ltr'><strong>tauquam</strong></span> <span class='ocrx_word' id='word_1_231' title='bbox 921 2059 1077 2086; x_wconf 83' lang='lat' dir='ltr'><strong>armenta</strong></span> <span class='ocrx_word' id='word_1_232' title='bbox 1102 2052 1257 2098; x_wconf 79' lang='lat' dir='ltr'><strong>pecudes</strong></span> <span class='ocrx_word' id='word_1_233' title='bbox 1284 2059 1320 2086; x_wconf 84' lang='lat' dir='ltr'><strong>et</strong></span> <span class='ocrx_word' id='word_1_234' title='bbox 1346 2054 1504 2087; x_wconf 84' lang='lat' dir='ltr'><strong>iumenta</strong></span> <span class='ocrx_word' id='word_1_235' title='bbox 1529 2065 1595 2099; x_wconf 89' lang='lat' dir='ltr'><em>pro</em></span> 
     </span>
     <span class='ocr_line' id='line_1_29' title="bbox 166 2101 957 2146; baseline -0.001 -12"><span class='ocrx_word' id='word_1_236' title='bbox 166 2101 400 2134; x_wconf 83' lang='lat' dir='ltr'><strong>multitudine</strong></span> <span class='ocrx_word' id='word_1_237' title='bbox 425 2103 610 2135; x_wconf 84' lang='lat' dir='ltr'><strong>stellarum</strong></span> <span class='ocrx_word' id='word_1_238' title='bbox 636 2112 720 2146; x_wconf 78' lang='lat' dir='ltr'><strong>prae</strong></span> <span class='ocrx_word' id='word_1_239' title='bbox 744 2113 781 2135; x_wconf 86' lang='lat' dir='ltr'><em>se</em></span> <span class='ocrx_word' id='word_1_240' title='bbox 805 2107 957 2146; x_wconf 83' lang='lat' dir='ltr'>agentes.</span> 
     </span>
    </p>

    <p class='ocr_par' dir='ltr' id='par_1_8' title="bbox 166 2144 1593 2794">
     <span class='ocr_line' id='line_1_30' title="bbox 258 2144 1593 2191; baseline -0.001 -11"><span class='ocrx_word' id='word_1_241' title='bbox 258 2147 345 2180; x_wconf 91' lang='lat' dir='ltr'><strong>Inde</strong></span> <span class='ocrx_word' id='word_1_242' title='bbox 367 2148 542 2181; x_wconf 88' lang='lat' dir='ltr'><strong>Iohannes</strong></span> <span class='ocrx_word' id='word_1_243' title='bbox 567 2160 645 2181; x_wconf 91' lang='lat' dir='ltr'><em>cum</em></span> <span class='ocrx_word' id='word_1_244' title='bbox 668 2149 829 2181; x_wconf 78' lang='lat' dir='ltr'><strong>maximis</strong></span> <span class='ocrx_word' id='word_1_245' title='bbox 853 2153 890 2180; x_wconf 89' lang='lat' dir='ltr'><strong>et</strong></span> <span class='ocrx_word' id='word_1_246' title='bbox 914 2146 1115 2179; x_wconf 77' lang='lat' dir='ltr'><strong>fortissimis</strong></span> <span class='ocrx_word' id='word_1_247' title='bbox 1136 2146 1246 2191; x_wconf 85' lang='lat' dir='ltr'><strong>copiis</strong></span> <span class='ocrx_word' id='word_1_248' title='bbox 1272 2155 1442 2191; x_wconf 79' lang='lat' dir='ltr'><strong>egressus,</strong></span> <span class='ocrx_word' id='word_1_249' title='bbox 1467 2144 1593 2180; x_wconf 80' lang='lat' dir='ltr'><strong>Adria-</strong></span> 
     </span>
     <span class='ocr_line' id='line_1_31' title="bbox 167 2192 1584 2239; baseline 0 -13"><span class='ocrx_word' id='word_1_250' title='bbox 167 2194 308 2238; x_wconf 89' lang='lat' dir='ltr'><strong>nopolis</strong></span> <span class='ocrx_word' id='word_1_251' title='bbox 338 2200 375 2228; x_wconf 87' lang='lat' dir='ltr'><strong>et</strong></span> <span class='ocrx_word' id='word_1_252' title='bbox 399 2194 643 2238; x_wconf 80' lang='lat' dir='ltr'><strong>Didymotichi</strong></span> <span class='ocrx_word' id='word_1_253' title='bbox 671 2195 967 2239; x_wconf 81' lang='lat' dir='ltr'><strong>expugnationem</strong></span> <span class='ocrx_word' id='word_1_254' title='bbox 992 2193 1138 2226; x_wconf 86' lang='lat' dir='ltr'><strong>caeteris</strong></span> <span class='ocrx_word' id='word_1_255' title='bbox 1165 2192 1270 2226; x_wconf 85' lang='lat' dir='ltr'><strong>rebus</strong></span> <span class='ocrx_word' id='word_1_256' title='bbox 1300 2193 1464 2226; x_wconf 88' lang='lat' dir='ltr'><strong>omnibus</strong></span> <span class='ocrx_word' id='word_1_257' title='bbox 1490 2200 1584 2226; x_wconf 79' lang='lat' dir='ltr'><strong>ante-</strong></span> 
     </span>
     <span class='ocr_line' id='line_1_32' title="bbox 166 2238 1593 2286; baseline -0.001 -12"><span class='ocrx_word' id='word_1_258' title='bbox 166 2241 373 2274; x_wconf 82' lang='lat' dir='ltr'><strong>vertendam</strong></span> <span class='ocrx_word' id='word_1_259' title='bbox 398 2253 474 2274; x_wconf 87' lang='lat' dir='ltr'><strong>esse</strong></span> <span class='ocrx_word' id='word_1_260' title='bbox 501 2241 626 2282; x_wconf 83' lang='lat' dir='ltr'><strong>duxit,</strong></span> <span class='ocrx_word' id='word_1_261' title='bbox 667 2242 774 2274; x_wconf 82' lang='lat' dir='ltr'><strong>simul</strong></span> <span class='ocrx_word' id='word_1_262' title='bbox 799 2240 897 2286; x_wconf 89' lang='lat' dir='ltr'><strong>quod</strong></span> <span class='ocrx_word' id='word_1_263' title='bbox 923 2250 987 2272; x_wconf 82' lang='lat' dir='ltr'><em>eae</em></span> <span class='ocrx_word' id='word_1_264' title='bbox 1013 2238 1118 2271; x_wconf 86' lang='lat' dir='ltr'><strong>urbes</strong></span> <span class='ocrx_word' id='word_1_265' title='bbox 1145 2239 1255 2271; x_wconf 86' lang='lat' dir='ltr'><strong>totius</strong></span> <span class='ocrx_word' id='word_1_266' title='bbox 1281 2239 1372 2271; x_wconf 86' lang='lat' dir='ltr'><strong>belli</strong></span> <span class='ocrx_word' id='word_1_267' title='bbox 1395 2241 1593 2284; x_wconf 86' lang='lat' dir='ltr'><strong>praemium</strong></span> 
     </span>
     <span class='ocr_line' id='line_1_33' title="bbox 169 2285 1591 2332; baseline -0.001 -13"><span class='ocrx_word' id='word_1_268' title='bbox 169 2293 304 2327; x_wconf 84' lang='lat' dir='ltr'><strong>essent,</strong></span> <span class='ocrx_word' id='word_1_269' title='bbox 341 2288 449 2320; x_wconf 88' lang='lat' dir='ltr'><strong>simul</strong></span> <span class='ocrx_word' id='word_1_270' title='bbox 481 2288 579 2332; x_wconf 91' lang='lat' dir='ltr'><strong>quod</strong></span> <span class='ocrx_word' id='word_1_271' title='bbox 604 2299 645 2320; x_wconf 88' lang='lat' dir='ltr'><em>ea</em></span> <span class='ocrx_word' id='word_1_272' title='bbox 680 2289 817 2320; x_wconf 87' lang='lat' dir='ltr'><strong>ratione</strong></span> <span class='ocrx_word' id='word_1_273' title='bbox 853 2286 1018 2319; x_wconf 80' lang='lat' dir='ltr'><strong>Romanis</strong></span> <span class='ocrx_word' id='word_1_274' title='bbox 1044 2285 1156 2330; x_wconf 85' lang='lat' dir='ltr'><strong>pulsis</strong></span> <span class='ocrx_word' id='word_1_275' title='bbox 1186 2285 1375 2318; x_wconf 86' lang='lat' dir='ltr'>Thraciam</span> <span class='ocrx_word' id='word_1_276' title='bbox 1399 2286 1482 2318; x_wconf 80' lang='lat' dir='ltr'><strong>solis</strong></span> <span class='ocrx_word' id='word_1_277' title='bbox 1507 2287 1591 2319; x_wconf 76' lang='lat' dir='ltr'><strong>seris</strong></span> 
     </span>
     <span class='ocr_line' id='line_1_34' title="bbox 167 2330 1591 2377; baseline -0.001 -12"><span class='ocrx_word' id='word_1_278' title='bbox 167 2333 394 2366; x_wconf 83' lang='lat' dir='ltr'><strong>incolendam</strong></span> <span class='ocrx_word' id='word_1_279' title='bbox 423 2334 614 2367; x_wconf 81' lang='lat' dir='ltr'>traditurus</span> <span class='ocrx_word' id='word_1_280' title='bbox 644 2339 746 2366; x_wconf 83' lang='lat' dir='ltr'><strong>esset.</strong></span> <span class='ocrx_word' id='word_1_281' title='bbox 771 2334 892 2366; x_wconf 81' lang='lat' dir='ltr'><strong>castris</strong></span> <span class='ocrx_word' id='word_1_282' title='bbox 915 2333 1038 2377; x_wconf 85' lang='lat' dir='ltr'><strong>itaque</strong></span> <span class='ocrx_word' id='word_1_283' title='bbox 1065 2332 1111 2364; x_wconf 87' lang='lat' dir='ltr'><em>ad</em></span> <span class='ocrx_word' id='word_1_284' title='bbox 1134 2330 1424 2374; x_wconf 81' lang='lat' dir='ltr'><strong>Didymotichum</strong></span> <span class='ocrx_word' id='word_1_285' title='bbox 1450 2333 1591 2377; x_wconf 83' lang='lat' dir='ltr'><strong>positis,</strong></span> 
     </span>
     <span class='ocr_line' id='line_1_35' title="bbox 168 2378 1591 2424; baseline -0.001 -14"><span class='ocrx_word' id='word_1_286' title='bbox 168 2390 247 2411; x_wconf 88' lang='lat' dir='ltr'><em>cum</em></span> <span class='ocrx_word' id='word_1_287' title='bbox 271 2380 442 2424; x_wconf 88' lang='lat' dir='ltr'><strong>oppidum</strong></span> <span class='ocrx_word' id='word_1_288' title='bbox 464 2381 605 2413; x_wconf 88' lang='lat' dir='ltr'><strong>videret</strong></span> <span class='ocrx_word' id='word_1_289' title='bbox 627 2382 666 2412; x_wconf 85' lang='lat' dir='ltr'><em>in</em></span> <span class='ocrx_word' id='word_1_290' title='bbox 691 2381 770 2412; x_wconf 90' lang='lat' dir='ltr'><strong>loco</strong></span> <span class='ocrx_word' id='word_1_291' title='bbox 798 2380 895 2412; x_wconf 86' lang='lat' dir='ltr'><strong>edito</strong></span> <span class='ocrx_word' id='word_1_292' title='bbox 919 2380 1025 2412; x_wconf 82' lang='lat' dir='ltr'><strong>situm</strong></span> <span class='ocrx_word' id='word_1_293' title='bbox 1038 2378 1227 2410; x_wconf 84' lang='lat' dir='ltr'><strong>difficulter</strong></span> <span class='ocrx_word' id='word_1_294' title='bbox 1255 2379 1446 2423; x_wconf 77' lang='lat' dir='ltr'><strong>expugnari</strong></span> <span class='ocrx_word' id='word_1_295' title='bbox 1474 2389 1591 2422; x_wconf 86' lang='lat' dir='ltr'><strong>posse,</strong></span> 
     </span>
     <span class='ocr_line' id='line_1_36' title="bbox 167 2424 1592 2471; baseline -0.001 -15"><span class='ocrx_word' id='word_1_296' title='bbox 167 2424 315 2457; x_wconf 87' lang='lat' dir='ltr'><strong>fluvium</strong></span> <span class='ocrx_word' id='word_1_297' title='bbox 340 2427 491 2467; x_wconf 90' lang='lat' dir='ltr'><strong>Eurum,</strong></span> <span class='ocrx_word' id='word_1_298' title='bbox 530 2428 593 2471; x_wconf 88' lang='lat' dir='ltr'><em>qui</em></span> <span class='ocrx_word' id='word_1_299' title='bbox 619 2426 656 2459; x_wconf 87' lang='lat' dir='ltr'><strong>id</strong></span> <span class='ocrx_word' id='word_1_300' title='bbox 681 2427 843 2459; x_wconf 85' lang='lat' dir='ltr'><strong>ambibat</strong></span> <span class='ocrx_word' id='word_1_301' title='bbox 867 2431 904 2458; x_wconf 85' lang='lat' dir='ltr'><strong>et</strong></span> <span class='ocrx_word' id='word_1_302' title='bbox 926 2437 989 2470; x_wconf 81' lang='lat' dir='ltr'><em>per</em></span> <span class='ocrx_word' id='word_1_303' title='bbox 1012 2430 1147 2456; x_wconf 86' lang='lat' dir='ltr'><strong>meatus</strong></span> <span class='ocrx_word' id='word_1_304' title='bbox 1172 2425 1293 2468; x_wconf 83' lang='lat' dir='ltr'>paucis</span> <span class='ocrx_word' id='word_1_305' title='bbox 1318 2426 1475 2468; x_wconf 82' lang='lat' dir='ltr'><strong>cognitos</strong></span> <span class='ocrx_word' id='word_1_306' title='bbox 1505 2424 1592 2455; x_wconf 87' lang='lat' dir='ltr'><strong>civi-</strong></span> 
     </span>
     <span class='ocr_line' id='line_1_37' title="bbox 166 2470 1592 2518; baseline -0.001 -16"><span class='ocrx_word' id='word_1_307' title='bbox 166 2470 234 2503; x_wconf 89' lang='lat' dir='ltr'><em>bus</em></span> <span class='ocrx_word' id='word_1_308' title='bbox 260 2482 388 2516; x_wconf 86' lang='lat' dir='ltr'><strong>aquam</strong></span> <span class='ocrx_word' id='word_1_309' title='bbox 411 2472 682 2518; x_wconf 79' lang='lat' dir='ltr'><strong>suppeditabat,</strong></span> <span class='ocrx_word' id='word_1_310' title='bbox 711 2474 781 2505; x_wconf 89' lang='lat' dir='ltr'><strong>alio</strong></span> <span class='ocrx_word' id='word_1_311' title='bbox 807 2473 982 2505; x_wconf 84' lang='lat' dir='ltr'>divertere</span> <span class='ocrx_word' id='word_1_312' title='bbox 1007 2470 1186 2511; x_wconf 82' lang='lat' dir='ltr'><strong>instituit,</strong></span> <span class='ocrx_word' id='word_1_313' title='bbox 1211 2476 1247 2503; x_wconf 87' lang='lat' dir='ltr'><strong>et</strong></span> <span class='ocrx_word' id='word_1_314' title='bbox 1269 2471 1440 2503; x_wconf 82' lang='lat' dir='ltr'><strong>machinis</strong></span> <span class='ocrx_word' id='word_1_315' title='bbox 1466 2470 1503 2501; x_wconf 88' lang='lat' dir='ltr'><em>in</em></span> <span class='ocrx_word' id='word_1_316' title='bbox 1522 2471 1592 2501; x_wconf 83' lang='lat' dir='ltr'><strong>cir-</strong></span> 
     </span>
     <span class='ocr_line' id='line_1_38' title="bbox 168 2516 1592 2563; baseline 0 -15"><span class='ocrx_word' id='word_1_317' title='bbox 168 2518 268 2549; x_wconf 84' lang='lat' dir='ltr'><strong>cuitu</strong></span> <span class='ocrx_word' id='word_1_318' title='bbox 291 2518 474 2552; x_wconf 78' lang='lat' dir='ltr'><strong>collocatis</strong></span> <span class='ocrx_word' id='word_1_319' title='bbox 499 2530 636 2552; x_wconf 89' lang='lat' dir='ltr'><strong>murum</strong></span> <span class='ocrx_word' id='word_1_320' title='bbox 658 2520 761 2559; x_wconf 84' lang='lat' dir='ltr'><strong>ferit,</strong></span> <span class='ocrx_word' id='word_1_321' title='bbox 801 2530 871 2563; x_wconf 86' lang='lat' dir='ltr'><em>qua</em></span> <span class='ocrx_word' id='word_1_322' title='bbox 895 2523 996 2562; x_wconf 86' lang='lat' dir='ltr'><strong>parte</strong></span> <span class='ocrx_word' id='word_1_323' title='bbox 1019 2517 1229 2549; x_wconf 84' lang='lat' dir='ltr'><strong>labefactari</strong></span> <span class='ocrx_word' id='word_1_324' title='bbox 1258 2528 1362 2560; x_wconf 80' lang='lat' dir='ltr'><strong>posse</strong></span> <span class='ocrx_word' id='word_1_325' title='bbox 1387 2527 1453 2548; x_wconf 89' lang='lat' dir='ltr'><strong>nec</strong></span> <span class='ocrx_word' id='word_1_326' title='bbox 1476 2516 1592 2558; x_wconf 83' lang='lat' dir='ltr'><strong>gravi-</strong></span> 
     </span>
     <span class='ocr_line' id='line_1_39' title="bbox 167 2561 1589 2610; baseline -0.001 -15"><span class='ocrx_word' id='word_1_327' title='bbox 167 2575 227 2595; x_wconf 89' lang='lat' dir='ltr'><em>um</em></span> <span class='ocrx_word' id='word_1_328' title='bbox 259 2574 421 2596; x_wconf 78' lang='lat' dir='ltr'><strong>saxorum</strong></span> <span class='ocrx_word' id='word_1_329' title='bbox 453 2565 624 2610; x_wconf 84' lang='lat' dir='ltr'><strong>impetum</strong></span> <span class='ocrx_word' id='word_1_330' title='bbox 655 2566 837 2598; x_wconf 77' lang='lat' dir='ltr'><strong>intervalli</strong></span> <span class='ocrx_word' id='word_1_331' title='bbox 874 2563 1119 2608; x_wconf 82' lang='lat' dir='ltr'><strong>magnitudine</strong></span> <span class='ocrx_word' id='word_1_332' title='bbox 1158 2563 1327 2594; x_wconf 81' lang='lat' dir='ltr'><strong>lassatum</strong></span> <span class='ocrx_word' id='word_1_333' title='bbox 1362 2562 1406 2593; x_wconf 87' lang='lat' dir='ltr'><em>iri</em></span> <span class='ocrx_word' id='word_1_334' title='bbox 1430 2561 1589 2605; x_wconf 85' lang='lat' dir='ltr'><strong>putabat.</strong></span> 
     </span>
     <span class='ocr_line' id='line_1_40' title="bbox 168 2607 1591 2656; baseline -0.003 -14"><span class='ocrx_word' id='word_1_335' title='bbox 168 2609 341 2653; x_wconf 87' lang='lat' dir='ltr'><strong>oppidani</strong></span> <span class='ocrx_word' id='word_1_336' title='bbox 379 2621 461 2643; x_wconf 89' lang='lat' dir='ltr'><strong>vero</strong></span> <span class='ocrx_word' id='word_1_337' title='bbox 492 2617 532 2644; x_wconf 90' lang='lat' dir='ltr'><strong>ut</strong></span> <span class='ocrx_word' id='word_1_338' title='bbox 561 2611 755 2644; x_wconf 85' lang='lat' dir='ltr'><strong>Iohannem</strong></span> <span class='ocrx_word' id='word_1_339' title='bbox 779 2612 984 2656; x_wconf 82' lang='lat' dir='ltr'><strong>placarent,</strong></span> <span class='ocrx_word' id='word_1_340' title='bbox 1013 2609 1277 2648; x_wconf 73' lang='lat' dir='ltr'><strong>excusationes,</strong></span> <span class='ocrx_word' id='word_1_341' title='bbox 1302 2608 1461 2651; x_wconf 82' lang='lat' dir='ltr'><strong>speciosa</strong></span> <span class='ocrx_word' id='word_1_342' title='bbox 1482 2607 1591 2639; x_wconf 86' lang='lat' dir='ltr'><strong>verba</strong></span> 
     </span>
     <span class='ocr_line' id='line_1_41' title="bbox 169 2653 1590 2702; baseline -0.003 -14"><span class='ocrx_word' id='word_1_343' title='bbox 169 2661 206 2689; x_wconf 89' lang='lat' dir='ltr'><strong>et</strong></span> <span class='ocrx_word' id='word_1_344' title='bbox 228 2655 377 2688; x_wconf 84' lang='lat' dir='ltr'><strong>blandas</strong></span> <span class='ocrx_word' id='word_1_345' title='bbox 405 2667 527 2701; x_wconf 81' lang='lat' dir='ltr'><strong>preces</strong></span> <span class='ocrx_word' id='word_1_346' title='bbox 563 2659 670 2690; x_wconf 84' lang='lat' dir='ltr'><strong>etiam</strong></span> <span class='ocrx_word' id='word_1_347' title='bbox 692 2656 995 2702; x_wconf 76' lang='lat' dir='ltr'><strong>praetendebant3</strong></span> <span class='ocrx_word' id='word_1_348' title='bbox 1033 2661 1070 2688; x_wconf 86' lang='lat' dir='ltr'><strong>et</strong></span> <span class='ocrx_word' id='word_1_349' title='bbox 1093 2660 1225 2687; x_wconf 75' lang='lat' dir='ltr'><strong>stantes</strong></span> <span class='ocrx_word' id='word_1_350' title='bbox 1251 2654 1289 2685; x_wconf 90' lang='lat' dir='ltr'><em>in</em></span> <span class='ocrx_word' id='word_1_351' title='bbox 1314 2653 1590 2697; x_wconf 80' lang='lat' dir='ltr'><strong>propugnaculis</strong></span> 
     </span>
     <span class='ocr_line' id='line_1_42' title="bbox 170 2698 1591 2747; baseline -0.003 -12"><span class='ocrx_word' id='word_1_352' title='bbox 170 2713 250 2735; x_wconf 87' lang='lat' dir='ltr'><em>eum</em></span> <span class='ocrx_word' id='word_1_353' title='bbox 273 2714 336 2747; x_wconf 92' lang='lat' dir='ltr'><em>pro</em></span> <span class='ocrx_word' id='word_1_354' title='bbox 365 2714 429 2735; x_wconf 87' lang='lat' dir='ltr'><em>suo</em></span> <span class='ocrx_word' id='word_1_355' title='bbox 454 2713 535 2747; x_wconf 82' lang='lat' dir='ltr'><strong>rege</strong></span> <span class='ocrx_word' id='word_1_356' title='bbox 561 2703 801 2743; x_wconf 80' lang='lat' dir='ltr'><strong>celebrabant,</strong></span> <span class='ocrx_word' id='word_1_357' title='bbox 826 2709 862 2736; x_wconf 84' lang='lat' dir='ltr'><strong>et</strong></span> <span class='ocrx_word' id='word_1_358' title='bbox 887 2703 1022 2734; x_wconf 77' lang='lat' dir='ltr'><strong>tributa</strong></span> <span class='ocrx_word' id='word_1_359' title='bbox 1046 2711 1217 2745; x_wconf 85' lang='lat' dir='ltr'><strong>pensuros</strong></span> <span class='ocrx_word' id='word_1_360' title='bbox 1242 2705 1454 2743; x_wconf 80' lang='lat' dir='ltr'><strong>caeteraque</strong></span> <span class='ocrx_word' id='word_1_361' title='bbox 1471 2698 1591 2731; x_wconf 78' lang='lat' dir='ltr'><strong>omnia</strong></span> 
     </span>
     <span class='ocr_line' id='line_1_43' title="bbox 169 2745 1589 2794; baseline -0.003 -12"><span class='ocrx_word' id='word_1_362' title='bbox 169 2759 261 2793; x_wconf 78' lang='lat' dir='ltr'><strong>quae</strong></span> <span class='ocrx_word' id='word_1_363' title='bbox 290 2751 495 2794; x_wconf 85' lang='lat' dir='ltr'><strong>imperasset</strong></span> <span class='ocrx_word' id='word_1_364' title='bbox 529 2748 690 2782; x_wconf 81' lang='lat' dir='ltr'><strong>alacriter</strong></span> <span class='ocrx_word' id='word_1_365' title='bbox 715 2746 1169 2792; x_wconf 56' lang='lat' dir='ltr'><strong>facturosfflromittebaut,</strong></span> <span class='ocrx_word' id='word_1_366' title='bbox 1194 2745 1299 2778; x_wconf 84' lang='lat' dir='ltr'><em>modo</em></span> <span class='ocrx_word' id='word_1_367' title='bbox 1330 2756 1375 2778; x_wconf 81' lang='lat' dir='ltr'><strong>no</strong></span> <span class='ocrx_word' id='word_1_368' title='bbox 1397 2756 1478 2779; x_wconf 85' lang='lat' dir='ltr'><em>eum</em></span> <span class='ocrx_word' id='word_1_369' title='bbox 1502 2747 1589 2779; x_wconf 78' lang='lat' dir='ltr'><strong>urbe</strong></span> 
     </span>
    </p>
   </div>
  </div>
 </body>
</html>
