1838 3210
715 133 1062 174 BREVIARIUM.

177 235 221 268 ln
254 231 399 268 Servios
436 239 469 266 et
495 233 691 278 Hungaros
729 231 975 279 expeditiones
1007 231 1190 268 Manuelis
1227 240 1261 267 et
1285 231 1494 279 triumphus.
1524 245 1601 268 cum

178 278 318 322 Scythis
347 278 594 313 Calamannus
623 278 715 312 male
752 288 903 324 pugnat.
966 280 1117 313 Alea-ius
1152 280 1356 323 Bryennius
1372 306 1386 320 ,
1415 280 1602 314 Iohannes

177 326 303 359 Ducas
338 333 373 357 et
412 324 673 359 Constantinus
700 325 857 368 Angelus
884 336 907 356 a
930 326 1064 360 Siculis
1098 325 1296 371 capiuntur
1327 324 1390 370 (7)
1453 327 1605 360 Manuel

177 382 255 405 cum
279 371 433 415 Roget-io
457 371 578 404 Siculo
601 370 789 416 pontificis
811 371 967 405 Romani
989 371 1137 406 hortatu
1161 381 1284 418 pacem
1306 371 1400 405 init.-
1423 371 1487 405 sed
1506 383 1604 418 pau-

175 418 211 450 lo
233 424 315 462 post
333 424 480 450 mutuae
502 417 717 450 inimicitiae
738 415 994 450 recrudescunt
1019 417 1081 462 (8).

269 463 343 495 Lu.
367 462 429 494 ΠΙ.
475 463 661 496 Manuelis
696 462 914 508 Hungarica
946 462 1137 504 expeditio.
1184 463 1377 496 Hunnicae
1399 463 1605 508 grassatio-

179 519 243 541 nes
265 507 329 554 (ι).
376 506 581 550 Andronici
603 516 636 542 et
658 509 844 542 Manuelis
878 509 1046 541 incestus.
1095 509 1327 542 Andronicus
1352 508 1520 555 affinium
1544 511 1602 542 in-

178 553 286 587 sidiis
310 554 351 587 in
386 564 565 587 carcerem
598 555 781 588 coniectus
811 554 970 588 elabitur
995 558 1124 588 uxoris
1159 567 1268 601 opera
1284 568 1297 587 .·
1320 554 1384 588 sed
1404 556 1445 588 in
1469 555 1603 589 itinere

176 601 398 644 interceptus
421 598 610 633 reducitur
643 600 684 632 in
720 600 918 634 custodiam
942 602 1003 642 (2).
1053 600 1231 634 ludicras
1253 612 1398 646 pugnas
1424 610 1603 649 equestres

177 645 391 679 Antiochiae
413 645 567 679 Manuel
589 645 761 679 instituit.
787 647 866 679 eius
899 648 1024 692 copiae
1061 646 1231 679 dimissae
1256 645 1393 680 cladem
1419 659 1442 678 a
1473 648 1604 681 Turcis

176 692 363 737 accipiunt
386 690 450 736 (3).
513 690 719 724 mador-us
753 694 929 736 Stypiotes
965 692 1008 726 ob
1045 693 1227 725 Camateri
1261 692 1465 737 logothetae
1500 694 1605 726 calu·

173 739 293 770 mnia-5
315 745 540 770 occaecatur.
578 737 818 782 expostulatio
841 740 988 772 Nicetae
1003 750 1081 771 cum
1105 737 1236 771 divina
1260 737 1506 783 providentia.
1531 739 1604 772 Ca-

177 783 307 815 materi
340 782 540 827 logothetae
580 794 718 823 mores,
746 782 924 816 bibacitas
959 792 994 817 et
1015 785 1203 818 voracitas
1227 783 1290 828 (4).
1340 785 1524 817 Manuelis
1547 796 1603 817 se-

175 827 316 863 cundae
346 830 503 874 nuptiae.
549 830 698 862 Nicetae
728 829 971 875 expostulatio
998 839 1074 861 cum
1099 830 1164 863 deo
1189 828 1231 862 de
1262 830 1428 863 Turcicis
1453 842 1603 874 grassa-

172 873 343 907 tionibus.
390 876 592 907 Iconiensis
616 875 759 908 sultani
780 883 813 907 et
840 873 1066 921 Cappadocis
1089 875 1285 920 toparchae
1310 874 1488 908 dissidia.-
1522 876 1601 908 sul·

171 929 282 954 tanus
311 919 362 953 cd
395 921 600 954 Manuelem
636 920 850 967 confugiens
881 920 1074 965 magnifice
1107 921 1302 965 excipitur.
1346 928 1465 953 terrae
1485 929 1600 954 motus

173 973 388 1011 apparatum
419 978 540 1000 eorum
579 967 712 1000 turbat.
768 970 958 1011 Agerenus
984 966 1154 1012 quidam,
1193 977 1311 999 novus
1335 967 1484 1006 Icarus,
1511 978 1602 1000 suae

172 1012 389 1045 temeritatis
418 1013 488 1045 luit
519 1023 657 1058 poenas
681 1013 742 1055 (5).
803 1012 1078 1056 Clyzasthlanes
1102 1013 1223 1046 Iconii
1247 1012 1415 1044 sultanus
1438 1013 1602 1053 ingenti-

173 1058 240 1091 bus
263 1056 371 1090 donis
403 1070 426 1090 a
448 1059 618 1092 Manuale
652 1058 838 1104 adfectu-5,
881 1059 1043 1093 Iconium
1083 1069 1251 1092 reversus
1281 1057 1391 1100 fidem
1403 1059 1536 1102 fallit,
1566 1066 1601 1092 et

171 1103 356 1137 Manuelis
382 1103 542 1138 subditos
562 1113 672 1137 vexat
696 1113 806 1151 atque
831 1113 1015 1151 oppugnat
1027 1105 1088 1148 (6).
1136 1105 1274 1138 Fucata
1297 1104 1438 1138 sulcant
1461 1113 1495 1137 et
1512 1105 1598 1138 Ma-

171 1150 290 1183 nuelis
316 1150 503 1192 amicitia;
525 1149 618 1183 unde
644 1152 872 1184 vastationes
897 1160 931 1184 et
954 1149 1075 1184 clades
1098 1160 1241 1184 mutuae
1266 1149 1330 1194 (7).

261 1195 334 1227 Lm.
358 1194 418 1233 IV,
463 1197 616 1230 Manuel
637 1196 785 1244 affinem
809 1197 1046 1243 Stephanum,
1072 1199 1283 1231 Hunnorum
1311 1196 1407 1241 regis
1418 1196 1596 1243 fratrem,

158 1241 309 1287 frustra
334 1241 548 1276 Pannoniae
579 1254 695 1287 regem
706 1243 841 1288 facere
877 1252 1057 1277 conatur.-
1089 1255 1173 1276 nam
1196 1241 1397 1288 Stephanus
1422 1243 1467 1276 ab
1492 1244 1599 1276 Hun-

167 1287 227 1320 nis
249 1297 389 1320 veneno
415 1289 582 1329 tollitur,
609 1289 741 1335 quibus
764 1290 919 1323 Manuel
945 1289 1073 1322 bellum
1099 1289 1232 1323 indicit
1252 1288 1316 1334 (ι).
1363 1287 1597 1322 Andronicus

168 1334 275 1366 semel
299 1341 334 1366 et
371 1334 498 1367 iterum
522 1334 702 1368 mirandis
733 1336 874 1370 artibus
907 1336 1069 1370 vinculis
1094 1336 1236 1381 elapsus
1259 1333 1402 1368 tandem
1428 1335 1598 1369 Manueli

165 1380 328 1425 patrueli
350 1381 614 1414 reconciliatur
641 1381 703 1428 (2).
749 1382 943 1416 Michaelis
972 1383 1117 1416 Branae
1141 1382 1360 1427 ingenuitas.
1410 1381 1596 1415 Manuelis

166 1426 383 1460 Pannonica
406 1425 611 1472 expeditio,
646 1435 680 1461 et
703 1428 898 1474 Zeugmini
927 1428 1053 1474 oppidi
1078 1428 1333 1473 recuperatio,
1360 1428 1402 1461 in
1427 1439 1501 1474 qua
1523 1438 1593 1460 va-

167 1473 248 1505 riae
279 1471 366 1505 belli
391 1472 517 1518 facies
539 1473 601 1519 (3).
659 1474 768 1507 Deses
789 1475 940 1508 Serviae
962 1473 1110 1522 despota
1133 1476 1278 1519 cogitur
1301 1471 1353 1506 ad
1374 1473 1590 1519 obsequium.

165 1517 317 1551 Alexius
350 1519 570 1563 HungaruS,
602 1520 749 1553 Mariae
779 1521 964 1554 Manuelis
995 1533 1040 1554 ex
1061 1521 1262 1554 Alemanna
1282 1518 1389 1564 filiae
1413 1520 1590 1559 maritus,

166 1565 319 1609 imperio
343 1563 558 1599 destinatur.
605 1565 814 1600 Andronico
847 1567 1085 1612 refragante,
1110 1568 1177 1613 qui
1200 1577 1279 1601 cum
1307 1566 1443 1600 Tor-use
1468 1568 1593 1599 Arme·

166 1611 230 1642 nio
266 1611 465 1655 infitliciter
503 1611 631 1645 bellum
654 1614 750 1657 gerit
775 1614 838 1655 (4).
899 1613 1130 1647 Andronicus
1154 1612 1198 1646 ob
1226 1611 1380 1645 illicitos
1403 1622 1482 1644 cum
1503 1611 1592 1645 Phi-

163 1655 266 1701 lippa
290 1658 532 1701 imperatricis
568 1670 693 1692 sorore
725 1667 760 1692 et
786 1658 975 1692 Theodora
999 1659 1178 1693 Balduini
1202 1657 1315 1691 vidua
1342 1668 1484 1691 amores
1506 1659 1591 1691 Ma-

164 1702 266 1735 nueli
286 1713 432 1743 exosus,
455 1705 567 1737 varia
593 1706 754 1748 agitatus
763 1705 925 1750 Jbrtuna
939 1732 952 1744 ,
978 1717 1055 1738 cum
1082 1705 1198 1738 tribus
1221 1704 1347 1737 liberis
1368 1712 1404 1737 et
1428 1702 1592 1737 Theodo-

165 1759 211 1780 ra
232 1746 283 1781 ad
306 1749 486 1782 sultanum
503 1749 720 1783 Chaldaeum
744 1751 909 1796 confligit
932 1751 995 1796 (5).
1041 1751 1193 1785 Manuel
1216 1751 1384 1795 princeps
1407 1749 1590 1783 sollicitus

164 1801 199 1826 et
225 1795 395 1838 suspicax
417 1796 582 1828 Alea-ium
605 1804 906 1841 protostratorem
933 1797 1055 1830 virum
1080 1799 1308 1831 innocentem
1334 1794 1384 1828 acl
1406 1795 1588 1828 cucullum

163 1838 384 1873 induendum
422 1840 551 1887 adigit.
587 1841 680 1875 unde
714 1843 884 1876 Manueli
918 1844 958 1875 in
998 1844 1163 1876 Alexium
1195 1842 1311 1874 malus
1344 1842 1487 1874 animus
1522 1841 1587 1885 (6).

161 1887 312 1925 Aaron,
341 1885 503 1926 Sclerus,
527 1886 726 1930 Sicydites,
752 1889 915 1933 insignes
939 1889 1154 1928 nebulones,
1183 1887 1226 1921 ob
1250 1888 1407 1931 magiam
1430 1885 1592 1932 perfidi-

161 1943 220 1964 am
243 1940 278 1964 et
301 1932 503 1965 calumnias
540 1935 748 1976 excaecati;
782 1943 818 1968 et
851 1936 995 1968 Aaroni
1014 1944 1140 1981 postea
1182 1934 1307 1967 Isaaci
1331 1934 1462 1977 Angeli
1486 1934 1589 1967 iussu

161 1977 293 2020 lingua
331 1986 465 2011 execta.
514 1980 666 2012 frIanuel
705 1990 782 2013 cum
805 1992 938 2026 magna
963 1982 1119 2015 omnium
1143 1981 1270 2025 gratia
1296 1986 1330 2012 et
1353 1977 1461 2013 laude
1488 1989 1589 2012 nova

159 2031 283 2057 castra
306 2024 346 2056 in
371 2025 457 2058 Asia
483 2024 606 2058 condit
630 2024 692 2071 (7).

255 2069 326 2102 Lm.
346 2069 388 2103 V.
439 2072 593 2104 Manuel
622 2083 666 2105 ex
697 2070 837 2106 duabus
862 2074 994 2106 statuis
1019 2073 1138 2106 altera
1162 2079 1280 2106 erecta
1308 2071 1427 2104 altera
1448 2070 1589 2110 eiecta,

159 2114 254 2148 bello
276 2118 488 2161 Hungarico
512 2117 757 2151 Andronicum
785 2118 1108 2165 Contostephanum
1132 2118 1320 2164 praeficit,
1348 2125 1381 2149 et
1403 2117 1588 2150 victoriae

159 2173 263 2195 omen
297 2173 341 2195 ex
371 2165 542 2207 Hungari
579 2164 686 2210 lapsu
721 2165 866 2210 arripit.
913 2166 1102 2198 Pannonii
1135 2176 1172 2198 se
1207 2163 1257 2197 ad
1294 2163 1424 2196 bellum
1460 2163 1587 2195 accin-

157 2216 251 2252 gunt
275 2207 339 2253 (ι).
393 2209 625 2244 Andronicus
661 2211 825 2254 neglecta
858 2212 1043 2245 Manuetis
1079 2211 1334 2256 superstitione
1361 2209 1588 2253 astrologica

156 2254 292 2288 milites
315 2253 365 2288 ad
384 2268 542 2301 pugnam
565 2255 736 2290 hortatur
757 2256 820 2302 (2).
871 2259 993 2292 Utrius
1021 2269 1062 2291 ue
1086 2259 1264 2291 exercitus
1288 2255 1493 2301 dispositio.
1516 2265 1585 2300 pu-

155 2310 230 2344 gna
244 2314 256 2333 .·
278 2301 439 2335 victoria
462 2313 569 2347 penes
592 2301 862 2343 Andronicum,
890 2305 956 2349 qui
969 2271 1077 2350 ν[Ζιηα
1101 2305 1251 2337 territus
1275 2303 1406 2335 Istrum
1425 2300 1585 2334 traiicit.

153 2347 200 2379 M
203 2347 314 2379 anuel
333 2356 451 2381 autem
475 2347 517 2380 de
531 2349 734 2382 Pannoniis
755 2352 937 2395 superatis
958 2350 1156 2396 triumphat
1177 2349 1239 2388 (3).
1290 2348 1426 2382 Contra
1440 2347 1588 2381 ServIos

153 2393 340 2425 Manuelis
371 2393 550 2440 expeditio
559 2407 572 2436 ‚-
606 2395 688 2427 item
723 2403 851 2428 contra
875 2397 1089 2441 Aegyptios,
1127 2396 1294 2438 Amerigo
1317 2393 1592 2437 Hierosolymof

153 2448 234 2471 rum
252 2449 332 2480 rege
352 2442 498 2474 auxilia
518 2441 711 2486 pollicente
727 2441 789 2484 (4).
837 2443 1027 2487 Amerigus
1037 2442 1159 2488 pedem
1187 2441 1323 2486 refert.-
1348 2438 1587 2472 nihilominus

152 2491 275 2517 tamen
298 2485 333 2517 T
328 2487 522 2519 amiathum
546 2485 684 2520 obsidet
704 2486 946 2527 Andronicus,
976 2497 1011 2522 et
1027 2490 1146 2522 variis
1177 2486 1291 2521 modis
1309 2493 1495 2532 oppugnat
1523 2484 1586 2529 (5).

151 2529 296 2563 Fraude
345 2533 507 2577 Amet-igi
553 2531 783 2566 Andronicus
827 2534 863 2567 T
859 2534 1014 2567 amiathi
1045 2534 1315 2580 expugnatione
1353 2532 1591 2577 frustratus»

154 2575 289 2608 milites
313 2576 364 2609 ad
374 2580 681 2624 oppugnationem
706 2578 1026 2621 redintegrandam
1050 2579 1296 2623 hortaturffi).
1352 2578 1502 2610 Tentata
1527 2586 1590 2609 ex-

150 2623 330 2665 pugnatio
356 2626 517 2669 Amerigi
538 2623 633 2658 dolis
657 2627 768 2658 irrita
798 2625 984 2666 redditur,
1013 2635 1046 2660 et
1074 2629 1207 2660 Gracci
1234 2621 1590 2664 Tamiathotdomum

151 2665 339 2700 redeuntes
362 2671 558 2716 nansi-agio
585 2671 662 2713 lere
686 2683 806 2704 omnes
827 2681 991 2718 pereunt.
1041 2673 1240 2707 Sarraceni
1262 2680 1387 2717 pacem
1414 2679 1492 2701 cum
1507 2668 1590 2701 Ma-

152 2712 256 2747 uuele
276 2713 431 2759 firmant
452 2715 515 2761 (7).
563 2717 738 2751 Nascitur
761 2718 932 2752 Manueli
944 2718 1054 2765 silius
1078 2720 1247 2758 Alex-ius,
1275 2718 1474 2761 imperator
1496 2713 1591 2748 desi-
