1838 3210
407 181 497 224 ‘DE
534 184 786 228 MANUELE
824 183 1083 242 coMNENo
1122 184 1219 226 Lm.
1252 185 1322 223 iv.
1488 162 1594 217 183

165 280 221 332 ὥς
247 279 378 324 αΰτὸν
402 284 486 324 τῶν
514 284 604 324 κατ’
628 281 855 337 Ἀρμενίων
881 284 1060 325 ἐλπίδων
1086 281 1349 337 ψευσάμενον
1374 282 1597 333 συλλαβεῖν

164 348 301 401 ἐζήτει
325 348 396 390 καί
418 346 537 397 δίκας
565 349 608 399 ἐξ
626 346 780 389 ἐκείνου
807 351 964 399 λαβεῖν,
1021 342 1179 391 στέλλει
1205 346 1345 390 τοίνυν
1369 343 1444 388 τὸν
1469 347 1598 398 σεβα-

163 412 260 456 στόν
298 416 612 457 Κωνσταντῖνον
650 409 722 454 τὸν
761 415 1043 465 Καλαμᾶνον,
1089 409 1225 468 ἄνδρα
1250 413 1324 454 καί
1351 409 1505 466 τόλμης
1533 413 1599 451 λε,-

164 481 408 534 λογισμένης
427 476 578 531 μεστὸν
605 477 678 520 καὶ
708 475 754 519 τὸ
783 483 965 531 γενναῖον
992 479 1246 532 εὐτυχοῦντα
1274 475 1500 530 στάσιμον,
1528 477 1601 518 κατ’

127 545 245 593 5τοῖς
273 547 360 586 κατ’
381 545 606 600 Ἀρμενίαν
630 545 710 597 μὲν
725 541 1051 597 ε’πιστατήσοντα
1078 542 1323 598 πράγμασι,
1355 542 1426 584 καί
1449 545 1501 599 τῇ
1520 544 1644 584 (Dc-1³.
1659 559 1703 595 9²

163 610 292 667 λίππᾳ
310 612 348 652 δ’
365 605 476 658 ὅπως
500 609 737 665 συναφθειή
761 606 1130 663 πειραθησόμενον.
1160 608 1181 648 ὁ
1212 610 1259 650 δὲ
1286 606 1337 650 τά
1365 610 1442 661 μὲν
1458 608 1602 662 πρῶτα

163 676 223 724 εἰς
247 673 431 729 νυμφίον
451 671 600 717 ἑαυτὸν
625 674 916 728 διευθετήσας,
944 675 1018 714 καί
1041 671 1387 727 λαμπρυνάμενος
1417 672 1474 721 ὥς
1495 670 1604 722 εἰκὸς

162 742 236 782 καί
259 743 356 782 καθ’
373 735 470 782 ὅσον
486 735 576 796 ᾔδει
596 738 669 795 τὴν
696 740 906 795 ἐρωμένην
926 736 1242 792 ὗπαγαγέσθαι,
1284 739 1362 793 τήν
1388 736 1601 792 Ἀντιόχου

163 805 323 849 εἴσεισι.
398 806 597 847 τοσοῦτον
637 807 683 847 δὲ
726 808 956 860 προσέσχεν
987 805 1097 861 αὐτῷ
1129 805 1345 855 Φιλίππα,
1373 804 1444 845 καί
1471 800 1603 852 οὕτως

106 889 152 915 10
165 869 292 924 αὐτὴν
325 871 397 913 τοῦ
433 869 636 924 προτέρου
666 871 891 924 μετέθηκεν
932 869 1107 923 ἔρωτος,
1148 869 1206 919 ὥς
1232 871 1339 925 μηδὲ
1366 870 1601 922 βλέμματος

162 939 260 991 γοῦν
295 937 552 989 μεταδοῦναι
591 931 620 990 ἢ
656 932 948 991 προσρήματος
985 935 1164 985 α’ξιῶσαι
1211 935 1286 977 τόν
1316 935 1597 986 Καλαμᾶνον,

159 1005 320 1055 μᾶλλον
345 1004 422 1056 μὲν
449 998 611 1043 οὖνκαὶ
635 1002 945 1056 προσονειδίσαι
968 999 1121 1055 τοῖνδρί
1138 998 1182 1042 τὸ
1207 1001 1278 1055 τῆς
1305 999 1465 1054 ἡλικίας
1490 1002 1598 1054 βρα-

159 1069 233 1122 χύ,
261 1067 333 1110 καί
357 1069 400 1118 ἐς
431 1065 558 1109 αὐτὸν
598 1066 851 1119 ἆποσκαῖψαι
878 1064 950 1106 τὸν
978 1061 1267 1119 αιῖτοκράτορα
1299 1063 1530 1118 ΠΙανουὴλ,
1561 1064 1601 1105 εἰ

163 1132 294 1184 οὕτως
333 1134 512 1186 α’μαθῶς
536 1132 611 1174 κατ’
635 1131 799 1187 εὐήθως
836 1129 967 1184 αὐτὴν
994 1130 1108 1184 ἔχειν
1135 1131 1254 1188 ᾠήθη
1285 1128 1342 1179 ὥς
1370 1126 1599 1183 ἀποστατή-

104 1203 228 1243 ιόσει
257 1202 335 1252 μὲν
361 1199 627 1254 Ἀνδρονίκου
662 1195 768 1251 αὕτη
811 1200 888 1238 τοῦ
913 1194 1070 1251 ἥρωος,
1098 1190 1150 1237 οὗ
1175 1194 1223 1238 τὰ
1253 1197 1370 1244 κλέος
1397 1190 1499 1248 εὗρὺ
1529 1193 1602 1235 καί

165 1261 216 1307 οὗ
244 1264 289 1307 τὸ
327 1266 440 1319 γένος
465 1262 592 1317 πολύ,
621 1259 1032 1317 προσκολληθήσεται
1071 1262 1118 1303 δὲ
1156 1259 1281 1316 ἀνδρὶ
1316 1258 1359 1310 ὃς
1394 1259 1441 1302 τὸ
1482 1261 1598 1314 γένος

163 1330 468 1384 ιῖπεσβεσμένος
493 1332 566 1372 καί
588 1331 694 1384 χθὲς
721 1328 794 1370 καί
819 1327 964 1383 πρώην
994 1330 1034 1371 εἰ
1057 1325 1167 1370 ἔστιν
1197 1323 1303 1376 ὅλως
1334 1325 1632 1381 §promorat-B

162 1399 254 1438 ἐπεί
279 1398 380 1450 γοῦν
411 1394 434 1437 ὅ
467 1399 781 1443 Κωνσταντΐνος
813 1395 1062 1444 ἆδοξοῦντας
1103 1391 1231 1435 αὐτὸν
1257 1388 1370 1448 ἑώρα
1398 1390 1498 1440 τούς
1523 1392 1597 1445 τῆς

165 1463 377 1512 Φιλίπποις
420 1459 581 1518 ἔρωτας
606 1460 678 1503 καί
701 1459 807 1516 πρὸς
835 1455 960 1502 ἄλλον
991 1457 1168 1509 λύοντας
1196 1458 1242 1501 τὸ
1273 1455 1443 1513 πτερόν,
1467 1460 1598 1512 μηλο-

99 1544 150 1570 20
160 1528 385 1583 βολοῦντάς
412 1543 457 1570 τε
479 1527 550 1570 κατ’
569 1529 877 1586 δᾳδουχοῦντας
894 1523 1171 1582 Ἀνδρόνικον,
1200 1527 1359 1568 ἐκεῖθεν
1389 1524 1596 1577 μεθίστα-

100 1626 102 1631 .
160 1612 241 1647 ται,
269 1593 341 1636 καὶ
361 1593 437 1649 τήν
458 1591 621 1647 Ταρσὸν
652 1591 900 1646 καταλαβών
926 1591 1030 1646 μετὰ
1059 1594 1140 1634 τῶν
1166 1589 1402 1634 ἀντιπάλων
1416 1590 1597 1642 Ῥωμαί-

163 1676 225 1710 οις
249 1662 477 1715 Ἀρμενίων
514 1660 770 1713 συνερρήγνυ
807 1657 997 1710 πόλεμον.
1062 1657 1121 1706 ὥς
1147 1659 1194 1700 δέ
1221 1672 1322 1698 ποτε
1342 1655 1476 1712 τούτῳ
1502 1655 1597 1697 ἐπέ-
1608 1661 1649 1695 V.
1666 1663 1709 1708 74

161 1728 312 1780 βρισαν
345 1723 385 1766 οἱ
408 1723 626 1780 διάφοροι,
654 1720 766 1765 ἑάλω
792 1739 836 1765 τε
867 1724 939 1764 καί
967 1719 1020 1778 ἦν
1047 1724 1091 1764 ἐν
1118 1724 1299 1775 δεσμοῖς.
1355 1717 1377 1760 ὅ
1408 1721 1453 1761 δὲ
1476 1723 1597 1773 βασι·-

163 1789 258 1839 λεὺς
284 1788 461 1832 ἐλύσατο
486 1792 653 1841 τοῦτον,
676 1787 796 1830 ἱκανοὶ
828 1786 1014 1843 ζωάγρια
1040 1788 1334 1840 καταθέμενος.
1385 1784 1598 1841 Ἀνδρόνι-

99 1858 149 1898 25
161 1871 228 1905 κος
256 1857 302 1898 δὲ
329 1854 403 1905 τὰς
440 1853 616 1904 α’πειλάς
657 1855 730 1897 τοῦ
762 1852 972 1909 Μανουὴλ
1019 1852 1187 1906 δεδιώς,
1215 1853 1288 1894 καί
1312 1852 1507 1906 πτοηθείς
1530 1849 1592 1905 μή

251 1964 283 1996 5.
309 1954 607 2002 ἐπιστατήσαντα
630 1960 670 1992 Α.
810 1959 843 1992 8.
868 1956 1087 2002 ἄντιόχειαν
1109 1957 1159 2009 Α.ἱ
1276 1966 1326 1990 12.
1355 1952 1396 1989 τό
1436 1955 1500 1998 τῆς
1525 1955 1592 2002 ἧι]

249 2006 291 2041 τὸ
317 2004 452 2041 κοντὸν
476 2010 539 2046 τῆς
566 2005 709 2058 ἡλικίας
733 2003 849 2038 αὐτοῦ
862 2004 897 2038 Β.
996 2004 1047 2047 τί..
1071 2003 1189 2044 αὐτην
1215 2002 1318 2047 ἔχειν
1345 2012 1402 2035 om
1425 2004 1466 2037 A.
1545 2013 1595 2048 ¹7·

251 2051 539 2100 ἄπεσβεσμένος]
562 2051 710 2098 ιίφανης
735 2052 776 2085 A.

163 2149 347 2184 dronicum
373 2151 410 2182 et
433 2147 480 2181 ob
505 2147 659 2180 incestos
686 2156 821 2179 amores
847 2144 996 2185 oderat,
1023 2149 1060 2178 et
1084 2154 1146 2188 spe
1161 2142 1351 2176 Armeniae
1381 2153 1597 2186 recuperan-

162 2196 228 2231 dae
256 2196 444 2228 frustratus
469 2194 764 2239 comprehensum
788 2192 940 2225 multare
954 2192 991 2224 in
1013 2191 1132 2223 animo
1158 2189 1326 2223 habehat.
1352 2189 1465 2221 mittit
1488 2189 1598 2233 igitur

160 2244 357 2287 Augustum
391 2241 663 2275 Constantinum
690 2239 944 2279 calaminum,
980 2238 1095 2271 virum
1119 2236 1304 2270 cordatum
1331 2236 1598 2280 magnanimum

163 2295 200 2322 et
220 2294 463 2330 constantem,
497 2289 559 2333 qui
585 2293 621 2320 et
644 2287 832 2320 Armeniae
872 2290 1054 2330 praeesset
1079 2289 1115 2317 et
1153 2283 1375 2328 philippam,
1401 2283 1431 2315 si
1455 2287 1598 2326 posset,

163 2336 320 2369 duceret.
345 2336 375 2368 is
405 2336 583 2380 principio
609 2334 731 2379 sponsi
763 2338 891 2366 ornatu
917 2337 1079 2375 sumpto,
1113 2331 1238 2375 itaque
1274 2335 1417 2374 paratus
1443 2334 1485 2361 ut
1511 2328 1599 2361 ada-

164 2388 295 2416 matam
316 2382 355 2415 in
378 2383 434 2415 sui
461 2393 615 2414 amorem
641 2381 846 2425 pelliceret,
883 2377 1108 2412 Antiochiam
1134 2376 1341 2420 ingreditur.
1369 2380 1509 2409 tantum
1533 2386 1599 2407 au-

163 2433 236 2462 tem
263 2429 380 2462 abfuit
410 2435 453 2462 ut
474 2429 639 2473 Philippa
666 2427 711 2460 ab
735 2426 929 2460 Andronici
955 2436 1075 2458 amore
1103 2424 1336 2464 avelleretur,
1365 2428 1406 2455 ut
1434 2421 1599 2455 Calama-

163 2486 248 2508 num
281 2487 348 2508 nec
386 2481 530 2521 aspectu
563 2486 630 2508 nec
671 2474 854 2518 colloquio
893 2471 1122 2516 dignaretur,
1162 2482 1202 2502 ac
1226 2471 1347 2515 potius
1383 2468 1599 2502 brevitatem

165 2527 322 2555 staturae
347 2523 422 2555 eius
459 2521 645 2563 irrideret3
671 2527 781 2566 atque
817 2521 934 2564 ipsum
969 2520 1222 2563 imperatorem
1246 2517 1483 2550 insectaretur
1500 2540 1509 2555 ,
1534 2514 1599 2558 qui

165 2569 287 2612 inepte
305 2574 446 2612 putaret
468 2570 601 2614 ipsam,
627 2568 794 2612 despecto
819 2566 954 2609 inclyto
980 2571 1017 2598 et
1039 2564 1264 2597 nobilissimo
1289 2562 1398 2596 heroe
1418 2561 1599 2595 Androni-

165 2625 228 2654 co,
254 2614 288 2646 ei
310 2621 500 2659 nupturam
537 2616 601 2661 qui
636 2615 787 2647 obscura
822 2612 962 2646 familia
996 2617 1094 2645 ortus
1131 2621 1248 2655 nuper
1280 2608 1472 2642 admodum
1497 2605 1600 2639 nosci

167 2660 334 2704 coeperit.
374 2661 441 2693 hoc
466 2662 520 2695 sui
559 2666 766 2706 contemptu
806 2665 842 2693 et
865 2669 985 2692 amore
1026 2657 1212 2702 philippae
1252 2668 1333 2700 erga
1356 2654 1600 2688 Andronicum

167 2706 309 2751 cognito
334 2706 482 2740 Tarsum
519 2707 689 2749 discedit3
715 2707 976 2751 commissoque
1016 2716 1095 2738 cum
1122 2704 1298 2737 Armeniis
1321 2701 1459 2747 praelio
1485 2699 1600 2731 victus

168 2759 204 2787 et
228 2757 351 2798 captur
377 2764 500 2799 magna
524 2755 677 2799 pecunia
710 2753 754 2788 ab
791 2754 1007 2798 imperatore
1045 2750 1244 2784 redimitur.
1292 2747 1515 2782 Andronicus
1538 2756 1601 2777 au-
