1838 3210
430 183 503 223 DE
541 180 795 222 MANUELE
838 181 1104 224 comNENo
1153 184 1250 225 LlB.
1285 184 1355 223 w.
1494 163 1605 236 239

165 286 291 336 σιλεῖ,
321 282 395 324 καί
425 281 582 323 τούτων
610 275 673 329 οἷς
701 279 804 322 πολι)
834 279 878 323 τὸ
909 282 1125 336 ε’πίσημον.
1155 280 1213 330 ὥς
1238 282 1286 323 δὲ
1312 279 1340 336 ἦ
1365 278 1474 329 κόνις
1501 279 1604 322 ἐλεό-

165 365 301 408 φησεν
328 345 358 403 ἧ
382 362 430 390 τε
458 344 592 400 ιῖχλύς
619 347 753 400 ἐκείνη
773 345 845 387 καί
870 345 1051 402 ιῖορασία
1081 347 1370 399 διεσκέδαστο,
1400 341 1605 388 &mahame-

163 414 214 458 τό
245 429 356 463 τινες
397 413 503 469 (φεῦ
542 412 618 452 τοῦ
645 410 872 452 ἆπευκτέου
902 410 1145 467 πράγματος
1173 414 1245 454 καί
1271 411 1500 467 ὁράματος)
1527 413 1606 459 ἕως

164 478 278 532 ἰξύος
306 479 378 521 καί
399 475 610 533 τραχήλου
639 478 936 530 συνισχημένοι
973 483 1058 525 τοῖς
1087 475 1326 529 πτώμασιν,
1355 475 1396 518 οἳ
1419 475 1492 517 καί
1514 476 1606 530 χεῖέ

125 553 242 602 5ρας
262 547 341 598 μὲν
369 542 548 590 ἱκέτιδας
585 535 744 595 ὤρεγον
784 542 858 582 καί
885 541 1098 596 σχήμασιν
1125 542 1318 591 ἐλεεινοῖς
1345 540 1419 583 καί
1444 546 1606 596 φωναῖς

165 609 312 666 γοερόν
341 604 603 663 ὖπηχούσαις
631 607 942 661 προυκαλοῦντο
961 605 1061 656 τούς
1078 607 1304 661 παριόντας
1331 608 1391 656 εἷς
1422 607 1602 661 α’ρωγὴν,

164 677 318 718 οὐδένα
347 675 393 715 δὲ
431 671 503 714 τὸν
549 667 726 724 α’μύνειν
752 669 984 724 δυνάμενον
1011 667 1124 725 εἶχον
1166 672 1266 713 οῦδὲ
1293 670 1364 714 τὸν
1388 671 1600 722 σώζοντα·

159 740 308 789 πάντες
344 737 426 794 γὰρ
473 732 535 786 οἷς
572 735 756 789 ἔπασχον
796 738 943 778 ἐκεῖνοι
973 735 1049 791 τὴν
1086 737 1242 779 οἰκείαν
1269 736 1604 792 προτυπούμενοι

160 803 411 862 συμφοράν,
458 800 529 845 τόν
555 800 653 856 περὶ
678 803 823 856 ψυχῆς
868 807 1102 856 τρέχοντες,
1134 800 1328 844 ἀκούσιοί
1348 818 1454 851 τινες
1494 797 1602 858 ἦσαν

101 892 147 918 ιο
161 867 478 924 ἄνοικτίρμονες,
508 869 582 909 καί
608 866 663 916 ὥς
689 867 846 921 τάχους
876 864 989 920 εἶχον
1016 867 1164 918 σώζειν
1188 864 1365 917 ἑαυτούς
1384 865 1598 910 ἔσπευδον.

160 934 181 978 ὅ
221 937 268 978 δὲ
310 932 510 989 βασιλεὺς
555 931 765 987 Μανουὴλ
804 930 927 974 σκιάν
962 931 1157 974 ὑπελθών
1204 934 1602 988 ιίχλαδηφοροῦντος

159 1003 332 1056 δένδρου
382 996 668 1051 α’νελάμβανεν
712 996 865 1038 ἑαυτὸν
918 999 990 1039 καί
1031 999 1251 1050 καμοῦσαν
1296 999 1486 1051 συνέλεγε
1524 997 1601 1053 τήν

158 1065 307 1121 ἰσχύν,
335 1063 394 1120 μη
439 1062 547 1118 ἔχων
585 1062 851 1117 ὑπασπιστὴν
884 1062 1205 1116 συνιστάμενον,
1255 1062 1314 1118 μὴ
1360 1060 1599 1119 δορυφόρον

157 1132 435 1185 ἐπισπόμενον
468 1131 575 1184 μηδὲ
613 1125 953 1183 σωματοφύλακα
997 1126 1268 1184 έφεπόμενον.
1330 1128 1433 1170 ἰδών
1462 1130 1508 1170 δέ
1536 1143 1599 1177 τις

99 1196 286 1244 ι5αὔτόν
319 1194 394 1238 καὶ
420 1193 625 1249 οἰκτείρας
654 1195 700 1235 ἐκ
726 1196 802 1235 τοῦ
834 1196 917 1236 τῶν
946 1193 1104 1235 ἱππέων
1132 1195 1350 1248 τάγματος,
1379 1191 1452 1235 καί
1479 1187 1598 1242 οὗτος

155 1265 237 1306 τῶν
265 1262 440 1318 ἀφανῶν
477 1261 551 1302 καί
577 1261 740 1302 πολλῶν
765 1259 1007 1312 Ῥωμαίων,
1040 1257 1270 1315 ἐφίσταταί
1299 1257 1339 1301 οἱ
1365 1256 1598 1313 προθύμως

153 1326 259 1370 κατὰ
288 1326 530 1381 προαίρεσιν
559 1327 633 1366 καί
654 1326 862 1367 διακονεῖν
895 1323 1078 1380 αἱρεῖται
1104 1322 1155 1366 u}
1186 1322 1369 1377 δυνατά,
1397 1321 1497 1366 ὅθεν
1525 1325 1599 1366 καί

153 1392 229 1449 τὴν
248 1394 396 1447 κυνέην
414 1389 592 1447 ἑτέρωσε
618 1392 876 1445 βαλλομένην
900 1390 951 1446 τῇ
977 1391 1136 1432 ἐκείνου
1173 1388 1389 1446 ἐφήρμοσε
1416 1391 1594 1447 κεφαλῇ.

151 1460 197 1501 ἐν
228 1452 261 1516 ᾧ
291 1459 338 1500 δὲ
365 1458 461 1498 καθ’
507 1453 532 1496 ὃ
561 1455 794 1510 εἰρήκειμεν
830 1455 1002 1511 δένδρον
1029 1454 1053 1496 ὅ
1079 1454 1281 1509 βασιλεῦς
1313 1451 1641 1510 ἆνεκώχευεν,Ρ,
1660 1481 1721 1506 120

89 1522 396 1577 αοέπιδραμών
429 1537 494 1571 τις
536 1523 711 1576 Πέρσης
761 1523 928 1576 ἑφεΐλκε
969 1522 1112 1563 τοῦτον
1152 1522 1230 1563 τοῦ
1264 1521 1443 1575 χαλινοῦ
1489 1521 1594 1563 κατὰ

151 1588 307 1644 πολλὴν
333 1589 411 1629 τοῦ
447 1586 704 1635 κωλύσοντος
741 1588 945 1641 ἐρημίαν·
1016 1584 1038 1628 ὃ
1068 1587 1115 1627 δὲ
1144 1584 1302 1642 πλήξας
1334 1585 1461 1628 αὐτὸν
1486 1586 1595 1629 κατὰ

152 1655 336 1711 κεφαλῆς
362 1655 420 1710 τῷ
450 1653 527 1694 τοῦ
553 1649 730 1707 δόρατος
758 1649 943 1706 τμήματι
973 1649 999 1692 ὃ
1017 1647 1129 1705 εἶχεν
1149 1649 1212 1693 ἔτι
1241 1653 1286 1693 έν
1309 1658 1401 1693 ταῖν
1430 1658 1594 1707 χεροῖν,

152 1720 212 1768 εἰς
252 1721 328 1773 γῆν
373 1717 534 1771 ἔβαλλε.
602 1720 694 1769 μετ’
730 1718 783 1756 ου’
826 1715 930 1757 πολὺ
969 1718 1010 1757 δ’
1041 1719 1175 1769 ἕτεροι
1214 1717 1387 1772 Πέρσαι
1417 1717 1596 1770 ζωγριάν

153 1783 259 1828 ἑλεῖν
298 1781 565 1838 ὀριγνώμενοι
601 1785 665 1824 ἐπ’
703 1779 830 1824 αὐτὸν
869 1783 1028 1834 ἵενται,
1065 1781 1223 1837 ῥᾳδίως
1248 1782 1296 1823 δὲ
1323 1780 1396 1823 καί
1420 1780 1596 1830 τούτους

247 1908 299 1931 ιι.
326 1892 425 1942 α’χλ]
452 1893 610 1938 δένδρου
636 1891 841 1938 ἄχλαδαίας
858 1893 897 1933 Β,
921 1890 1196 1938 α’χλαδηφόρου
1208 1892 1247 1924 Α.
1345 1894 1396 1926 13.
1418 1888 1472 1938 μὴ
1496 1891 1595 1936 ἔχων

240 1953 327 1978 «τινα
346 1943 388 1975 ἐν
401 1940 501 1974 αὐτῶ
517 1938 749 1986 ἢβάραγγον
772 1937 795 1981 ἧ
823 1938 1070 1984 παραμονήν,
1096 1931 1148 1985 μή
1177 1938 1481 1984 σωματοφύλακα
1504 1938 1594 1973 ‹1²20-

240 1990 454 2023 λουθοῦντα
480 1987 516 2019 Β.
644 1989 695 2030 ι4.
724 1985 1018 2030 ἐπισπώμενονὲ
1142 1986 1592 2030 σωματοφυλακοῦν-ταᾼ.

246 2036 296 2070 16.
324 2036 389 2068 καὶ
416 2034 565 2069 πολλῶν
586 2033 777 2080 Ῥωμαίων
801 2042 858 2064 om
883 2033 922 2064 A.
1041 2041 1095 2064 20.
1124 2031 1288 2080 ἐφεῑλκε]
1313 2031 1470 2077 ἔσυρνεν
1495 2032 1531 2064 Β.

150 2143 223 2172 tem
243 2135 350 2170 turbo
369 2135 432 2169 ille
457 2134 618 2168 discussa
643 2134 797 2179 caligine
827 2133 990 2178 quievit,
1015 2132 1199 2177 conspecti
1226 2132 1374 2178 quidam
1399 2137 1484 2165 sunt
1505 2131 1594 2175 (heu

150 2185 319 2218 miserum
343 2182 604 2229 spectaculum)
633 2192 749 2226 usque
778 2179 824 2213 ad
838 2180 980 2213 lumbos
1001 2185 1038 2213 et
1060 2180 1153 2213 cona
1182 2179 1416 2212 cadaveribus
1441 2179 1594 2211 circum-

151 2231 264 2276 septi,
288 2230 352 2275 qui
380 2229 562 2274 supplices
587 2228 787 2262 tendebant
814 2238 940 2260 manus
966 2232 1003 2260 et
1033 2231 1134 2271 gestu
1159 2226 1359 2259 miserabili
1385 2236 1425 2258 ac
1446 2225 1594 2269 lugubri

148 2287 235 2311 voce
262 2276 570 2321 praetereuntium
593 2286 700 2320 opem
726 2273 990 2318 implorabant:
1014 2273 1078 2306 sed
1103 2283 1210 2305 nemo
1236 2277 1313 2305 erat
1335 2272 1399 2317 qui
1423 2273 1592 2305 auxiliari

148 2328 280 2369 posset.
312 2334 395 2356 nam
427 2322 566 2367 quique
601 2333 701 2355 suam
740 2321 879 2354 cladem
917 2320 1063 2352 illorum
1099 2319 1273 2364 exemplis
1307 2318 1524 2359 metientes,
1552 2319 1592 2352 in

149 2371 246 2404 vitae
277 2369 439 2415 periculo
471 2368 577 2402 'haud
611 2373 740 2413 sponte
775 2366 1076 2401 immisericordes
1117 2371 1220 2399 erant
1250 2370 1287 2398 et
1321 2365 1405 2409 fuga
1438 2365 1592 2398 salutem

151 2426 324 2462 quaerere
345 2414 566 2460 satagebant.
601 2416 796 2460 imperator
831 2425 916 2447 vero
941 2413 1007 2446 sub
1036 2413 1117 2458 pyri
1143 2411 1326 2456 sylvestris
1348 2411 1475 2444 umbra
1496 2412 1590 2445 vires

153 2463 343 2496 exhaustas
367 2461 589 2507 recipiebat,
618 2462 696 2495 sine
720 2461 918 2506 armiger-0,
944 2460 1022 2493 sine
1046 2459 1226 2500 satellite,
1251 2459 1329 2491 sine
1360 2458 1510 2492 custode
1534 2458 1592 2490 ul-

152 2509 200 2543 lo.
224 2508 288 2542 sed
325 2509 472 2553 quidam
508 2510 688 2554 gregarius
723 2518 834 2553 eques
876 2507 952 2540 eius
975 2507 1140 2540 misertus
1176 2506 1273 2539 ultro
1298 2504 1457 2545 accedit,
1483 2505 1591 2549 eique

152 2565 218 2600 pro
240 2555 338 2587 virili
359 2555 563 2589 ministrare
588 2556 729 2596 studet,
755 2560 792 2588 et
815 2553 951 2598 galeam
976 2553 1047 2586 huc
1070 2559 1179 2598 atque
1210 2552 1300 2585 illuc
1322 2551 1509 2585 cadentem
1532 2562 1594 2583 ca-

151 2601 222 2646 piti
251 2601 403 2645 reponit.
440 2602 579 2636 interea
605 2603 710 2636 Persa
735 2601 884 2647 quidam
908 2601 1082 2641 accurrit,
1119 2605 1156 2632 et
1178 2599 1281 2632 freno
1306 2598 1483 2644 prehenso
1509 2607 1591 2629 eum

153 2646 361 2681 abstrahere
393 2648 534 2690 studet,
572 2649 671 2693 quod
693 2659 799 2682 nemo
819 2653 897 2681 erat
932 2647 996 2692 qui
1022 2647 1224 2680 obsisteret.
1248 2644 1313 2678 sed
1336 2655 1418 2678 sum
1443 2643 1592 2676 Manuel

152 2695 309 2738 impacto
333 2693 373 2726 in
398 2700 506 2739 caput
537 2694 662 2729 hastae
685 2695 882 2740 fragmine,
914 2693 1014 2739 quod
1053 2693 1172 2727 adhuc
1203 2691 1382 2736 reliquum
1405 2688 1590 2730 habebat,
1650 2691 1651 2694 ’

153 2739 253 2774 humi
275 2740 489 2786 prostravit.
523 2742 634 2788 paulo
668 2747 752 2789 post
788 2741 898 2775 etiam
934 2739 999 2773 alii
1021 2740 1150 2775 Persae
1187 2742 1394 2778 aecurrunt,
1420 2736 1485 2782 qui
1508 2746 1590 2769 eum
