1878 3230
280 187 392 242 856
715 202 936 245 N1cETAs
977 201 1252 245 CHONiATA

275 306 351 347 θὲν
376 305 419 346 ἑν
446 302 636 354 θαύματι
664 298 824 354 ἔθεντο,
855 304 936 344 τῶν
968 303 1014 343 δὲ
1050 301 1331 356 νεκροταφίων
1370 300 1573 353 οὕμενοῧν
1612 302 1700 344 οὐδ’

276 366 379 415 ὅλως
408 369 646 419 ἀπέσχοντο.
704 365 812 408 ἔστιν
843 361 916 407 οὖν
943 369 1073 408 εἰπεῖν
1108 365 1166 414 ὥς
1194 360 1288 406 οὔτε
1315 365 1399 407 τῶν
1436 363 1498 408 ἔτι
1540 364 1704 416 ζώντων

275 429 370 473 οὔτε
395 430 480 485 μὴν
511 432 592 472 τῶν
632 427 896 473 ἀπελθόντων
927 430 965 473 οἱ
1003 433 1047 472 ἐκ
1078 431 1208 484 γενῶν
1234 431 1317 471 τῶν
1353 427 1555 484 ἑσπερίων
1589 432 1704 486 ἐφεί-

274 511 424 546 σαντο,
463 497 551 537 ἀλλ’
581 499 626 537 ἐκ
665 498 770 536 θεοῦ
797 495 869 537 καί
904 498 987 552 τῶν
1015 496 1150 537 αὐτοῦ
1174 493 1439 549 θεραπόντων
1478 493 1703 549 α’ρξάμενοι

272 563 411 602 πᾶσαν
440 563 509 602 ἑπί
542 563 668 602 πᾶσιν
707 560 960 615 α’διαφοριάν
997 576 1040 603 τε
1080 561 1152 601 καί
1193 561 1386 613 ἀσέβειαν
1430 561 1739 610 ἑπεδει’ξαντο.5

272 629 364 677 μετ’
386 621 434 665 οὗ
464 625 568 666 πολύ
599 626 645 666 δὲ
674 628 915 666 κατασπῶσι
942 624 1014 666 καὶ
1039 623 1085 666 τὸ
1118 626 1192 666 τοῦ
1225 624 1420 678 μεγίστου
1452 624 1529 666 νεώ
1573 641 1702 666 κατα-

273 692 465 741 πέτασμα
495 690 553 738 εἷς
580 692 736 743 μυρίας
767 689 961 739 πολλάκις
997 688 1180 745 α’ργύρου
1219 691 1326 742 μνᾶς
1371 689 1701 744 ἀριθμούμενον,

272 757 346 795 καί
368 752 510 796 τούτου
543 755 820 810 ὀβρυζοτέρου
847 754 1024 809 παντός,
1056 754 1129 796 καὶ
1155 756 1213 804 εἰς
1239 754 1372 808 βάθος
1397 756 1545 811 χρυσῷ
1570 770 1702 798 πυκα-

273 817 449 872 ζόμενον.

381 888 418 930 3,
470 884 584 927 Ἐπεὶ
610 887 655 926 δὲ
680 884 906 940 χρημάτων
932 885 1006 927 καί
1041 881 1171 935 οὕτως
1207 884 1428 936 ἐσπάνιζον
1464 885 1583 939 (ου’δὲ
1622 883 1701 941 γὰρ
1720 904 1768 931 10

275 952 577 1005 φιλοπλουτίας
605 948 727 1004 κόρον
757 948 874 1004 ὁτεδῆ
906 949 952 991 τὸ
983 948 1196 1006 βάρβαρον
1228 949 1368 1005 ἴσησι,
1403 956 1489 998 τοῖς
1533 954 1706 1004 χαλκοῖς

273 1016 658 1069 ἑποφθαλμίζουσιν
691 1013 907 1069 ἀνδριᾶσι,
941 1014 1014 1056 καί
1055 1014 1340 1069 παραδιδόασι
1378 1014 1548 1064 τούτους
1587 1014 1704 1070 πύρί.

271 1076 298 1131 ἦ
326 1092 370 1119 τε
401 1074 474 1119 οὖν
503 1080 545 1120 ἐν
578 1082 630 1135 τῇ
660 1080 998 1136 Κωνσταντινεάρ
1033 1081 1166 1136 α’γορᾷ
1207 1078 1405 1134 ἱσταμένη
1447 1078 1704 1133 πολύχαλκος

265 1140 379 1196 ἽΙρα
412 1146 604 1185 κέκοπται
633 1146 691 1193 εἰς
713 1146 926 1198 στατῆρας
953 1145 1026 1185 καί
1049 1146 1204 1201 χωνείᾳ
1242 1146 1553 1200 παραδέδοται,
1595 1140 1648 1200 ἧς
1675 1143 1703 1199 ἦ

274 1207 432 1263 κεφαλή
462 1209 580 1262 μόγις
606 1211 773 1263 τέτρασι
797 1211 906 1261 βοῶν
935 1208 1185 1263 ὑποτρόχοις
1215 1208 1443 1262 ζεύγμασιν
1469 1209 1528 1257 εἰς
1554 1208 1600 1250 τὸ
1627 1210 1703 1262 μὲ-
1720 1214 1768 1256 ¹5

272 1288 325 1325 γα
347 1273 549 1331 παλοὲτιον
577 1271 920 1325 ἅποκεκόμισται·
976 1273 1048 1315 καί
1072 1275 1134 1314 ἐπ’
1161 1275 1267 1329 αὐτῇ
1296 1273 1319 1314 ὅ
1341 1275 1485 1328 Πάρις
1510 1273 1705 1324 Ἀλέξαν-

276 1339 370 1388 δρος
403 1338 476 1389 τῆς
505 1334 669 1389 βάσεως
698 1338 1012 1393 ἀνατέτραπται,
1042 1336 1247 1386 συνεστώς
1267 1338 1495 1395 Ἀφροδίτῃ
1525 1338 1598 1380 καί
1611 1354 1704 1392 χει·-

275 1402 399 1456 ρίζων
426 1401 554 1456 ταύτῃ
582 1401 625 1442 τὸ
658 1402 840 1456 χρύσεον
872 1406 1002 1456 μῆλον
1030 1405 1102 1458 τῆς
1115 1397 1291 1456 Ἔριδος.

384 1467 425 1518 4.
489 1465 543 1507 Τὸ
575 1467 621 1507 δέ
647 1482 692 1519 γε
712 1464 1013 1522 τετράπλευρον
1039 1470 1222 1520 χαλκοῦν
1247 1467 1474 1522 μηχάνημα
1497 1470 1705 1523 μετέωρον

280 1533 503 1585 α’ναβαῖνον
538 1533 611 1572 καί
638 1532 790 1586 μικροῦ
827 1537 915 1580 τοῖς
956 1533 1040 1573 τῶν
1077 1530 1223 1573 κιόνων
1267 1533 1454 1584 μείζοσιν
1493 1534 1553 1582 εἰς
1593 1531 1705 1587 ὕψος
1717 1552 1768 1578 20

369 1673 401 1706 8.
425 1671 560 1704 τούτου
589 1669 830 1714 σ’βρυζοτέρου
855 1668 1099 1703 Lachmannus
1127 1680 1191 1714 pro
1217 1669 1289 1702 illis
1316 1668 1476 1702 codicum
1507 1669 1616 1703 τοῦτο
1643 1670 1706 1703 εὕ-

371 1718 587 1763 ροιζότερον
610 1717 668 1749 vel
693 1716 962 1762 εὔροὶζότερον.
1061 1717 1111 1759 14.
1136 1714 1390 1758 παραδέδοται
1413 1714 1619 1748 Wilkenus:
1644 1727 1705 1748 co-

372 1764 467 1796 dices
493 1762 754 1807 παραδίδοτοιι.
861 1764 910 1797 16.
933 1762 1015 1796 vide
1037 1762 1214 1805 Heynium
1238 1761 1281 1794 de
1306 1762 1442 1806 priscae
1474 1762 1558 1794 artis
1585 1762 1704 1806 operi—

370 1810 438 1845 bus
453 1835 462 1850 ,
487 1820 577 1854 quae
603 1809 706 1852 Cpoli
730 1810 890 1842 extitisse
916 1814 1174 1849 memorantur,
1199 1808 1237 1841 in
1261 1808 1492 1841 Commentat.
1518 1807 1593 1840 Soc.
1619 1809 1704 1852 Reg.

372 1856 503 1888 Scient.
528 1856 687 1898 Gotting.
711 1867 741 1890 a.
774 1863 852 1900 ¹791
886 1861 921 1887 et
950 1865 1046 1900 1792,
1073 1854 1143 1889 vol.
1168 1854 1235 1896 XI,
1263 1854 1381 1887 classis
1406 1854 1489 1888 hist.
1516 1859 1553 1887 et
1574 1853 1701 1899 philol.

371 1913 406 1946 p.
436 1904 489 1937 26.
516 1902 633 1937 me.
715 1914 780 1946 ,¹9·
807 1910 853 1946 γε
878 1900 950 1934 add
973 1901 1015 1935 G.

281 2012 491 2045 inviolatum
519 2016 782 2056 permanserat,
812 2011 976 2045 admirati
996 2011 1142 2057 quidem
1163 2016 1267 2052 sunt,
1291 2022 1411 2044 verum
1440 2022 1460 2043 a
1493 2010 1705 2055 sepulcrali-

281 2058 348 2091 hus
373 2059 588 2091 ornamentis
615 2059 762 2092 minime
784 2057 1044 2092 abstinuerunt.
1071 2070 1111 2091 ac
1130 2068 1212 2091 vere
1239 2057 1377 2090 dicatur
1390 2056 1635 2090 Occidentales
1658 2058 1706 2089 il-

280 2105 334 2136 los
364 2116 429 2136 nec
456 2105 544 2138 vivis
578 2116 644 2137 nec
678 2104 854 2138 defunctis
879 2105 1102 2150 pepercisse,
1124 2104 1187 2137 sed
1223 2115 1243 2136 a
1275 2104 1342 2137 deo
1380 2105 1527 2148 eiusque
1561 2102 1702 2136 famulis

281 2161 377 2182 orsos
404 2151 480 2182 sine
510 2151 585 2182 ullo
615 2151 819 2184 discrimine
851 2152 990 2184 nullum
1017 2162 1090 2183 non
1122 2151 1315 2195 impietatis
1349 2161 1458 2193 genus
1485 2148 1702 2184 exhibuisse.

279 2207 345 2227 nec
371 2197 418 2227 ita
450 2197 562 2228 multo
592 2203 674 2240 post
708 2198 855 2230 Maximi
883 2198 1007 2241 templi
1043 2197 1162 2231 velum
1191 2197 1418 2241 discerpunt,
1455 2194 1552 2240 quod
1579 2195 1700 2227 multis

277 2242 421 2274 miiihus
445 2243 582 2284 argenti
602 2244 748 2287 eiusque
771 2244 954 2287 purissimi
975 2244 1149 2276 minarum
1172 2244 1394 2276 aestimatum
1418 2242 1544 2282 fuerat,
1566 2241 1701 2285 quippe

279 2290 334 2320 cui
362 2288 512 2323 multum
542 2290 617 2320 auri
641 2290 871 2322 intertextum
894 2295 980 2322 erat.

369 2335 400 2367 3.
449 2333 543 2378 Quia
566 2345 666 2375 vero,
698 2334 786 2367 haec
817 2337 972 2382 quamvis
1001 2336 1185 2376 fecissent,
1219 2335 1372 2380 pecunia
1399 2334 1591 2366 etiamnum
1619 2343 1702 2377 ege-

276 2381 366 2414 bant
389 2380 496 2425 (nihil
520 2380 611 2412 enim
640 2392 794 2424 unquam
829 2387 948 2424 potest
981 2382 1210 2414 barbarorum
1244 2381 1423 2413 avaritiam
1460 2380 1622 2426 satiare),
1653 2379 1716 2412 ad*

277 2438 404 2460 aeneas
441 2431 573 2458 statuas
613 2427 766 2459 animum
803 2427 1009 2459 adiecerunt
1039 2429 1186 2471 ignique
1217 2427 1308 2471 ipsas
1340 2425 1576 2462 tradiderunt.
1609 2426 1698 2458 Iuno

276 2475 399 2517 itaque
422 2473 485 2505 illa
509 2472 646 2516 ingenti
671 2473 758 2505 aeris
781 2473 957 2516 pondere,
986 2484 1077 2516 quae
1101 2474 1138 2505 in
1163 2472 1455 2505 Constantiniano
1480 2472 1557 2504 foro
1583 2477 1700 2504 erecta

277 2526 370 2558 erat,
396 2520 432 2551 in
460 2518 571 2551 frusta
596 2519 734 2551 concisa
761 2519 799 2550 in
832 2519 1010 2551 fornacem
1038 2519 1220 2551 fundenda
1243 2518 1420 2558 traditur,
1456 2518 1555 2550 cuius
1591 2522 1700 2562 caput

272 2566 331 2597 vix
356 2571 508 2609 quatuor
532 2564 639 2596 houm
666 2565 753 2608 iugis
774 2565 893 2608 potuit
917 2566 953 2597 in
978 2576 1139 2608 magnum
1154 2565 1324 2596 Palatium
1344 2564 1526 2608 asportari.
1553 2564 1699 2608 insuper

273 2612 369 2643 Paris
394 2610 596 2644 Alexander
620 2622 663 2643 ex
690 2611 767 2644 basi
794 2622 856 2643 sua
882 2611 1039 2645 deiectus
1062 2616 1126 2651 est,
1146 2612 1207 2656 qui
1230 2611 1359 2643 Veneri
1386 2611 1528 2643 adstans
1551 2618 1696 2643 aureum

271 2658 341 2703 ipsi
367 2657 574 2689 Discordiae
602 2669 742 2701 pomum
768 2667 874 2689 manu
899 2657 1112 2702 porrigebat.

364 2704 395 2747 4.
444 2704 544 2735 Illam
568 2715 650 2737 vero
675 2702 881 2749 quadratam
907 2703 1124 2743 machinam,
1148 2713 1239 2747 quae
1263 2703 1300 2735 in
1326 2703 1435 2735 altuni
1459 2703 1507 2735 ita
1526 2707 1604 2735 etat
1627 2701 1692 2735 de-

273 2748 375 2784 ducta
403 2755 442 2782 ut
470 2751 682 2795 proceritatc
717 2761 794 2783 cuin
826 2750 1003 2784 altissimis
1034 2750 1235 2795 quibusque
1271 2750 1464 2789 columnis,
1497 2759 1588 2793 quae
1626 2758 1691 2794 per
