1878 3230
423 160 493 200 m:
530 154 852 201 ANDRomco
891 151 1152 198 commo
1188 154 1289 195 Lm.
1330 156 1365 195 1.
1520 133 1633 208 379

201 258 285 313 γάρ
314 253 585 312 ὑφορώμενος
611 257 683 298 αἐἰ
706 252 753 297 τὸ
785 255 892 297 ι’ὥτα
921 250 979 302 ὥς
1015 251 1090 307 τήν
1123 253 1259 294 αὐτοῦ’
1289 251 1532 306 παραλῦσον
1557 251 1678 305 (ἔρ-ο

202 322 304 379 χήν)
336 320 472 377 ἐζήτει
499 320 655 377 τρόπον
683 322 735 362 δι’
763 315 815 360 οὗ
846 316 900 360 ἂν
925 320 1150 374 συλληφθῇ
1173 315 1376 366 ’[σαάκιος
1409 316 1484 357 καί
1519 330 1636 369 γενη-

205 391 267 446 θῇ
295 389 339 438 ἐξ
360 384 593 442 ἀνθρώπων
619 384 641 427 ὗ
671 387 810 442 ἐκείνῳ
835 383 1116 438 προσδόκιμος
1142 379 1328 437 ὄλεθρος·
1376 381 1528 423 ἐδεδίει
1553 379 1635 434 γάρ

205 452 352 508 μήπως
384 452 615 507 Κυπρόθεν
656 448 944 498 καταπλεύσας
982 452 1154 489 καθελεῖ
1185 450 1329 489 τοῦτον
1365 448 1438 501 τῆς
1477 447 1638 501 ἀρχῆς,

169 517 330 568 5εἷδιὸς
357 516 414 566 ὥς
443 514 634 570 ἀσμένως
663 510 1022 571 προσδεχθὴσεται
1059 511 1175 568 παρὰ
1207 510 1394 565 πάντων,
1438 511 1533 553 ἐπεὶ
1568 512 1642 552 καί

205 583 254 626 τὸ
283 583 428 638 πόρρω
453 579 582 624 κακόν
607 582 683 623 τοῦ
708 581 753 621 ἒν
779 578 925 633 χερσῖν
954 575 1210 631 ἀλυπότερον
1220 610 1232 629 ,
1261 576 1334 618 καὶ
1357 578 1435 619 τοῦ
1469 577 1639 629 θλίβον-

204 664 273 697 τος
310 644 410 703 ἄρτι
446 644 702 702 κουφότερον
737 642 781 686 τό
823 642 1090 695 ἐλπιζόμενον
1128 644 1361 696 χείριστον·
1417 641 1641 695 α’γαπητῶς

204 712 287 769 γάρ
317 711 662 767 παρακερδαίνειν
680 711 872 763 ἐοίκαμεν
900 704 1118 764 ἅνθρωποι
1146 706 1220 749 καί
1243 706 1318 761 τήν
1342 709 1547 762 βραχεῖαν
1566 705 1642 747 τοῦ

207 779 432 833 ἀλγοῦντος
461 772 615 820 ἄνεσιν.

149 859 195 886 ιο
315 844 354 886 6.
407 841 489 896 ,Μή
518 839 628 895 ἔχων
667 841 704 881 δ’
746 835 858 887 ὅπως
886 836 957 880 τόν
986 837 1146 880 α’πόντα
1182 838 1340 892 ἐχθρόν
1371 836 1644 892 χειρώσεται,

206 909 279 951 ἑπί
307 906 403 956 τούς
429 904 550 960 ἐγγὺς
575 907 719 960 τρέπει
747 902 821 945 τόν
845 901 1002 956 θυμόν,
1030 900 1183 944 ταύτόν
1208 920 1248 945 τι
1279 904 1390 957 δρῶν
1418 901 1443 943 ὃ
1470 903 1544 943 καί
1571 900 1645 942 κό-

204 989 274 1023 νες
301 970 499 1020 πολλάκις
524 976 658 1012 ποιεῖν
684 969 884 1011 εἰώθασι·
942 970 1021 1010 τοῦ
1049 967 1130 1022 γάρ
1158 968 1379 1020 βάλλοντος
1407 967 1642 1023 α’φιστάμε-
1656 977 1689 1010 D

206 1053 271 1081 νοι
307 1039 455 1080 τοῦτον
489 1037 567 1090 μὲν
610 1033 842 1088 ἆμύνονται
881 1031 1082 1086 ὑλακαῖς,
1122 1034 1182 1089 τῷ
1218 1034 1257 1074 δ’
1301 1033 1504 1088 α’φεθέντι
1539 1031 1644 1088 λίθῳ

206 1101 307 1152 τούς
336 1099 510 1149 ὀδόντας
549 1101 857 1155 ε’γχρίπτουσιν.
914 1095 1062 1152 ἀμέλει
1101 1099 1176 1140 καί
1215 1095 1298 1138 ὖπὸ
1340 1099 1478 1151 κρίσιν
1516 1092 1646 1151 ἤγαγε

149 1169 282 1211 ιότὸν
309 1182 356 1209 τε
382 1170 499 1209 θεῖον
524 1166 733 1209 Ἰσαακίου
770 1162 842 1206 τόν
868 1162 1165 1218 μακροδούκαν
1188 1165 1532 1214 Κωνοταντῖνον,
1575 1162 1650 1203 καί

207 1233 280 1276 τὸν
300 1229 469 1276 Δοόκαν
486 1227 772 1284 Ἀνδρόνικον,
802 1231 847 1271 οἳ
866 1230 1080 1280 ξυνέθεντο
1108 1229 1168 1282 μὴ
1197 1231 1368 1283 α’χρεΐον
1394 1222 1646 1283 Ἀνδρονίκῳ

209 1297 260 1342 τὰ
291 1299 335 1346 ἐς
365 1298 506 1339 πίστιν
534 1296 726 1351 ὀφθῆναι
764 1293 837 1337 τόν
857 1292 1064 1336 Ἰσαάκιον
1091 1295 1274 1336 λυθέντα
1313 1291 1388 1334 καὶ
1423 1289 1529 1347 πρὸς
1570 1289 1648 1345 τήν

209 1361 394 1416 πατρίδα
423 1358 772 1411 ἑπαναζεύξαντα.
826 1361 920 1413 μετ’
958 1359 1008 1400 οὐ
1038 1358 1195 1408 πολλάς
1222 1359 1262 1400 δ’
1289 1357 1450 1412 ἡμέρας
1476 1355 1548 1397 καί
1573 1370 1648 1396 κα-

210 1428 464 1470 &vendosam
501 1425 539 1467 οἱ
578 1421 727 1481 ἄνδρες
771 1423 1024 1479 ὑπάγονται,
1067 1422 1215 1479 καίπερ
1259 1423 1340 1465 τῶν
1374 1424 1447 1477 τῆς
1479 1422 1649 1476 μερίδος

148 1509 199 1536 20
211 1489 326 1542 ὄντες
351 1492 613 1547 Ἀνδρονίκου
643 1489 682 1533 οἱ
709 1491 799 1545 μέγ’
837 1489 973 1544 ἔξοχοι
1005 1488 1167 1532 πάντων
1193 1488 1267 1531 καί
1292 1490 1368 1543 τῆς
1393 1485 1584 1542 ἑταιρίας
1612 1483 1651 1528 οἶ

211 1556 448 1613 κράτιστοι,
477 1555 560 1610 εἴγε
589 1553 611 1596 ὅ
638 1557 717 1609 μὲν
745 1555 1079 1609 Μακροδούκας,
1107 1554 1224 1603 ἐκτός
1249 1555 1330 1596 τῶν
1357 1549 1494 1595 ἄλλων
1530 1555 1651 1607 φιλο-

215 1623 438 1680 φροσυναῖν
465 1617 532 1671 αἶς
560 1623 767 1674 ἐπιμελῶς
792 1619 1051 1676 Ἀνδρόνικον
1077 1619 1335 1675 ἐθεράπευε,
1381 1618 1455 1660 καί
1485 1617 1653 1671 ἀδελφῇ

213 1689 288 1743 τῆς
315 1684 539 1742 Θεοδώρας
567 1684 673 1727 κατά
696 1684 929 1742 συνάφειαν
957 1682 1187 1741 συνήρχετο
1216 1683 1420 1739 γαμικήν,
1447 1681 1500 1737 ἢν
1528 1682 1550 1723 ὁ
1583 1679 1653 1722 λό-

312 1798 340 1821 ι.
364 1784 434 1828 τήν
458 1785 590 1833 αὐτοῦ]
616 1786 680 1825 τῆς
706 1786 825 1830 α’ρχῆς
852 1779 969 1820 αὐτὸν
999 1785 1220 1829 παραλῦσον
1245 1785 1284 1817 Α.
1311 1782 1357 1825 ἦν
1381 1781 1458 1827 γάρ
1483 1789 1654 1827 χρησμο-

306 1832 515 1875 δοτημένον
539 1831 587 1869 ὥς
609 1826 651 1866 τό
678 1833 770 1865 ἰῶτα
793 1831 860 1873 τὴν
895 1830 1012 1865 αὐτοῦ
1045 1831 1250 1865 καταλύσει
1272 1830 1469 1873 βασιλείαν
1493 1828 1529 1860 Β.

296 1875 443 1925 αρχῆς]
470 1878 692 1923 τυραννίδος
709 1879 750 1912 Α.
820 1890 852 1923 7.
877 1880 941 1911 καὶ
963 1880 1158 1922 χείριστον
1186 1875 1230 1910 ὄν
1252 1878 1292 1910 Α.
1368 1886 1418 1909 ιι.
1443 1874 1600 1920 ἔγγιστα
1614 1851 1653 1905 A:

316 1927 367 1960 ιδ.
393 1923 470 1972 'lo-1
497 1925 643 1959 ἐκείνου
666 1926 707 1959 Α.
827 1936 877 1970 ¹9·
902 1924 942 1959 οἱ
965 1923 1113 1970 ἄνδρες]
1136 1915 1243 1957 οὗτοι
1259 1924 1300 1956 Α.

219 2015 321 2049 nullo
345 2013 509 2048 cohiberi
534 2014 641 2047 modo
666 2015 805 2059 potuit:
845 2014 910 2047 sed
935 2014 1021 2059 quia
1044 2014 1082 2047 id
1107 2018 1250 2060 praesto
1279 2022 1357 2046 esse
1383 2011 1533 2044 videbat
1555 2011 1654 2055 quod

220 2063 307 2094 olim
333 2060 543 2094 formidarat
577 2060 731 2106 (semper
770 2061 866 2094 enim
890 2062 1048 2094 litteram
1080 2062 1097 2094 I
1119 2066 1160 2094 ut
1187 2059 1329 2104 imperii
1354 2061 1409 2091 sui
1435 2058 1655 2091 eversionem

217 2113 422 2152 suspectam
457 2106 670 2153 habuerat),
697 2107 876 2151 principio
913 2106 1111 2152 quaerebat
1134 2118 1205 2151 qua
1234 2107 1374 2138 ratione
1401 2102 1658 2149 comprehendi

220 2159 343 2199 posset
368 2154 545 2194 Isaacius,
571 2159 608 2186 et
633 2153 716 2187 tolli
749 2165 768 2186 e
792 2154 911 2186 medio
936 2155 965 2186 is
1001 2165 1021 2186 a
1047 2164 1119 2198 quo
1142 2152 1290 2185 exitium
1318 2152 1532 2184 immineret.
1556 2161 1660 2183 vere-

220 2200 328 2233 batur
354 2200 448 2232 enim
468 2210 514 2232 ne
539 2199 654 2244 Cypro
700 2199 868 2233 advectus
894 2205 931 2233 et
953 2201 1119 2233 alacriter
1141 2204 1327 2243 susceptus
1352 2198 1397 2230 ab
1424 2197 1592 2230 omnibus
1620 2206 1658 2228 se

221 2247 427 2291 principatu
461 2246 680 2279 deturbaret.
706 2252 842 2279 remota
875 2247 970 2280 enim
1007 2246 1102 2279 mala
1126 2246 1244 2278 minus
1267 2245 1420 2277 molesta
1444 2248 1528 2276 sunt
1551 2254 1659 2287 quam

222 2293 446 2337 propinqua3
472 2297 509 2325 et
533 2292 632 2336 quod
659 2298 889 2336 expectatur,
915 2293 983 2326 etsi
1007 2293 1200 2337 pessimum
1229 2291 1356 2331 suerit,
1381 2290 1497 2323 levius
1523 2300 1566 2322 eo
1591 2288 1659 2320 du-

224 2339 317 2371 citur
344 2338 444 2383 quod
466 2344 569 2382 urget
592 2339 630 2372 in
656 2340 872 2382 praesentia.
899 2339 938 2372 id
964 2340 1059 2372 enim
1084 2344 1139 2371 est
1160 2337 1366 2371 mortalium
1389 2335 1594 2380 ingenium,
1619 2338 1660 2367 ut

224 2386 390 2429 exiguum
420 2384 554 2417 doloris
579 2385 742 2418 levamen
767 2386 805 2418 in
830 2386 929 2419 lucro
964 2385 1188 2429 deputemus.

316 2433 349 2464 6,
374 2430 446 2463 Sed
462 2443 541 2463 cum
556 2431 695 2464 hostem
710 2431 894 2465 absentem
908 2433 946 2464 in
961 2437 1176 2476 potestatem
1193 2441 1292 2463 suam
1312 2428 1474 2472 redigere
1486 2438 1560 2459 non
1576 2436 1660 2470 pos-

225 2481 292 2516 set,
306 2477 357 2508 ira
370 2477 408 2509 in
422 2478 498 2509 eius
511 2478 733 2522 propinquos
750 2489 931 2518 conversa,
949 2489 1054 2510 canes
1068 2478 1229 2511 imitatus
1242 2476 1305 2520 qui
1321 2475 1501 2507 hominem
1515 2473 1660 2504 allatra-

228 2532 265 2553 re
287 2524 447 2556 contenti
474 2524 631 2568 lapidem
650 2524 695 2556 ab
723 2535 766 2556 eo
781 2525 980 2557 coniectum
1000 2524 1179 2557 mordicus
1197 2522 1386 2566 arripiunt,
1410 2518 1659 2553 Macroducam

227 2567 502 2601 Constantinum
518 2576 554 2602 et
566 2570 700 2602 Ducam
711 2570 954 2604 Andronicum
971 2572 1007 2603 in
1026 2571 1082 2603 ius
1094 2575 1209 2611 vocat3
1223 2569 1287 2613 qui
1301 2568 1550 2600 confirmarant
1564 2565 1659 2595 Isaa-

230 2613 336 2652 cium,
354 2614 383 2646 si
398 2614 601 2659 redemptus
618 2617 655 2648 in
670 2617 822 2661 patriam
840 2617 985 2657 rediret,
1000 2617 1142 2649 fidelem
1162 2621 1198 2649 et
1214 2615 1341 2647 utilem
1354 2614 1410 2646 illi
1434 2621 1578 2655 operam
1595 2620 1661 2641 na-

231 2663 404 2693 vaturum.
413 2662 535 2703 paucis
548 2661 675 2694 diebus
688 2669 771 2707 post
782 2663 981 2696 maiestatis
994 2664 1045 2696 rei
1059 2664 1160 2703 fiunt,
1171 2661 1332 2706 quamvis
1345 2658 1523 2704 principes
1533 2655 1660 2687 factio-

231 2704 288 2739 nis
301 2703 494 2740 Andronici
511 2713 547 2742 et
564 2709 692 2742 summi
707 2709 811 2742 amici
828 2710 923 2743 eius:
939 2720 1018 2743 nam
1034 2707 1265 2744 Macroducas
1278 2710 1419 2751 praeter
1434 2707 1573 2736 caetera
1585 2700 1661 2735 ossi-
