1838 3210
431 166 501 205 m:
539 165 791 206 MANIAELE
830 166 1088 208 commo
1129 168 1225 210 Lm.
1268 169 1301 206 1.
1511 149 1583 220 93

153 262 407 319 προσβολήν,
453 262 509 313 ὥς
547 266 828 317 πεποίθαμεν,
870 261 977 306 ἀλλὰ
1018 264 1178 308 πάντων
1223 265 1486 308 ἐνδωσόντων
1515 268 1588 307 καί

151 327 258 384 πρὸς
285 328 359 384 τὴν
400 330 565 384 πρώτην
609 327 757 384 ὅρμήν.
822 330 863 371 εἰ
882 331 945 382 δ’,
986 327 1087 385 ὅπερ
1129 333 1280 386 α’πειή,
1314 331 1585 383 πεσούμεθα,

150 393 279 436 καλὸν
306 394 503 451 ἐντάφιον
529 393 576 437 τὸ
603 392 711 449 ὖπὲρ
740 396 932 448 Χριστοῦ
965 399 1176 439 τελευτᾶν.
1244 398 1405 451 βαλέτω
1431 411 1485 449 με
1517 412 1586 439 το-

153 457 275 514 ξότης
301 462 474 515 Πέρσης
499 457 605 514 ὗπὲρ
628 461 843 515 Χριστοῦ·
874 461 1148 516 α’φυπνωτὲον
1165 464 1255 515 μετ’
1275 463 1454 504 ἐλπίδων
1479 479 1585 517 χρη-

112 528 358 580 5στοτέρων
383 526 443 574 εἰς
479 525 691 578 θάνατον,
732 525 805 566 καί
831 522 910 567 ὅσα
956 525 1140 580 ὀχήματι
1167 529 1226 585 τῷ
1247 530 1361 581 βέλει
1384 531 1588 583 χρηστέον

147 590 255 645 πρὸς
280 590 358 645 τήν
384 592 471 632 ἐκεῖ
503 588 790 644 κατάπαυσιν,
836 590 942 633 α’λλά
971 591 1028 646 μή
1064 592 1247 641 θάνατος
1273 595 1587 648 προαρπασάτω

147 654 251 704 ἴσως
280 654 432 710 α’κλεὴς
462 657 536 698 καί
576 655 830 711 ἑφάμαρτος.
899 652 982 712 ἤδη
1009 659 1110 699 ποτὲ
1146 659 1363 710 τισοὸμεθα
1392 658 1586 711 τούτους,

148 714 208 762 ὧν
235 721 273 762 οὶ
309 723 408 762 καθ’
449 716 552 773 αἷμά
583 737 627 762 τε
667 723 742 763 καί
766 721 983 775 ὃμόπιστοι
1012 724 1114 765 ποσί
1141 725 1414 778 κεχραμένοις
1441 722 1498 773 ὥς
1528 726 1588 772 εἰς

145 785 286 828 κοινόν
324 784 622 841 εἰσεληλύθασι
665 787 791 829 τόπον
814 786 886 830 τὸν
915 785 1055 841 ἱερόν,
1084 789 1130 830 ἐν
1152 781 1188 846 ᾧ
1219 794 1379 844 νεκροῖς
1405 788 1588 844 ὁμόσκη-

87 869 134 897 xo
145 866 214 900 νος
240 853 403 906 γέγονεν
443 849 465 893 ὁ
493 846 721 906 σῦνχρονος
759 851 891 908 πατρὶ
914 852 989 895 καί
1015 852 1261 908 ὅμόθρονος.
1315 854 1436 909 ἡμεῖς
1462 856 1589 908 ἐσμὲν

146 915 186 960 οἶ
211 915 387 959 δυνατοὶ
409 916 483 959 καί
510 917 805 971 διεσπασμένοι
829 915 979 969 πάντες
1004 916 1238 975 ῥομφαίαν,
1266 921 1340 961 καί
1364 917 1421 970 ὥς
1447 922 1588 974 κλίνην

143 984 405 1038 περιέποντες
435 984 737 1036 Σολομῶντειον
760 982 831 1026 τὸν
862 982 1072 1038 ζωοδόχον
1095 983 1232 1041 τάφον
1264 987 1337 1027 καί
1361 986 1623 1040 &sodium-B

142 1064 210 1091 να.
237 1047 337 1097 τούς
363 1049 409 1090 ἐκ
436 1049 509 1102 τῆς
527 1044 664 1104 ’Ἅγαρ
703 1050 841 1092 τοίνυν
865 1051 938 1104 τῆς
967 1051 1159 1099 δουλίδος
1185 1050 1373 1093 ἐκποδών
1400 1049 1441 1092 οἶ
1466 1051 1583 1094 ἐλεύ-
1597 1061 1637 1095 V.
1658 1063 1699 1107 37

143 1117 265 1169 θεροι
308 1111 604 1169 ποιησώμεθα,
648 1116 721 1157 καί
760 1114 818 1163 (ὃς
855 1117 974 1156 λίθον
1013 1112 1333 1170 προσκόμματος
1366 1117 1440 1171 τῆς
1483 1115 1588 1158 ὁδοῦ

84 1179 132 1221 15
145 1178 358 1234 ἐξάρωμεν
399 1180 480 1220 τοῦ
504 1181 721 1233 Χριστοῦ,
753 1178 824 1228 οὓς
860 1179 937 1221 οὔκ
965 1176 1043 1222 οἶδ’
1071 1175 1184 1230 ὅπως
1201 1181 1404 1233 Ῥωμαῖοι
1433 1180 1490 1230 ὥς
1518 1181 1591 1223 ἐπὶ

142 1242 305 1301 σφάγια
343 1241 520 1293 ἑαυτοὺς
547 1245 796 1300 ἐκτρέφουσι
837 1247 1021 1295 λυκιδεῖς
1043 1247 1118 1287 καί
1159 1250 1247 1296 τοῖς
1286 1246 1451 1296 οἰκείοις
1487 1247 1590 1291 δυσ·

141 1311 271 1359 κλεῶς
296 1312 533 1352 πιαίνουσιν
559 1311 736 1363 αἵμασι,
762 1312 856 1352 δέον
900 1309 1032 1365 α’λκὴν
1059 1308 1345 1364 ἀναλαβόντας
1373 1311 1448 1354 καί
1477 1316 1588 1367 λογι-

141 1374 250 1429 σμὸν
276 1372 485 1430 ἔμφρονος
513 1373 691 1429 ἀνδρός,
720 1375 779 1425 ὥς
807 1377 946 1432 θῆρας
974 1377 1020 1418 ἐκ
1050 1378 1283 1430 ποιμνίων,
1310 1378 1396 1419 τῶν
1424 1378 1588 1420 οἰκείων

141 1438 353 1483 ἀπελάσαι
381 1442 536 1497 χωρῶν
559 1441 632 1482 καί
659 1440 840 1484 πόλεων.
901 1440 1047 1496 ἐπειδὴ
1079 1443 1126 1484 δὲ
1157 1441 1232 1484 καί
1261 1439 1283 1484 ὃ
1308 1442 1495 1496 ποταμὸς
1517 1438 1588 1485 οὗ-

77 1521 130 1548 20
142 1522 239 1559 τος,
268 1504 325 1556 ὥς
352 1504 464 1549 ἐστιν
489 1505 596 1562 δρᾶν
605 1540 619 1560 ,
653 1508 728 1548 οὐκ
756 1503 893 1556 ἄλλως
930 1507 1164 1562 περάσιμος
1188 1507 1230 1550 εἰ
1252 1506 1312 1563 μὴ
1343 1510 1589 1566 καινοτέραν

144 1573 301 1623 α’νοίξει
327 1588 392 1620 τις
430 1571 638 1628 πάροδον,
684 1571 814 1622 αὕτὸς
840 1571 921 1627 ἐγώ
949 1571 1023 1614 καί
1038 1570 1084 1614 τὰ
1116 1571 1220 1615 κατὰ
1247 1575 1396 1616 τοῦτον
1423 1573 1589 1630 εἰσηγή-

139 1652 270 1692 σομαι
298 1635 571 1693 γενησόμενον
602 1640 673 1680 καί
698 1639 774 1680 τοῦ
797 1639 1084 1694 εἰσηγηθέντος
1111 1638 1288 1694 πρώτως
1315 1639 1589 1695 κατάρξομαι.

140 1704 185 1752 ἒς
212 1701 446 1758 ὅμαιχμίαν
472 1703 730 1760 φραξάμενοι
755 1703 858 1757 μιάν
871 1736 885 1756 ,
910 1702 983 1745 καί
998 1709 1092 1752 ταῖς
1117 1702 1244 1759 χερσί
1269 1701 1407 1754 δόντες
1433 1703 1485 1748 τὰ
1515 1705 1584 1748 δά·
1599 1717 1626 1751 C

235 1843 268 1876 7.
291 1829 479 1877 τισόμεθα
502 1830 541 1863 Α.
627 1868 635 1883 ἱ
661 1831 714 1864 16.
737 1828 880 1868 «falson
906 1831 943 1863 Α.
1039 1830 1093 1862 23.
1121 1830 1159 1867 ἐς
1187 1828 1359 1878 ὁμαιχμ]
1384 1830 1584 1879 γενώμεθα

234 1877 375 1916 πάντες
396 1878 454 1915 εἰς
479 1887 665 1923 φραγμον
690 1876 728 1909 B.

140 1982 275 2016 ctoriae
312 1993 386 2014 non
428 1979 593 2013 difficilis.
628 1989 749 2024 neque
778 1978 875 2011 enim
915 1978 1093 2023 quisque,
1114 1983 1156 2012 ut
1180 1978 1418 2022 confidimus,
1443 1981 1580 2028 impetu

138 2035 302 2064 nostrum
339 2026 530 2067 tolerabit,
563 2025 628 2059 sed
661 2036 785 2058 omnes
820 2025 956 2070 primae
978 2025 1196 2069 aggressioni
1220 2026 1360 2063 cedent.
1384 2029 1442 2061 sin
1466 2030 1581 2076 (quod

138 2077 249 2121 absit)
274 2074 547 2108 occubuerimus
564 2098 574 2114 ,
606 2071 758 2105 honesta
782 2072 967 2116 sepultura
993 2073 1082 2113 erit,
1106 2070 1317 2118 ubicunque
1352 2085 1418 2119 pro
1437 2076 1579 2111 Christo

138 2122 423 2157 occubuerimus.
449 2131 506 2154 me
532 2119 734 2163 sagittarius
759 2119 864 2151 Persa
890 2129 954 2163 pro
967 2118 1109 2152 Christo
1137 2119 1261 2152 feriat:
1288 2131 1368 2153 cum
1393 2133 1456 2167 spe
1484 2123 1580 2158 bona

138 2170 294 2210 moriar,
333 2178 448 2213 eaque
471 2166 600 2211 sagitta
636 2171 808 2211 tanquam
834 2165 1003 2198 vehiculo
1030 2164 1076 2198 ad
1097 2166 1259 2210 requiem
1282 2167 1384 2201 illam
1413 2172 1582 2213 perveni-

139 2228 216 2259 am;
240 2214 340 2261 quod
375 2213 466 2248 mihi
498 2213 620 2258 potius
649 2212 719 2245 erit
743 2223 851 2257 quam
876 2212 905 2245 si
944 2217 1061 2245 morte
1085 2212 1239 2256 ingloria
1266 2213 1305 2246 in
1330 2216 1488 2259 peccatis
1516 2228 1581 2263 op-

139 2264 324 2309 primerer.
348 2261 419 2294 iam
442 2260 590 2294 tandem
614 2259 828 2292 ulciscamur
851 2269 913 2292 eos
938 2269 1092 2303 quorum
1116 2259 1266 2304 impuris
1291 2262 1490 2296 conculcati
1515 2276 1583 2309 pe·-

141 2310 248 2344 ‹libus
273 2315 311 2343 et
333 2306 589 2351 consanguinei
611 2306 728 2339 nostri
750 2304 993 2339 etChristiani
1015 2305 1143 2339 fratres
1162 2306 1200 2339 in
1227 2317 1452 2342 communem
1476 2310 1580 2344 illum

140 2369 279 2390 sacrum
303 2356 422 2388 locum
447 2354 627 2393 abierunt,
651 2353 691 2385 in
718 2362 790 2397 quo
816 2351 1067 2385 defunctorum
1091 2352 1361 2387 contubernalis
1384 2356 1500 2390 factus
1525 2365 1581 2392 est

141 2403 328 2443 Christus,
362 2401 455 2446 patri
486 2399 649 2445 aequalis
682 2404 720 2432 et
747 2409 912 2432 assessor.
943 2410 1009 2431 nos
1042 2410 1164 2432 sumus
1200 2405 1369 2444 potentes
1406 2403 1487 2444 illi,
1512 2416 1579 2439 nos

141 2461 263 2486 omnes
289 2448 426 2494 gladios
452 2447 671 2486 strinximus,
699 2446 763 2491 qui
784 2445 895 2478 vitale
920 2444 1154 2490 divinumque
1176 2447 1379 2491 sepulcrum
1405 2455 1578 2497 tanquam

142 2496 343 2529 Salomonis
378 2494 499 2528 cubile
539 2493 843 2526 circumsistimus.
865 2492 1046 2536 Agarenos
1079 2493 1190 2537 igitur
1214 2495 1370 2528 ancillae
1392 2496 1488 2531 filios
1511 2510 1578 2532 nos

141 2542 251 2576 liberi
273 2543 442 2575 tollamus
471 2552 491 2574 e
515 2540 654 2580 medio,
680 2544 717 2572 et
741 2544 915 2584 tanquam
942 2538 1082 2583 lapides
1109 2541 1318 2575 offensionis
1346 2552 1367 2575 e
1391 2544 1450 2576 via
1474 2545 1579 2578 Chri-

142 2589 189 2622 sti
213 2599 475 2630 removeamus;
506 2598 598 2633 quos
621 2585 720 2619 haud
742 2586 816 2619 scio
841 2596 904 2619 cur
916 2586 1067 2619 Romani
1086 2591 1258 2632 tanquam
1285 2588 1390 2633 lupos
1415 2590 1454 2623 in
1477 2603 1575 2624 suam

142 2635 289 2668 caedem
312 2635 415 2668 alunt
437 2639 475 2668 et
497 2645 561 2679 per
575 2632 732 2666 dedecus
756 2643 820 2665 suo
845 2643 971 2666 cruore
994 2633 1181 2677 saginant,
1204 2645 1285 2667 cum
1305 2636 1470 2669 excitatis
1497 2639 1578 2671 ani-

141 2682 231 2722 mis,
257 2686 294 2715 et
326 2681 544 2725 cogitatione
580 2679 727 2713 cordato
764 2679 840 2712 viro
874 2678 981 2723 digna
1012 2686 1200 2725 suscepta,
1238 2686 1410 2727 tanquam
1435 2684 1532 2717 ferae
1555 2698 1575 2718 a

142 2727 328 2774 gregibus,
360 2728 410 2760 sic
449 2727 505 2760 illi
537 2727 582 2760 ab
610 2727 768 2772 ipsorum
797 2726 992 2771 provinciis
1025 2731 1134 2772 atque
1158 2727 1308 2761 urbibus
1332 2729 1494 2772 pellendi
1518 2742 1573 2765 es-
