1838 3210
761 167 1076 208 PRAEFATIO.
1546 171 1639 210 xm

217 268 321 307 lerit.
360 267 428 307 sed
460 267 732 307 nememoria
776 266 908 321 lapsus
936 283 1020 308 esse
1048 276 1086 308 et
1114 269 1166 307 ab
1195 268 1378 308 instituto
1408 282 1488 308 non
1532 277 1645 309 certo

214 332 379 373 consilio
405 332 607 372 deflexisse
637 332 708 371 sed
750 346 828 385 per
868 334 1114 374 oblivionem
1144 334 1347 374 aberrasse
1388 334 1553 386 videar,
1594 335 1648 374 ad

217 399 453 439 Choniatem
481 398 638 451 redeo;
668 412 788 452 quem
819 400 962 439 ordine
1001 401 1202 453 aptissimo
1245 407 1285 440 et
1328 400 1522 454 prudenti
1556 401 1647 440 Tuo

219 465 386 505 consilio
415 466 599 504 Zonarae
618 464 852 504 adiunctum
881 479 965 504 esse
1006 466 1099 508 dixi.
1132 481 1225 506 nam
1253 481 1336 520 quo
1374 468 1414 505 in
1447 467 1534 505 loco
1577 465 1645 506 ille

214 531 392 572 Annales
419 545 510 571 suos
538 530 668 569 finivit
685 560 698 583 ,
738 532 781 569 in
812 530 944 570 Alexii
973 532 1171 571 Comneni
1199 532 1387 573 videlicet
1415 532 1525 571 obitu
1545 562 1556 580 ,
1597 546 1645 572 eo

214 600 257 637 in
288 599 375 638 loco
401 597 466 637 hic
494 611 606 637 suam
634 597 843 636 historiam
873 597 1115 650 auspicatur,
1146 612 1210 637 res
1239 605 1465 638 memoratu
1490 598 1645 652 dignas,

213 678 317 718 quae
348 664 390 703 in
418 664 636 718 Byzantino
665 663 835 716 imperio
876 677 1075 702 annorum
1117 663 1276 702 circiter
1304 663 1358 704 86
1386 665 1512 717 spatio
1539 665 1644 703 acci-

211 729 382 781 derunt,
413 729 654 783 complexus.
686 736 806 783 atque
834 729 988 768 utinam
1016 728 1118 768 alius
1140 731 1319 769 Graecus
1346 731 1546 781 extitisset,
1572 731 1641 783 qui

210 795 264 835 ab
291 795 371 836 hoc
409 802 575 835 auctore
617 802 660 836 et
688 795 962 849 Chalcondyle
1003 795 1285 848 praetermissa
1330 797 1418 848 pari
1458 796 1643 835 facundia

148 908 151 911 Α
210 866 446 916 prosecutus
468 868 584 906 esset.
611 861 742 901 maior
761 863 866 900 enim
894 867 954 901 est
983 861 1202 900 Choniatae
1227 861 1343 914 copia
1368 867 1408 900 et
1434 861 1640 914 diligentia

208 927 412 982 lectioque
441 927 658 967 iucundior
685 941 806 981 quam
840 928 1034 969 Zonarae.
1059 927 1124 967 cui
1152 941 1230 966 una
1259 925 1433 967 brevitas
1461 941 1643 967 necessa-

210 994 272 1033 rio
303 994 506 1048 proposita
538 994 629 1046 suit,
658 994 770 1047 quod
798 993 952 1047 alioqui
980 1007 1080 1047 opus
1107 993 1148 1032 in
1179 994 1418 1033 immensum
1445 995 1641 1033 excrevis-

207 1067 277 1099 set.
306 1060 428 1114 idque
462 1058 527 1099 vel
569 1074 615 1099 ex
653 1073 704 1099 eo
748 1066 938 1112 apparet,
988 1058 1096 1112 quod
1139 1059 1306 1098 heroina
1347 1059 1640 1110 eruditissima,

211 1126 332 1165 Anna
360 1126 601 1173 Caesarissa,
633 1125 886 1178 imperatoris
914 1124 1042 1164 Alexii
1071 1124 1174 1174 filia,
1204 1125 1255 1164 de
1282 1124 1399 1164 rebus
1426 1126 1540 1178 gestis
1567 1139 1639 1178 pa·

206 1194 279 1232 tris
308 1192 371 1232 sui
398 1191 526 1231 libros
554 1205 604 1231 20
630 1192 784 1244 scripsit
802 1223 814 1243 ‚
842 1192 911 1244 qui
941 1190 1072 1229 adhuc
1113 1191 1153 1230 in
1180 1191 1439 1244 Augustanae
1477 1192 1535 1230 rei
1563 1205 1639 1244 pu-

204 1258 334 1298 blicae
364 1257 611 1297 bibliotheca
648 1264 808 1308 extant,
848 1271 942 1296 cum
973 1258 1149 1296 Zonaras
1187 1258 1311 1296 vitam
1353 1256 1460 1296 illius
1504 1258 1637 1310 paucis

202 1325 305 1364 foliis
331 1325 616 1378 perstrinxerit.
655 1331 702 1363 ut
746 1331 880 1363 autem
923 1324 1099 1362 brevitas
1130 1324 1364 1362 memoriam
1403 1323 1541 1374 iuvat,
1579 1325 1636 1363 ita

202 1391 375 1430 fusiores
394 1390 640 1430 narrationes
666 1388 756 1443 plus
786 1389 1060 1429 delectationis
1088 1388 1260 1440 habent,
1290 1389 1331 1427 in
1356 1402 1499 1443 magna
1519 1404 1636 1442 prae·

202 1456 341 1495 sertim
371 1456 567 1495 varietate
597 1469 734 1495 rerum
764 1462 803 1495 et
840 1455 979 1494 subitis
1016 1455 1200 1494 fortunae
1228 1456 1631 1507 commutationibus3

201 1533 305 1576 quae
332 1537 412 1562 non
443 1522 578 1562 multis
606 1522 719 1562 annis
742 1521 943 1575 plurimae
960 1551 972 1572 ,
1001 1535 1150 1575 eaeque
1180 1521 1382 1561 mirabiles
1420 1535 1467 1560 ae
1503 1523 1633 1574 potius

200 1588 478 1640 miserabiles,
507 1596 664 1642 praeter
693 1589 1002 1641 expectationem
1025 1588 1213 1637 Graecos,
1244 1601 1344 1640 quos
1373 1587 1437 1626 hic
1466 1589 1633 1641 scriptor

201 1654 481 1695 Romanorum
518 1654 783 1708 appellatione
818 1654 1028 1703 honestat,
1068 1661 1377 1707 oppresserunt,
1429 1661 1647 1694 crescente-

204 1721 244 1759 in
274 1721 357 1761 dies
385 1722 600 1760 Persarum
628 1722 714 1759 sive
742 1720 967 1758 Turcorum
996 1721 1103 1768 (nam
1131 1720 1380 1758 recentiores
1408 1721 1632 1771 promiscue

202 1785 265 1826 his
291 1786 497 1826 vocabulis
524 1789 708 1835 utuntur)
734 1787 931 1838 potentia3
959 1798 1136 1838 quorum
1164 1784 1426 1837 grassationes
1452 1792 1491 1823 et
1509 1786 1630 1824 Chri-

202 1853 425 1892 stianorum
457 1853 685 1906 principum
711 1850 903 1890 desidiam
931 1864 977 1889 ac
1002 1850 1307 1904 perversitatem
1338 1857 1449 1890 tanta
1482 1850 1630 1891 doloris

203 1919 424 1958 acerbitate
454 1917 668 1956 Choniates
697 1917 853 1970 saepius
890 1915 1097 1969 deplorat,
1134 1923 1177 1954 ut
1218 1930 1308 1955 eum
1346 1916 1397 1954 ab
1441 1917 1627 1956 omnibus

197 1986 267 2038 qui
295 1984 356 2023 rei
383 1983 569 2037 publicae
593 1989 746 2036 partem
774 1981 950 2035 aliquam
979 1983 1183 2035 attingunt
1200 2012 1210 2029 ‚
1250 1983 1394 2021 nostris
1429 1984 1624 2036 tempori-

195 2049 270 2089 bus
296 2049 374 2103 legi
400 2063 652 2102 summopere
680 2047 887 2102 expediat,
930 2050 963 2087 si
1002 2048 1102 2086 forte
1144 2048 1438 2087 Germanorum
1472 2049 1624 2099 animi,

195 2129 372 2169 quorum
398 2115 596 2155 fortitudo
635 2122 675 2155 et
712 2115 840 2168 pietas
881 2114 919 2152 in
964 2113 1238 2166 recuperanda
1283 2114 1402 2168 Syria
1440 2120 1481 2154 et
1515 2121 1623 2154 terra

195 2188 334 2221 sancta
361 2181 547 2221 laudibus
574 2180 740 2235 egregiis
767 2180 844 2220 hoc
871 2180 1014 2233 scripto
1055 2187 1254 2227 ornatur,
1296 2179 1525 2220 clarissimis
1552 2195 1622 2220 ex-

196 2248 334 2300 emplis
365 2247 539 2286 Conradi
568 2253 611 2286 et
639 2246 675 2286 F
677 2246 839 2286 riderici
868 2247 1155 2299 imperatorum
1186 2245 1327 2285 saltem
1352 2245 1404 2285 ad
1431 2246 1623 2286 tuendam

194 2312 368 2365 patriam
390 2341 402 2363 ,
432 2312 514 2352 hoc
542 2319 602 2352 est
636 2313 786 2352 vicinas
815 2312 1063 2361 Pannonias,
1097 2313 1333 2351 excitentur.
1367 2325 1476 2351 nunc
1516 2314 1621 2351 enim

194 2391 276 2416 non
305 2377 356 2418 de
384 2378 502 2418 laude
531 2386 570 2418 et
599 2378 724 2433 gloria
753 2377 1018 2416 laborandum
1036 2407 1047 2427 ,
1078 2377 1145 2416 sed
1173 2377 1224 2416 de
1249 2378 1330 2416 aris
1356 2384 1396 2416 et
1421 2378 1519 2417 focis
1547 2393 1619 2432 pu-

192 2443 395 2497 gnandum
426 2459 506 2484 esse
533 2452 714 2498 apparet.
742 2444 850 2498 quod
877 2457 959 2497 quo
989 2445 1123 2482 minus
1151 2443 1234 2490 flat,
1269 2442 1382 2482 nulla
1410 2458 1471 2483 res
1495 2458 1619 2496 aeque

191 2509 234 2548 in
260 2525 379 2550 causa
409 2517 468 2551 est
504 2519 624 2565 atque
666 2511 938 2551 dissensiones.
983 2513 1184 2560 Graecos,
1231 2517 1391 2563 praeter
1430 2510 1618 2550 intestina

190 2575 296 2615 bella
322 2591 367 2616 ex
397 2577 615 2617 ambitione
643 2578 726 2617 fere
754 2584 869 2628 orta,
899 2576 1153 2629 voluptatum
1182 2575 1362 2615 studium
1404 2583 1443 2615 et
1476 2579 1617 2628 ignava

192 2642 428 2682 monarchia
461 2643 665 2696 perdidit:
708 2643 826 2682 nobis
871 2644 1085 2682 temeraria
1124 2641 1301 2681 bellandi
1342 2641 1538 2693 cupiditas
1578 2649 1617 2681 et

194 2705 346 2747 discors
372 2722 417 2748 ac
446 2708 624 2763 inquieta
646 2708 884 2764 polyarchia
914 2708 956 2747 id
987 2709 1189 2759 minatur,
1218 2707 1328 2763 quod
1355 2707 1456 2746 absit
1483 2714 1530 2747 ut
1545 2722 1614 2758 ωε
