<?xml version="1.0" encoding="UTF-8"?>
<!DOCTYPE html PUBLIC "-//W3C//DTD XHTML 1.0 Transitional//EN"
    "http://www.w3.org/TR/xhtml1/DTD/xhtml1-transitional.dtd">
<html xmlns="http://www.w3.org/1999/xhtml" xml:lang="en" lang="en">
 <head>
  <title>
</title>
<meta http-equiv="Content-Type" content="text/html;charset=utf-8" />
  <meta name='ocr-system' content='tesseract 3.04.00' />
  <meta name='ocr-capabilities' content='ocr_page ocr_carea ocr_par ocr_line ocrx_word'/>
</head>
<body>
  <div class='ocr_page' id='page_1' title='image "./corpusscriptorum41niebuoft/corpusscriptorum41niebuoft_0576.png"; bbox 0 0 1878 3230; ppageno 0'>
   <div class='ocr_carea' id='block_1_1' title="bbox 299 123 1292 192">
    <p class='ocr_par' dir='ltr' id='par_1_1' title="bbox 299 123 1292 192">
     <span class='ocr_line' id='line_1_1' title="bbox 299 123 1292 192; baseline 0.006 -13"><span class='ocrx_word' id='word_1_1' title='bbox 299 123 411 192; x_wconf 69' lang='lat'><strong>546</strong></span> <span class='ocrx_word' id='word_1_2' title='bbox 706 142 931 184; x_wconf 60' lang='lat' dir='ltr'><strong>mem-AF,</strong></span> <span class='ocrx_word' id='word_1_3' title='bbox 979 139 1292 185; x_wconf 69' lang='lat' dir='ltr'><strong>cnomATAE</strong></span> 
     </span>
    </p>
   </div>
   <div class='ocr_carea' id='block_1_2' title="bbox 161 234 1781 1665">
    <p class='ocr_par' dir='ltr' id='par_1_2' title="bbox 161 234 1781 1665">
     <span class='ocr_line' id='line_1_2' title="bbox 298 234 1719 295; baseline 0.001 -13"><span class='ocrx_word' id='word_1_4' title='bbox 298 238 565 288; x_wconf 82' lang='grc' dir='ltr'><strong><em>α’ποστολικὸς</em></strong></span> <span class='ocrx_word' id='word_1_5' title='bbox 590 234 641 292; x_wconf 80' lang='grc' dir='ltr'><strong><em>ἤν</em></strong></span> <span class='ocrx_word' id='word_1_6' title='bbox 671 241 747 280; x_wconf 85' lang='grc' dir='ltr'><strong>τοῦ</strong></span> <span class='ocrx_word' id='word_1_7' title='bbox 773 237 925 293; x_wconf 70' lang='grc' dir='ltr'><strong><em>ἀνδρὸς</em></strong></span> <span class='ocrx_word' id='word_1_8' title='bbox 964 236 985 280; x_wconf 83' lang='grc' dir='ltr'><strong><em>ὃ</em></strong></span> <span class='ocrx_word' id='word_1_9' title='bbox 1017 240 1137 293; x_wconf 75' lang='grc' dir='ltr'><strong><em>ζῆλος</em></strong></span> <span class='ocrx_word' id='word_1_10' title='bbox 1169 239 1239 281; x_wconf 80' lang='grc' dir='ltr'><strong><em>καί</em></strong></span> <span class='ocrx_word' id='word_1_11' title='bbox 1273 240 1471 295; x_wconf 78' lang='grc' dir='ltr'><strong><em>θεοφιλὴς</em></strong></span> <span class='ocrx_word' id='word_1_12' title='bbox 1507 241 1530 282; x_wconf 84' lang='grc' dir='ltr'><strong><em>ὗ</em></strong></span> <span class='ocrx_word' id='word_1_13' title='bbox 1567 241 1719 291; x_wconf 79' lang='grc' dir='ltr'><strong><em>σκοπὸς</em></strong></span> 
     </span>
     <span class='ocr_line' id='line_1_3' title="bbox 164 301 1718 362; baseline 0.005 -21"><span class='ocrx_word' id='word_1_14' title='bbox 164 307 369 357; x_wconf 69' lang='grc' dir='ltr'><strong><em>ν.αι9και“</em></strong></span> <span class='ocrx_word' id='word_1_15' title='bbox 397 304 476 346; x_wconf 83' lang='grc' dir='ltr'><strong><em>τῶν</em></strong></span> <span class='ocrx_word' id='word_1_16' title='bbox 503 304 738 354; x_wconf 78' lang='grc' dir='ltr'><strong><em>ὖπερτελῶν</em></strong></span> <span class='ocrx_word' id='word_1_17' title='bbox 767 301 815 344; x_wconf 81' lang='grc' dir='ltr'><strong><em>τὸ</em></strong></span> <span class='ocrx_word' id='word_1_18' title='bbox 844 303 1123 357; x_wconf 73' lang='grc' dir='ltr'><strong><em>κατόρθωμα,</em></strong></span> <span class='ocrx_word' id='word_1_19' title='bbox 1152 302 1190 345; x_wconf 83' lang='grc' dir='ltr'><strong><em>οἱ</em></strong></span> <span class='ocrx_word' id='word_1_20' title='bbox 1215 304 1315 359; x_wconf 89' lang='grc' dir='ltr'><strong><em>πρὸς</em></strong></span> <span class='ocrx_word' id='word_1_21' title='bbox 1349 303 1423 358; x_wconf 86' lang='grc' dir='ltr'><strong>τήν</strong></span> <span class='ocrx_word' id='word_1_22' title='bbox 1459 305 1608 362; x_wconf 75' lang='grc' dir='ltr'><strong><em>α’νὰντη</em></strong></span> <span class='ocrx_word' id='word_1_23' title='bbox 1643 322 1718 349; x_wconf 88' lang='grc' dir='ltr'><strong><em>πο-</em></strong></span> 
     </span>
     <span class='ocr_line' id='line_1_4' title="bbox 295 365 1718 423; baseline 0.001 -11"><span class='ocrx_word' id='word_1_24' title='bbox 295 369 451 412; x_wconf 82' lang='grc' dir='ltr'><strong><em>λιτείαν</em></strong></span> <span class='ocrx_word' id='word_1_25' title='bbox 479 368 548 421; x_wconf 77' lang='grc' dir='ltr'><strong><em>τῆς</em></strong></span> <span class='ocrx_word' id='word_1_26' title='bbox 577 368 843 422; x_wconf 73' lang='grc' dir='ltr'><strong><em>εὖαγγελικῆς</em></strong></span> <span class='ocrx_word' id='word_1_27' title='bbox 870 368 1106 423; x_wconf 79' lang='grc' dir='ltr'><strong><em>ὖψηγοριάς</em></strong></span> <span class='ocrx_word' id='word_1_28' title='bbox 1139 365 1233 410; x_wconf 77' lang='grc' dir='ltr'><strong><em>ὅλον</em></strong></span> <span class='ocrx_word' id='word_1_29' title='bbox 1260 367 1332 411; x_wconf 89' lang='grc' dir='ltr'><strong><em>τόν</em></strong></span> <span class='ocrx_word' id='word_1_30' title='bbox 1358 370 1454 411; x_wconf 79' lang='grc' dir='ltr'><strong><em>νοῦν</em></strong></span> <span class='ocrx_word' id='word_1_31' title='bbox 1485 369 1718 414; x_wconf 83' lang='grc' dir='ltr'><strong><em>α’νατείναν-</em></strong></span> 
     </span>
     <span class='ocr_line' id='line_1_5' title="bbox 294 430 1717 489; baseline 0.001 -13"><span class='ocrx_word' id='word_1_32' title='bbox 294 450 361 482; x_wconf 84' lang='grc' dir='ltr'><strong>τες</strong></span> <span class='ocrx_word' id='word_1_33' title='bbox 388 434 459 474; x_wconf 83' lang='grc' dir='ltr'><strong><em>καί</em></strong></span> <span class='ocrx_word' id='word_1_34' title='bbox 487 431 592 487; x_wconf 82' lang='grc' dir='ltr'><strong><em>πρὸς</em></strong></span> <span class='ocrx_word' id='word_1_35' title='bbox 616 430 771 487; x_wconf 80' lang='grc' dir='ltr'><strong><em>ταύτην</em></strong></span> <span class='ocrx_word' id='word_1_36' title='bbox 799 431 964 475; x_wconf 73' lang='grc' dir='ltr'><strong><em>ἅπαντα</em></strong></span> <span class='ocrx_word' id='word_1_37' title='bbox 990 433 1062 475; x_wconf 85' lang='grc' dir='ltr'><strong>τὸν</strong></span> <span class='ocrx_word' id='word_1_38' title='bbox 1078 433 1234 489; x_wconf 77' lang='grc' dir='ltr'><em>δρόμον</em></span> <span class='ocrx_word' id='word_1_39' title='bbox 1253 436 1529 483; x_wconf 73' lang='grc' dir='ltr'><strong><em>συντείναντες</em></strong></span> <span class='ocrx_word' id='word_1_40' title='bbox 1549 434 1599 476; x_wconf 77' lang='grc' dir='ltr'><strong><em>τὰ</em></strong></span> <span class='ocrx_word' id='word_1_41' title='bbox 1618 434 1717 479; x_wconf 74' lang='grc' dir='ltr'><strong><em>κατὰ</em></strong></span> 
     </span>
     <span class='ocr_line' id='line_1_6' title="bbox 249 495 1753 554; baseline 0 -14"><span class='ocrx_word' id='word_1_42' title='bbox 249 497 366 541; x_wconf 77' lang='grc' dir='ltr'><strong><em>Βτόν</em></strong></span> <span class='ocrx_word' id='word_1_43' title='bbox 391 499 483 551; x_wconf 81' lang='grc' dir='ltr'><strong><em>βίον</em></strong></span> <span class='ocrx_word' id='word_1_44' title='bbox 509 497 758 549; x_wconf 79' lang='grc' dir='ltr'><em>ἁπαξαπλῶς</em></span> <span class='ocrx_word' id='word_1_45' title='bbox 782 495 839 546; x_wconf 78' lang='grc' dir='ltr'><strong>ὥς</strong></span> <span class='ocrx_word' id='word_1_46' title='bbox 865 497 1052 551; x_wconf 70' lang='grc' dir='ltr'><strong><em>σκύβαλα</em></strong></span> <span class='ocrx_word' id='word_1_47' title='bbox 1080 501 1408 553; x_wconf 82' lang='grc' dir='ltr'><strong><em>παρεβλέψαντο.</em></strong></span> <span class='ocrx_word' id='word_1_48' title='bbox 1464 501 1537 541; x_wconf 85' lang='grc' dir='ltr'>καί</span> <span class='ocrx_word' id='word_1_49' title='bbox 1561 498 1584 540; x_wconf 80' lang='grc' dir='ltr'><strong><em>ὅ</em></strong></span> <span class='ocrx_word' id='word_1_50' title='bbox 1611 498 1753 554; x_wconf 78' lang='grc' dir='ltr'><strong><em>μὲν,5</em></strong></span> 
     </span>
     <span class='ocr_line' id='line_1_7' title="bbox 289 561 1720 618; baseline 0.001 -14"><span class='ocrx_word' id='word_1_51' title='bbox 289 562 349 611; x_wconf 74' lang='grc' dir='ltr'><strong>ὥς</strong></span> <span class='ocrx_word' id='word_1_52' title='bbox 376 561 478 615; x_wconf 75' lang='grc' dir='ltr'><strong><em>ε’,ιιόν</em></strong></span> <span class='ocrx_word' id='word_1_53' title='bbox 503 561 572 604; x_wconf 89' lang='grc' dir='ltr'><strong>τὸν</strong></span> <span class='ocrx_word' id='word_1_54' title='bbox 597 561 746 615; x_wconf 78' lang='grc' dir='ltr'><strong><em>πείθω,</em></strong></span> <span class='ocrx_word' id='word_1_55' title='bbox 774 565 1039 615; x_wconf 77' lang='grc' dir='ltr'><em>μακαριστοῦ</em></span> <span class='ocrx_word' id='word_1_56' title='bbox 1063 563 1259 618; x_wconf 77' lang='grc' dir='ltr'><em>τετύχηκε</em></span> <span class='ocrx_word' id='word_1_57' title='bbox 1285 566 1442 613; x_wconf 85' lang='grc' dir='ltr'><em>τέλους·</em></span> <span class='ocrx_word' id='word_1_58' title='bbox 1497 563 1519 606; x_wconf 80' lang='grc' dir='ltr'><strong><em>ὅ</em></strong></span> <span class='ocrx_word' id='word_1_59' title='bbox 1549 566 1590 606; x_wconf 82' lang='grc' dir='ltr'><strong>δ’</strong></span> <span class='ocrx_word' id='word_1_60' title='bbox 1615 566 1720 607; x_wconf 67' lang='grc' dir='ltr'><strong><em>ἐκειῑ-</em></strong></span> 
     </span>
     <span class='ocr_line' id='line_1_8' title="bbox 291 625 1719 686; baseline 0.001 -16"><span class='ocrx_word' id='word_1_61' title='bbox 291 643 365 670; x_wconf 90' lang='grc' dir='ltr'><strong>νου</strong></span> <span class='ocrx_word' id='word_1_62' title='bbox 392 626 592 683; x_wconf 81' lang='grc' dir='ltr'><strong><em>υἶόςτήν</em></strong></span> <span class='ocrx_word' id='word_1_63' title='bbox 628 625 822 686; x_wconf 66' lang='grc' dir='ltr'><strong><em>πατρῴαν</em></strong></span> <span class='ocrx_word' id='word_1_64' title='bbox 856 630 1060 682; x_wconf 81' lang='grc' dir='ltr'><strong><em>α’ρχηγίαν</em></strong></span> <span class='ocrx_word' id='word_1_65' title='bbox 1099 627 1319 682; x_wconf 78' lang='grc' dir='ltr'><strong><em>δεξάμενος</em></strong></span> <span class='ocrx_word' id='word_1_66' title='bbox 1359 629 1435 683; x_wconf 83' lang='grc' dir='ltr'><strong>τὴν</strong></span> <span class='ocrx_word' id='word_1_67' title='bbox 1461 628 1719 683; x_wconf 82' lang='grc' dir='ltr'><strong><em>Ἀντιόχειαν</em></strong></span> 
     </span>
     <span class='ocr_line' id='line_1_9' title="bbox 289 691 1718 750; baseline 0.002 -16"><span class='ocrx_word' id='word_1_68' title='bbox 289 691 584 747; x_wconf 72' lang='grc' dir='ltr'><strong>εἰσελήλυθεν,</strong></span> <span class='ocrx_word' id='word_1_69' title='bbox 627 695 785 735; x_wconf 74' lang='grc' dir='ltr'><strong><em>ἐκεῖθεν</em></strong></span> <span class='ocrx_word' id='word_1_70' title='bbox 822 695 858 735; x_wconf 80' lang='grc' dir='ltr'><strong>δ’</strong></span> <span class='ocrx_word' id='word_1_71' title='bbox 887 695 1114 749; x_wconf 83' lang='grc' dir='ltr'><strong><em>α’φιγμὲνος</em></strong></span> <span class='ocrx_word' id='word_1_72' title='bbox 1139 696 1198 744; x_wconf 85' lang='grc' dir='ltr'><strong>εἷς</strong></span> <span class='ocrx_word' id='word_1_73' title='bbox 1229 693 1306 748; x_wconf 75' lang='grc' dir='ltr'><strong>τὴν</strong></span> <span class='ocrx_word' id='word_1_74' title='bbox 1340 697 1586 750; x_wconf 79' lang='grc' dir='ltr'><strong><em>προσωτέρω</em></strong></span> <span class='ocrx_word' id='word_1_75' title='bbox 1615 696 1718 737; x_wconf 86' lang='grc' dir='ltr'><strong><em>Κοί-</em></strong></span> 
     </span>
     <span class='ocr_line' id='line_1_10' title="bbox 287 757 1718 815; baseline 0.001 -15"><span class='ocrx_word' id='word_1_76' title='bbox 287 762 364 813; x_wconf 84' lang='grc' dir='ltr'><strong><em>λην</em></strong></span> <span class='ocrx_word' id='word_1_77' title='bbox 393 759 553 813; x_wconf 80' lang='grc' dir='ltr'><strong><em>Συρίαν</em></strong></span> <span class='ocrx_word' id='word_1_78' title='bbox 582 758 839 801; x_wconf 80' lang='grc' dir='ltr'><strong><em>Λαοδίκειαν</em></strong></span> <span class='ocrx_word' id='word_1_79' title='bbox 868 759 1144 814; x_wconf 82' lang='grc' dir='ltr'><strong><em>κατεστήσατο</em></strong></span> <span class='ocrx_word' id='word_1_80' title='bbox 1173 763 1269 802; x_wconf 71' lang='grc' dir='ltr'><strong><em>καθ’</em></strong></span> <span class='ocrx_word' id='word_1_81' title='bbox 1284 757 1440 815; x_wconf 72' lang='grc' dir='ltr'><strong><em>ἑαυτήν</em></strong></span> <span class='ocrx_word' id='word_1_82' title='bbox 1468 759 1718 811; x_wconf 77' lang='grc' dir='ltr'><strong><em>στασιάζου-</em></strong></span> 
     </span>
     <span class='ocr_line' id='line_1_11' title="bbox 287 822 1781 879; baseline -0.001 -14"><span class='ocrx_word' id='word_1_83' title='bbox 287 840 367 866; x_wconf 88' lang='grc' dir='ltr'><strong><em>σαν</em></strong></span> <span class='ocrx_word' id='word_1_84' title='bbox 393 825 465 865; x_wconf 83' lang='grc' dir='ltr'><strong><em>καί</em></strong></span> <span class='ocrx_word' id='word_1_85' title='bbox 490 823 595 879; x_wconf 82' lang='grc' dir='ltr'><strong><em>πρὸς</em></strong></span> <span class='ocrx_word' id='word_1_86' title='bbox 620 822 719 873; x_wconf 74' lang='grc' dir='ltr'><strong>τούς</strong></span> <span class='ocrx_word' id='word_1_87' title='bbox 747 825 790 875; x_wconf 81' lang='grc' dir='ltr'><strong>ἐξ</strong></span> <span class='ocrx_word' id='word_1_88' title='bbox 818 825 987 878; x_wconf 80' lang='grc' dir='ltr'><strong><em>Ἰσμαήλ</em></strong></span> <span class='ocrx_word' id='word_1_89' title='bbox 1025 827 1388 879; x_wconf 83' lang='grc' dir='ltr'><strong><em>μεταρρέπουσαν,</em></strong></span> <span class='ocrx_word' id='word_1_90' title='bbox 1428 827 1501 867; x_wconf 85' lang='grc' dir='ltr'>καί</span> <span class='ocrx_word' id='word_1_91' title='bbox 1525 823 1718 879; x_wconf 79' lang='grc' dir='ltr'><strong><em>Βηρυτὸν</em></strong></span> <span class='ocrx_word' id='word_1_92' title='bbox 1735 836 1781 864; x_wconf 86' lang='lat'><strong>10</strong></span> 
     </span>
     <span class='ocr_line' id='line_1_12' title="bbox 286 885 1719 946; baseline 0.001 -17"><span class='ocrx_word' id='word_1_93' title='bbox 286 890 398 946; x_wconf 71' lang='grc' dir='ltr'><strong><em>πόνῳ</em></strong></span> <span class='ocrx_word' id='word_1_94' title='bbox 440 888 580 930; x_wconf 72' lang='grc' dir='ltr'><strong><em>οὖδενὶ</em></strong></span> <span class='ocrx_word' id='word_1_95' title='bbox 625 887 934 945; x_wconf 79' lang='grc' dir='ltr'><strong><em>παρεστήσατο,</em></strong></span> <span class='ocrx_word' id='word_1_96' title='bbox 977 890 1049 931; x_wconf 83' lang='grc' dir='ltr'><strong><em>καί</em></strong></span> <span class='ocrx_word' id='word_1_97' title='bbox 1097 885 1224 939; x_wconf 72' lang='grc' dir='ltr'><strong><em>ἄλλας</em></strong></span> <span class='ocrx_word' id='word_1_98' title='bbox 1268 891 1464 938; x_wconf 80' lang='grc' dir='ltr'><strong><em>πλείστας</em></strong></span> <span class='ocrx_word' id='word_1_99' title='bbox 1505 888 1719 944; x_wconf 77' lang='grc' dir='ltr'><strong><em>Συριακάς</em></strong></span> 
     </span>
     <span class='ocr_line' id='line_1_13' title="bbox 286 951 1719 1010; baseline 0.002 -16"><span class='ocrx_word' id='word_1_100' title='bbox 286 951 520 1009; x_wconf 68' lang='grc' dir='ltr'><strong><em>ὑπηγάγετο</em></strong></span> <span class='ocrx_word' id='word_1_101' title='bbox 547 951 708 1008; x_wconf 82' lang='grc' dir='ltr'><strong><em>πόλεις,</em></strong></span> <span class='ocrx_word' id='word_1_102' title='bbox 735 956 937 1004; x_wconf 82' lang='grc' dir='ltr'><strong><em>Λατίνοις</em></strong></span> <span class='ocrx_word' id='word_1_103' title='bbox 963 957 1041 1007; x_wconf 78' lang='grc' dir='ltr'><strong><em>μὲν</em></strong></span> <span class='ocrx_word' id='word_1_104' title='bbox 1067 953 1270 1009; x_wconf 74' lang='grc' dir='ltr'><strong><em>ὑπηκόους</em></strong></span> <span class='ocrx_word' id='word_1_105' title='bbox 1297 953 1521 1010; x_wconf 81' lang='grc' dir='ltr'><strong><em>πρότερον,</em></strong></span> <span class='ocrx_word' id='word_1_106' title='bbox 1550 952 1640 997; x_wconf 84' lang='grc' dir='ltr'><strong><em>τότε</em></strong></span> <span class='ocrx_word' id='word_1_107' title='bbox 1671 955 1719 997; x_wconf 78' lang='grc' dir='ltr'><strong>δὲ</strong></span> 
     </span>
     <span class='ocr_line' id='line_1_14' title="bbox 287 1015 1718 1075; baseline 0.001 -14"><span class='ocrx_word' id='word_1_108' title='bbox 287 1022 681 1075; x_wconf 83' lang='grc' dir='ltr'><strong><em>προσκεχωρηκυίας</em></strong></span> <span class='ocrx_word' id='word_1_109' title='bbox 725 1022 995 1074; x_wconf 76' lang='grc' dir='ltr'><strong><em>Σαρακηνοῖς.</em></strong></span> <span class='ocrx_word' id='word_1_110' title='bbox 1061 1015 1168 1062; x_wconf 70' lang='grc' dir='ltr'><strong><em>ἀλλὰ</em></strong></span> <span class='ocrx_word' id='word_1_111' title='bbox 1211 1022 1283 1062; x_wconf 86' lang='grc' dir='ltr'>καί</span> <span class='ocrx_word' id='word_1_112' title='bbox 1325 1020 1427 1061; x_wconf 80' lang='grc' dir='ltr'><strong><em>κατὰ</em></strong></span> <span class='ocrx_word' id='word_1_113' title='bbox 1466 1018 1539 1074; x_wconf 79' lang='grc' dir='ltr'><strong>τήν</strong></span> <span class='ocrx_word' id='word_1_114' title='bbox 1583 1019 1718 1073; x_wconf 77' lang='grc' dir='ltr'><strong><em>Τύρον</em></strong></span> 
     </span>
     <span class='ocr_line' id='line_1_15' title="bbox 285 1079 1717 1141; baseline 0 -15"><span class='ocrx_word' id='word_1_115' title='bbox 285 1085 510 1140; x_wconf 71' lang='grc' dir='ltr'><strong><em>ἀφιγμένος</em></strong></span> <span class='ocrx_word' id='word_1_116' title='bbox 525 1117 539 1138; x_wconf 88' lang='grc'><strong><em>,</em></strong></span> <span class='ocrx_word' id='word_1_117' title='bbox 565 1084 637 1127; x_wconf 84' lang='grc' dir='ltr'>καί</span> <span class='ocrx_word' id='word_1_118' title='bbox 661 1084 935 1141; x_wconf 80' lang='grc' dir='ltr'><strong><em>πολιορκήσας</em></strong></span> <span class='ocrx_word' id='word_1_119' title='bbox 951 1084 997 1127; x_wconf 80' lang='grc' dir='ltr'><strong><em>τὸ</em></strong></span> <span class='ocrx_word' id='word_1_120' title='bbox 1014 1079 1116 1128; x_wconf 61' lang='lat' dir='ltr'><strong>”Aac</strong></span> <span class='ocrx_word' id='word_1_121' title='bbox 1144 1083 1226 1127; x_wconf 74' lang='grc' dir='ltr'><strong>ὑπὸ</strong></span> <span class='ocrx_word' id='word_1_122' title='bbox 1260 1088 1341 1128; x_wconf 78' lang='grc' dir='ltr'><strong>τῶν</strong></span> <span class='ocrx_word' id='word_1_123' title='bbox 1357 1082 1628 1140; x_wconf 78' lang='grc' dir='ltr'><strong><em>Ἰσμαηλιτῶν</em></strong></span> <span class='ocrx_word' id='word_1_124' title='bbox 1643 1101 1717 1126; x_wconf 80' lang='grc' dir='ltr'><strong>κα-</strong></span> 
     </span>
     <span class='ocr_line' id='line_1_16' title="bbox 161 1149 1779 1206; baseline 0.002 -16"><span class='ocrx_word' id='word_1_125' title='bbox 161 1155 197 1190; x_wconf 82' lang='grc' dir='ltr'><strong>Ρ.</strong></span> <span class='ocrx_word' id='word_1_126' title='bbox 209 1157 271 1202; x_wconf 76' lang='lat'><strong>267</strong></span> <span class='ocrx_word' id='word_1_127' title='bbox 288 1165 329 1191; x_wconf 84' lang='grc' dir='ltr'><strong>τε</strong></span> <span class='ocrx_word' id='word_1_128' title='bbox 331 1149 521 1203; x_wconf 78' lang='grc' dir='ltr'><strong><em>χόμενον,</em></strong></span> <span class='ocrx_word' id='word_1_129' title='bbox 539 1151 609 1191; x_wconf 85' lang='grc' dir='ltr'><em>καί</em></span> <span class='ocrx_word' id='word_1_130' title='bbox 633 1150 820 1204; x_wconf 81' lang='grc' dir='ltr'><strong><em>μογήσας</em></strong></span> <span class='ocrx_word' id='word_1_131' title='bbox 838 1153 905 1206; x_wconf 82' lang='grc' dir='ltr'><strong>ἐφ’</strong></span> <span class='ocrx_word' id='word_1_132' title='bbox 918 1149 1059 1192; x_wconf 76' lang='grc' dir='ltr'><strong><em>ἱκανὸν</em></strong></span> <span class='ocrx_word' id='word_1_133' title='bbox 1076 1151 1180 1205; x_wconf 70' lang='grc' dir='ltr'><strong><em>ὑπὲρ</em></strong></span> <span class='ocrx_word' id='word_1_134' title='bbox 1196 1153 1272 1193; x_wconf 78' lang='grc' dir='ltr'><strong>τοῦ</strong></span> <span class='ocrx_word' id='word_1_135' title='bbox 1291 1149 1493 1204; x_wconf 84' lang='grc' dir='ltr'><strong><em>ὀνόματος</em></strong></span> <span class='ocrx_word' id='word_1_136' title='bbox 1512 1151 1587 1192; x_wconf 80' lang='grc' dir='ltr'><strong>τοῦ</strong></span> <span class='ocrx_word' id='word_1_137' title='bbox 1608 1154 1715 1204; x_wconf 88' lang='grc' dir='ltr'><strong><em>Χρι-</em></strong></span> <span class='ocrx_word' id='word_1_138' title='bbox 1733 1151 1779 1194; x_wconf 84' lang='lat'><strong>15</strong></span> 
     </span>
     <span class='ocr_line' id='line_1_17' title="bbox 284 1214 1717 1270; baseline 0.001 -14"><span class='ocrx_word' id='word_1_139' title='bbox 284 1215 388 1256; x_wconf 80' lang='grc' dir='ltr'><strong>στοῦ</strong></span> <span class='ocrx_word' id='word_1_140' title='bbox 417 1217 487 1256; x_wconf 78' lang='grc' dir='ltr'><strong>καί</strong></span> <span class='ocrx_word' id='word_1_141' title='bbox 515 1214 641 1263; x_wconf 69' lang='grc' dir='ltr'><strong><em>αὕτὸς</em></strong></span> <span class='ocrx_word' id='word_1_142' title='bbox 667 1217 797 1257; x_wconf 82' lang='grc' dir='ltr'><strong><em>ἐκεῖσε</em></strong></span> <span class='ocrx_word' id='word_1_143' title='bbox 827 1215 903 1270; x_wconf 85' lang='grc' dir='ltr'><strong>τήν</strong></span> <span class='ocrx_word' id='word_1_144' title='bbox 930 1215 1040 1269; x_wconf 80' lang='grc' dir='ltr'><strong><em>ζωήν</em></strong></span> <span class='ocrx_word' id='word_1_145' title='bbox 1065 1219 1328 1258; x_wconf 85' lang='grc' dir='ltr'><strong><em>καταλέλυκε.</em></strong></span> <span class='ocrx_word' id='word_1_146' title='bbox 1385 1215 1431 1257; x_wconf 81' lang='grc' dir='ltr'><strong><em>τὸ</em></strong></span> <span class='ocrx_word' id='word_1_147' title='bbox 1463 1218 1508 1257; x_wconf 79' lang='grc' dir='ltr'><strong>δὲ</strong></span> <span class='ocrx_word' id='word_1_148' title='bbox 1536 1220 1717 1270; x_wconf 80' lang='grc' dir='ltr'><strong><em>περιλει-</em></strong></span> 
     </span>
     <span class='ocr_line' id='line_1_18' title="bbox 284 1280 1718 1336; baseline 0.002 -15"><span class='ocrx_word' id='word_1_149' title='bbox 284 1282 394 1336; x_wconf 71' lang='grc' dir='ltr'><strong><em>φθὲν</em></strong></span> <span class='ocrx_word' id='word_1_150' title='bbox 422 1281 497 1322; x_wconf 75' lang='grc' dir='ltr'><strong>τοῦ</strong></span> <span class='ocrx_word' id='word_1_151' title='bbox 525 1280 835 1334; x_wconf 76' lang='grc' dir='ltr'><strong><em>στρατεύματος</em></strong></span> <span class='ocrx_word' id='word_1_152' title='bbox 874 1282 1012 1322; x_wconf 83' lang='grc' dir='ltr'><strong><em>ου’κέτι</em></strong></span> <span class='ocrx_word' id='word_1_153' title='bbox 1041 1281 1109 1323; x_wconf 76' lang='grc' dir='ltr'><strong><em>διὰ</em></strong></span> <span class='ocrx_word' id='word_1_154' title='bbox 1138 1284 1212 1336; x_wconf 76' lang='grc' dir='ltr'><strong><em>τῆς</em></strong></span> <span class='ocrx_word' id='word_1_155' title='bbox 1249 1280 1422 1336; x_wconf 74' lang='grc' dir='ltr'><strong><em>ἠπείρου</em></strong></span> <span class='ocrx_word' id='word_1_156' title='bbox 1460 1283 1617 1323; x_wconf 77' lang='grc' dir='ltr'><strong><em>θέσθαι</em></strong></span> <span class='ocrx_word' id='word_1_157' title='bbox 1643 1280 1718 1335; x_wconf 82' lang='grc' dir='ltr'><strong>τήν</strong></span> 
     </span>
     <span class='ocr_line' id='line_1_19' title="bbox 282 1342 1717 1400; baseline 0.001 -13"><span class='ocrx_word' id='word_1_158' title='bbox 282 1345 483 1387; x_wconf 76' lang='grc' dir='ltr'><strong><em>ἐπάνοδον</em></strong></span> <span class='ocrx_word' id='word_1_159' title='bbox 510 1347 777 1398; x_wconf 66' lang='grc' dir='ltr'><strong><em>ε’δοκιζιιασεν,</em></strong></span> <span class='ocrx_word' id='word_1_160' title='bbox 806 1346 999 1387; x_wconf 84' lang='grc' dir='ltr'><strong><em>α’πιστίαν</em></strong></span> <span class='ocrx_word' id='word_1_161' title='bbox 1027 1344 1277 1400; x_wconf 78' lang='grc' dir='ltr'><strong><em>κατεγνωκός</em></strong></span> <span class='ocrx_word' id='word_1_162' title='bbox 1308 1348 1389 1388; x_wconf 74' lang='grc' dir='ltr'><strong>τῶν</strong></span> <span class='ocrx_word' id='word_1_163' title='bbox 1417 1348 1549 1388; x_wconf 76' lang='grc' dir='ltr'><strong><em>ἐθνῶν</em></strong></span> <span class='ocrx_word' id='word_1_164' title='bbox 1577 1349 1631 1388; x_wconf 77' lang='grc' dir='ltr'><strong><em>δι’</em></strong></span> <span class='ocrx_word' id='word_1_165' title='bbox 1658 1342 1717 1390; x_wconf 75' lang='grc' dir='ltr'><strong><em>ὧν</em></strong></span> 
     </span>
     <span class='ocr_line' id='line_1_20' title="bbox 281 1407 1714 1466; baseline 0.003 -16"><span class='ocrx_word' id='word_1_166' title='bbox 281 1410 550 1464; x_wconf 76' lang='grc' dir='ltr'><strong><em>παρώδευσε,</em></strong></span> <span class='ocrx_word' id='word_1_167' title='bbox 579 1413 730 1453; x_wconf 88' lang='grc' dir='ltr'><strong><em>πλοίων</em></strong></span> <span class='ocrx_word' id='word_1_168' title='bbox 760 1412 798 1451; x_wconf 82' lang='grc' dir='ltr'><strong>δ’</strong></span> <span class='ocrx_word' id='word_1_169' title='bbox 824 1407 1061 1465; x_wconf 82' lang='grc' dir='ltr'><strong><em>εὖπορῆσαν</em></strong></span> <span class='ocrx_word' id='word_1_170' title='bbox 1084 1407 1366 1466; x_wconf 74' lang='grc' dir='ltr'><strong><em>στρογγύλων,</em></strong></span> <span class='ocrx_word' id='word_1_171' title='bbox 1397 1408 1501 1466; x_wconf 75' lang='grc' dir='ltr'><strong><em>ἅπερ</em></strong></span> <span class='ocrx_word' id='word_1_172' title='bbox 1534 1407 1641 1466; x_wconf 72' lang='grc' dir='ltr'><strong><em>ἦσαν</em></strong></span> <span class='ocrx_word' id='word_1_173' title='bbox 1668 1414 1714 1455; x_wconf 80' lang='grc' dir='ltr'><strong>ἐκ</strong></span> 
     </span>
     <span class='ocr_line' id='line_1_21' title="bbox 280 1471 1777 1532; baseline 0 -15"><span class='ocrx_word' id='word_1_174' title='bbox 280 1477 361 1517; x_wconf 76' lang='grc' dir='ltr'><strong><em>τῶν</em></strong></span> <span class='ocrx_word' id='word_1_175' title='bbox 389 1474 617 1531; x_wconf 74' lang='grc' dir='ltr'><strong><em>ὁμοφύλων</em></strong></span> <span class='ocrx_word' id='word_1_176' title='bbox 656 1471 798 1524; x_wconf 70' lang='grc' dir='ltr'><strong><em>αὐτοῖς</em></strong></span> <span class='ocrx_word' id='word_1_177' title='bbox 824 1478 953 1530; x_wconf 69' lang='grc' dir='ltr'><strong><em>γενῶν</em></strong></span> <span class='ocrx_word' id='word_1_178' title='bbox 980 1479 1040 1526; x_wconf 85' lang='grc' dir='ltr'><strong>εἰς</strong></span> <span class='ocrx_word' id='word_1_179' title='bbox 1073 1474 1207 1532; x_wconf 80' lang='grc' dir='ltr'><strong><em>Τύρον</em></strong></span> <span class='ocrx_word' id='word_1_180' title='bbox 1233 1477 1482 1530; x_wconf 85' lang='grc' dir='ltr'><strong><em>καταίροντα</em></strong></span> <span class='ocrx_word' id='word_1_181' title='bbox 1498 1508 1511 1529; x_wconf 88' lang='grc'><strong><em>,</em></strong></span> <span class='ocrx_word' id='word_1_182' title='bbox 1538 1483 1624 1527; x_wconf 80' lang='grc' dir='ltr'><strong><em>τοῖς</em></strong></span> <span class='ocrx_word' id='word_1_183' title='bbox 1655 1476 1714 1520; x_wconf 87' lang='grc' dir='ltr'><strong><em>οἴ-</em></strong></span> <span class='ocrx_word' id='word_1_184' title='bbox 1726 1490 1777 1517; x_wconf 85' lang='lat'><strong>20</strong></span> 
     </span>
     <span class='ocr_line' id='line_1_22' title="bbox 282 1540 685 1592; baseline 0.007 -12"><span class='ocrx_word' id='word_1_185' title='bbox 282 1541 382 1582; x_wconf 78' lang='grc' dir='ltr'><strong>καὸε</strong></span> <span class='ocrx_word' id='word_1_186' title='bbox 417 1540 685 1592; x_wconf 78' lang='grc' dir='ltr'><strong><em>ἀνασώζεται.</em></strong></span> 
     </span>
     <span class='ocr_line' id='line_1_23' title="bbox 397 1605 1714 1665; baseline 0.002 -17"><span class='ocrx_word' id='word_1_187' title='bbox 397 1608 462 1663; x_wconf 74' lang='grc' dir='ltr'><strong>Τῷ</strong></span> <span class='ocrx_word' id='word_1_188' title='bbox 483 1607 614 1663; x_wconf 72' lang='grc' dir='ltr'><strong><em>καιρῷ</em></strong></span> <span class='ocrx_word' id='word_1_189' title='bbox 647 1608 692 1648; x_wconf 78' lang='grc' dir='ltr'><strong>δὲ</strong></span> <span class='ocrx_word' id='word_1_190' title='bbox 722 1605 850 1664; x_wconf 71' lang='grc' dir='ltr'><strong><em>τούτῳ</em></strong></span> <span class='ocrx_word' id='word_1_191' title='bbox 879 1608 928 1649; x_wconf 75' lang='grc' dir='ltr'><strong><em>οὐ</em></strong></span> <span class='ocrx_word' id='word_1_192' title='bbox 962 1605 1086 1660; x_wconf 80' lang='grc' dir='ltr'><strong><em>μόνον</em></strong></span> <span class='ocrx_word' id='word_1_193' title='bbox 1113 1609 1340 1661; x_wconf 83' lang='grc' dir='ltr'><strong><em>Ἁλαμανοί</em></strong></span> <span class='ocrx_word' id='word_1_194' title='bbox 1377 1607 1478 1650; x_wconf 75' lang='grc' dir='ltr'><strong><em>κατὰ</em></strong></span> <span class='ocrx_word' id='word_1_195' title='bbox 1519 1609 1601 1650; x_wconf 75' lang='grc' dir='ltr'><strong><em>τῶν</em></strong></span> <span class='ocrx_word' id='word_1_196' title='bbox 1640 1606 1714 1665; x_wconf 74' lang='grc' dir='ltr'><strong><em>τήν</em></strong></span> 
     </span>
    </p>
   </div>
   <div class='ocr_carea' id='block_1_3' title="bbox 373 1738 1389 1786">
    <p class='ocr_par' dir='ltr' id='par_1_3' title="bbox 373 1738 1389 1786">
     <span class='ocr_line' id='line_1_24' title="bbox 373 1738 1389 1786; baseline 0.002 -13"><span class='ocrx_word' id='word_1_197' title='bbox 373 1740 407 1773; x_wconf 82' lang='grc' dir='ltr'><strong>Β.</strong></span> <span class='ocrx_word' id='word_1_198' title='bbox 432 1738 672 1786; x_wconf 75' lang='grc' dir='ltr'><strong><em>προσωτέρω]</em></strong></span> <span class='ocrx_word' id='word_1_199' title='bbox 699 1739 907 1785; x_wconf 73' lang='grc' dir='ltr'><strong><em>περαιτέρω</em></strong></span> <span class='ocrx_word' id='word_1_200' title='bbox 931 1740 969 1774; x_wconf 85' lang='grc' dir='ltr'><strong>Α.</strong></span> <span class='ocrx_word' id='word_1_201' title='bbox 1094 1740 1143 1784; x_wconf 72' lang='grc'><strong>14.</strong></span> <span class='ocrx_word' id='word_1_202' title='bbox 1170 1741 1246 1775; x_wconf 77' lang='grc' dir='ltr'><strong>τῶν</strong></span> <span class='ocrx_word' id='word_1_203' title='bbox 1271 1751 1327 1773; x_wconf 85' lang='lat' dir='ltr'><strong>om</strong></span> <span class='ocrx_word' id='word_1_204' title='bbox 1350 1742 1389 1775; x_wconf 79' lang='lat' dir='ltr'><strong>A.</strong></span> 
     </span>
    </p>
   </div>
   <div class='ocr_carea' id='block_1_4' title="bbox 277 1849 1766 2730">
    <p class='ocr_par' dir='ltr' id='par_1_4' title="bbox 277 1849 1766 2676">
     <span class='ocr_line' id='line_1_25' title="bbox 285 1849 1709 1898; baseline 0.003 -14"><span class='ocrx_word' id='word_1_205' title='bbox 285 1851 475 1884; x_wconf 80' lang='lat' dir='ltr'><strong>aestimans</strong></span> <span class='ocrx_word' id='word_1_206' title='bbox 500 1849 613 1891; x_wconf 79' lang='lat' dir='ltr'><strong>abiit,</strong></span> <span class='ocrx_word' id='word_1_207' title='bbox 636 1862 709 1884; x_wconf 87' lang='lat' dir='ltr'><strong>non</strong></span> <span class='ocrx_word' id='word_1_208' title='bbox 734 1852 839 1884; x_wconf 85' lang='lat' dir='ltr'><strong>modo</strong></span> <span class='ocrx_word' id='word_1_209' title='bbox 865 1857 905 1885; x_wconf 83' lang='lat' dir='ltr'><strong>ut</strong></span> <span class='ocrx_word' id='word_1_210' title='bbox 929 1853 1145 1893; x_wconf 81' lang='lat' dir='ltr'><strong>vinciretur,</strong></span> <span class='ocrx_word' id='word_1_211' title='bbox 1174 1853 1237 1886; x_wconf 86' lang='lat' dir='ltr'><strong>sed</strong></span> <span class='ocrx_word' id='word_1_212' title='bbox 1272 1854 1377 1886; x_wconf 84' lang='lat' dir='ltr'><strong>etiam</strong></span> <span class='ocrx_word' id='word_1_213' title='bbox 1413 1859 1453 1886; x_wconf 84' lang='lat' dir='ltr'><strong>ut</strong></span> <span class='ocrx_word' id='word_1_214' title='bbox 1486 1865 1550 1898; x_wconf 86' lang='lat' dir='ltr'><strong>pro</strong></span> <span class='ocrx_word' id='word_1_215' title='bbox 1577 1854 1709 1889; x_wconf 74' lang='lat' dir='ltr'><strong>Clu-isti</strong></span> 
     </span>
     <span class='ocr_line' id='line_1_26' title="bbox 282 1898 1766 1945; baseline 0.001 -14"><span class='ocrx_word' id='word_1_216' title='bbox 282 1898 427 1932; x_wconf 88' lang='lat' dir='ltr'><strong>nomine</strong></span> <span class='ocrx_word' id='word_1_217' title='bbox 455 1902 662 1930; x_wconf 82' lang='lat' dir='ltr'><strong>moreretur.</strong></span> <span class='ocrx_word' id='word_1_218' title='bbox 689 1898 778 1930; x_wconf 85' lang='lat' dir='ltr'><strong>adeo</strong></span> <span class='ocrx_word' id='word_1_219' title='bbox 808 1899 1024 1942; x_wconf 82' lang='lat' dir='ltr'><strong>apostolicus</strong></span> <span class='ocrx_word' id='word_1_220' title='bbox 1051 1900 1120 1932; x_wconf 81' lang='lat' dir='ltr'><strong>suit</strong></span> <span class='ocrx_word' id='word_1_221' title='bbox 1146 1899 1244 1931; x_wconf 82' lang='lat' dir='ltr'><strong>illius</strong></span> <span class='ocrx_word' id='word_1_222' title='bbox 1268 1900 1334 1931; x_wconf 89' lang='lat' dir='ltr'><strong>viri</strong></span> <span class='ocrx_word' id='word_1_223' title='bbox 1363 1901 1479 1932; x_wconf 86' lang='lat' dir='ltr'><strong>servor</strong></span> <span class='ocrx_word' id='word_1_224' title='bbox 1504 1906 1540 1933; x_wconf 83' lang='lat' dir='ltr'><strong>et.</strong></span> <span class='ocrx_word' id='word_1_225' title='bbox 1564 1901 1711 1945; x_wconf 84' lang='lat' dir='ltr'><strong>religio·</strong></span> <span class='ocrx_word' id='word_1_226' title='bbox 1758 1922 1766 1932; x_wconf 89' lang='lat'>.</span> 
     </span>
     <span class='ocr_line' id='line_1_27' title="bbox 283 1943 1711 1990; baseline 0.002 -14"><span class='ocrx_word' id='word_1_227' title='bbox 283 1956 360 1977; x_wconf 87' lang='lat' dir='ltr'><strong>sum</strong></span> <span class='ocrx_word' id='word_1_228' title='bbox 385 1944 614 1984; x_wconf 79' lang='lat' dir='ltr'><strong>institutum„</strong></span> <span class='ocrx_word' id='word_1_229' title='bbox 643 1943 736 1976; x_wconf 80' lang='lat' dir='ltr'><strong>nihil</strong></span> <span class='ocrx_word' id='word_1_230' title='bbox 760 1956 881 1977; x_wconf 85' lang='lat' dir='ltr'><strong>eorum</strong></span> <span class='ocrx_word' id='word_1_231' title='bbox 909 1946 1143 1978; x_wconf 76' lang='lat' dir='ltr'><strong>sanctimonia</strong></span> <span class='ocrx_word' id='word_1_232' title='bbox 1169 1946 1318 1979; x_wconf 81' lang='lat' dir='ltr'><strong>inferius</strong></span> <span class='ocrx_word' id='word_1_233' title='bbox 1343 1946 1403 1990; x_wconf 86' lang='lat' dir='ltr'><strong>qui</strong></span> <span class='ocrx_word' id='word_1_234' title='bbox 1430 1951 1528 1979; x_wconf 78' lang='lat' dir='ltr'><strong>extra</strong></span> <span class='ocrx_word' id='word_1_235' title='bbox 1552 1958 1711 1980; x_wconf 85' lang='lat' dir='ltr'><strong>commu-</strong></span> 
     </span>
     <span class='ocr_line' id='line_1_28' title="bbox 282 1991 1710 2034; baseline 0.003 -11"><span class='ocrx_word' id='word_1_236' title='bbox 282 2002 365 2024; x_wconf 86' lang='lat' dir='ltr'><strong>nem</strong></span> <span class='ocrx_word' id='word_1_237' title='bbox 402 1995 533 2022; x_wconf 82' lang='lat' dir='ltr'><strong>sortem</strong></span> <span class='ocrx_word' id='word_1_238' title='bbox 567 1991 677 2034; x_wconf 82' lang='lat' dir='ltr'><strong>positi</strong></span> <span class='ocrx_word' id='word_1_239' title='bbox 711 1996 788 2024; x_wconf 82' lang='lat' dir='ltr'><strong>tota</strong></span> <span class='ocrx_word' id='word_1_240' title='bbox 829 1992 1058 2024; x_wconf 79' lang='lat' dir='ltr'>contentione</span> <span class='ocrx_word' id='word_1_241' title='bbox 1089 1993 1285 2024; x_wconf 86' lang='lat' dir='ltr'><strong>animorum</strong></span> <span class='ocrx_word' id='word_1_242' title='bbox 1324 1992 1369 2024; x_wconf 84' lang='lat' dir='ltr'><strong>ad</strong></span> <span class='ocrx_word' id='word_1_243' title='bbox 1403 1993 1498 2025; x_wconf 79' lang='lat' dir='ltr'><strong>vitae</strong></span> <span class='ocrx_word' id='word_1_244' title='bbox 1533 1994 1710 2027; x_wconf 78' lang='lat' dir='ltr'><strong>rationem</strong></span> 
     </span>
     <span class='ocr_line' id='line_1_29' title="bbox 283 2036 1710 2081; baseline 0.002 -11"><span class='ocrx_word' id='word_1_245' title='bbox 283 2036 507 2079; x_wconf 81' lang='lat' dir='ltr'><strong>evangelicae</strong></span> <span class='ocrx_word' id='word_1_246' title='bbox 528 2036 738 2069; x_wconf 82' lang='lat' dir='ltr'><strong>‘celsitudini</strong></span> <span class='ocrx_word' id='word_1_247' title='bbox 765 2038 1039 2081; x_wconf 72' lang='lat' dir='ltr'>respondentem</span> <span class='ocrx_word' id='word_1_248' title='bbox 1065 2039 1238 2078; x_wconf 84' lang='lat' dir='ltr'><strong>feruntur,</strong></span> <span class='ocrx_word' id='word_1_249' title='bbox 1265 2045 1299 2070; x_wconf 80' lang='lat' dir='ltr'><strong>et</strong></span> <span class='ocrx_word' id='word_1_250' title='bbox 1319 2040 1429 2071; x_wconf 83' lang='lat' dir='ltr'><strong>totius</strong></span> <span class='ocrx_word' id='word_1_251' title='bbox 1452 2040 1579 2072; x_wconf 83' lang='lat' dir='ltr'><strong>aetatis</strong></span> <span class='ocrx_word' id='word_1_252' title='bbox 1605 2051 1710 2073; x_wconf 77' lang='lat' dir='ltr'><strong>cursu</strong></span> 
     </span>
     <span class='ocr_line' id='line_1_30' title="bbox 283 2082 1709 2130; baseline 0.003 -16"><span class='ocrx_word' id='word_1_253' title='bbox 283 2093 327 2115; x_wconf 85' lang='lat' dir='ltr'><strong>eo</strong></span> <span class='ocrx_word' id='word_1_254' title='bbox 353 2082 488 2115; x_wconf 78' lang='lat' dir='ltr'><strong>directo</strong></span> <span class='ocrx_word' id='word_1_255' title='bbox 515 2093 569 2115; x_wconf 85' lang='lat' dir='ltr'><strong>res</strong></span> <span class='ocrx_word' id='word_1_256' title='bbox 592 2082 763 2116; x_wconf 82' lang='lat' dir='ltr'><strong>humanas</strong></span> <span class='ocrx_word' id='word_1_257' title='bbox 787 2095 851 2128; x_wconf 84' lang='lat' dir='ltr'><strong>pro</strong></span> <span class='ocrx_word' id='word_1_258' title='bbox 878 2085 1092 2117; x_wconf 77' lang='lat' dir='ltr'><strong>stercoribus</strong></span> <span class='ocrx_word' id='word_1_259' title='bbox 1118 2085 1366 2129; x_wconf 76' lang='lat' dir='ltr'><strong>despexerunt.</strong></span> <span class='ocrx_word' id='word_1_260' title='bbox 1406 2096 1446 2117; x_wconf 88' lang='lat' dir='ltr'><strong>ac</strong></span> <span class='ocrx_word' id='word_1_261' title='bbox 1477 2086 1507 2118; x_wconf 90' lang='lat' dir='ltr'><strong>is</strong></span> <span class='ocrx_word' id='word_1_262' title='bbox 1539 2085 1709 2130; x_wconf 83' lang='lat' dir='ltr'><strong>quidem,</strong></span> 
     </span>
     <span class='ocr_line' id='line_1_31' title="bbox 283 2128 1709 2176; baseline 0.003 -16"><span class='ocrx_word' id='word_1_263' title='bbox 283 2133 325 2161; x_wconf 85' lang='lat' dir='ltr'><strong>ut</strong></span> <span class='ocrx_word' id='word_1_264' title='bbox 349 2128 438 2160; x_wconf 87' lang='lat' dir='ltr'><strong>mihi</strong></span> <span class='ocrx_word' id='word_1_265' title='bbox 462 2139 670 2172; x_wconf 84' lang='lat' dir='ltr'><strong>persuasum</strong></span> <span class='ocrx_word' id='word_1_266' title='bbox 699 2135 773 2170; x_wconf 84' lang='lat' dir='ltr'><strong>est,</strong></span> <span class='ocrx_word' id='word_1_267' title='bbox 800 2131 954 2162; x_wconf 79' lang='lat' dir='ltr'><strong>feliciter</strong></span> <span class='ocrx_word' id='word_1_268' title='bbox 979 2137 1032 2163; x_wconf 83' lang='lat' dir='ltr'><strong>est</strong></span> <span class='ocrx_word' id='word_1_269' title='bbox 1056 2131 1256 2175; x_wconf 80' lang='lat' dir='ltr'><strong>defunctus.</strong></span> <span class='ocrx_word' id='word_1_270' title='bbox 1282 2132 1376 2163; x_wconf 84' lang='lat' dir='ltr'><strong>filius</strong></span> <span class='ocrx_word' id='word_1_271' title='bbox 1401 2136 1519 2164; x_wconf 83' lang='lat' dir='ltr'><strong>autem</strong></span> <span class='ocrx_word' id='word_1_272' title='bbox 1545 2132 1621 2164; x_wconf 80' lang='lat' dir='ltr'><strong>eius</strong></span> <span class='ocrx_word' id='word_1_273' title='bbox 1643 2143 1709 2176; x_wconf 86' lang='lat' dir='ltr'><strong>pa—</strong></span> 
     </span>
     <span class='ocr_line' id='line_1_32' title="bbox 283 2174 1707 2220; baseline 0.003 -13"><span class='ocrx_word' id='word_1_274' title='bbox 283 2180 386 2207; x_wconf 80' lang='lat' dir='ltr'><strong>terno</strong></span> <span class='ocrx_word' id='word_1_275' title='bbox 428 2174 631 2218; x_wconf 85' lang='lat' dir='ltr'><strong>principatu</strong></span> <span class='ocrx_word' id='word_1_276' title='bbox 669 2181 832 2220; x_wconf 80' lang='lat' dir='ltr'><strong>suscepto</strong></span> <span class='ocrx_word' id='word_1_277' title='bbox 873 2177 1097 2209; x_wconf 82' lang='lat' dir='ltr'>Antiochiam</span> <span class='ocrx_word' id='word_1_278' title='bbox 1132 2178 1241 2210; x_wconf 86' lang='lat' dir='ltr'><strong>venit.</strong></span> <span class='ocrx_word' id='word_1_279' title='bbox 1288 2177 1383 2209; x_wconf 88' lang='lat' dir='ltr'><strong>unde</strong></span> <span class='ocrx_word' id='word_1_280' title='bbox 1425 2177 1462 2209; x_wconf 87' lang='lat' dir='ltr'><strong>in</strong></span> <span class='ocrx_word' id='word_1_281' title='bbox 1499 2176 1707 2211; x_wconf 80' lang='lat' dir='ltr'><strong>ulteriorem</strong></span> 
     </span>
     <span class='ocr_line' id='line_1_33' title="bbox 283 2220 1708 2263; baseline 0.004 -12"><span class='ocrx_word' id='word_1_282' title='bbox 283 2220 521 2262; x_wconf 82' lang='lat' dir='ltr'><strong>Coelesyriam</strong></span> <span class='ocrx_word' id='word_1_283' title='bbox 547 2221 727 2263; x_wconf 73' lang='lat' dir='ltr'><strong>profectus</strong></span> <span class='ocrx_word' id='word_1_284' title='bbox 752 2222 962 2254; x_wconf 81' lang='lat' dir='ltr'><strong>Laodiceam</strong></span> <span class='ocrx_word' id='word_1_285' title='bbox 993 2223 1170 2256; x_wconf 77' lang='lat' dir='ltr'><strong>seditione</strong></span> <span class='ocrx_word' id='word_1_286' title='bbox 1196 2223 1416 2255; x_wconf 78' lang='lat' dir='ltr'><strong>laborantem</strong></span> <span class='ocrx_word' id='word_1_287' title='bbox 1449 2227 1484 2255; x_wconf 87' lang='lat' dir='ltr'><strong>et</strong></span> <span class='ocrx_word' id='word_1_288' title='bbox 1503 2222 1547 2255; x_wconf 88' lang='lat' dir='ltr'><strong>ad</strong></span> <span class='ocrx_word' id='word_1_289' title='bbox 1575 2225 1708 2257; x_wconf 85' lang='lat' dir='ltr'><strong>Ismae-</strong></span> 
     </span>
     <span class='ocr_line' id='line_1_34' title="bbox 282 2266 1708 2314; baseline 0.004 -16"><span class='ocrx_word' id='word_1_290' title='bbox 282 2266 364 2299; x_wconf 72' lang='lat' dir='ltr'><strong>litas</strong></span> <span class='ocrx_word' id='word_1_291' title='bbox 389 2266 621 2299; x_wconf 85' lang='lat' dir='ltr'><strong>inclinantem</strong></span> <span class='ocrx_word' id='word_1_292' title='bbox 644 2269 794 2311; x_wconf 80' lang='lat' dir='ltr'><strong>pacavit.</strong></span> <span class='ocrx_word' id='word_1_293' title='bbox 823 2270 985 2311; x_wconf 78' lang='lat' dir='ltr'><strong>Berytum</strong></span> <span class='ocrx_word' id='word_1_294' title='bbox 1011 2281 1155 2314; x_wconf 86' lang='lat' dir='ltr'><strong>quoque</strong></span> <span class='ocrx_word' id='word_1_295' title='bbox 1181 2270 1282 2301; x_wconf 81' lang='lat' dir='ltr'><strong>nulio</strong></span> <span class='ocrx_word' id='word_1_296' title='bbox 1309 2269 1432 2301; x_wconf 85' lang='lat' dir='ltr'><strong>labore</strong></span> <span class='ocrx_word' id='word_1_297' title='bbox 1456 2269 1614 2312; x_wconf 79' lang='lat' dir='ltr'><strong>subegit3</strong></span> <span class='ocrx_word' id='word_1_298' title='bbox 1651 2276 1708 2304; x_wconf 81' lang='lat' dir='ltr'><strong>at-</strong></span> 
     </span>
     <span class='ocr_line' id='line_1_35' title="bbox 282 2312 1706 2360; baseline 0.005 -17"><span class='ocrx_word' id='word_1_299' title='bbox 282 2323 353 2356; x_wconf 85' lang='lat' dir='ltr'><strong>que</strong></span> <span class='ocrx_word' id='word_1_300' title='bbox 381 2312 461 2344; x_wconf 87' lang='lat' dir='ltr'><strong>aliis</strong></span> <span class='ocrx_word' id='word_1_301' title='bbox 486 2312 649 2355; x_wconf 82' lang='lat' dir='ltr'><strong>plurimis</strong></span> <span class='ocrx_word' id='word_1_302' title='bbox 676 2314 827 2356; x_wconf 78' lang='lat' dir='ltr'><strong>Syriacis</strong></span> <span class='ocrx_word' id='word_1_303' title='bbox 857 2316 1027 2356; x_wconf 85' lang='lat' dir='ltr'><strong>urbibus,</strong></span> <span class='ocrx_word' id='word_1_304' title='bbox 1055 2326 1146 2360; x_wconf 86' lang='lat' dir='ltr'><strong>quae</strong></span> <span class='ocrx_word' id='word_1_305' title='bbox 1175 2315 1312 2359; x_wconf 84' lang='lat' dir='ltr'><strong>pridem</strong></span> <span class='ocrx_word' id='word_1_306' title='bbox 1340 2314 1477 2347; x_wconf 84' lang='lat' dir='ltr'><strong>Latinis</strong></span> <span class='ocrx_word' id='word_1_307' title='bbox 1500 2323 1706 2360; x_wconf 84' lang='lat' dir='ltr'><strong>paruerant,</strong></span> 
     </span>
     <span class='ocr_line' id='line_1_36' title="bbox 280 2357 1705 2406; baseline 0.004 -16"><span class='ocrx_word' id='word_1_308' title='bbox 280 2364 357 2391; x_wconf 82' lang='lat' dir='ltr'><strong>tum</strong></span> <span class='ocrx_word' id='word_1_309' title='bbox 384 2368 467 2390; x_wconf 84' lang='lat' dir='ltr'><strong>vero</strong></span> <span class='ocrx_word' id='word_1_310' title='bbox 505 2357 550 2389; x_wconf 78' lang='lat' dir='ltr'><strong>ad</strong></span> <span class='ocrx_word' id='word_1_311' title='bbox 583 2358 792 2392; x_wconf 84' lang='lat' dir='ltr'><strong>Sarracenos</strong></span> <span class='ocrx_word' id='word_1_312' title='bbox 830 2360 1054 2402; x_wconf 75' lang='lat' dir='ltr'><strong>defecerant,</strong></span> <span class='ocrx_word' id='word_1_313' title='bbox 1089 2362 1245 2405; x_wconf 83' lang='lat' dir='ltr'><strong>potitus,</strong></span> <span class='ocrx_word' id='word_1_314' title='bbox 1288 2366 1324 2393; x_wconf 86' lang='lat' dir='ltr'><strong>et</strong></span> <span class='ocrx_word' id='word_1_315' title='bbox 1359 2360 1492 2403; x_wconf 83' lang='lat' dir='ltr'><strong>Tyrum</strong></span> <span class='ocrx_word' id='word_1_316' title='bbox 1523 2363 1705 2406; x_wconf 77' lang='lat' dir='ltr'><strong>profectus</strong></span> 
     </span>
     <span class='ocr_line' id='line_1_37' title="bbox 279 2404 1706 2451; baseline 0.004 -14"><span class='ocrx_word' id='word_1_317' title='bbox 279 2405 399 2443; x_wconf 86' lang='lat' dir='ltr'><strong>Acen,</strong></span> <span class='ocrx_word' id='word_1_318' title='bbox 425 2414 531 2447; x_wconf 82' lang='lat' dir='ltr'><strong>quam</strong></span> <span class='ocrx_word' id='word_1_319' title='bbox 556 2404 758 2438; x_wconf 85' lang='lat' dir='ltr'><strong>Ismaelitae</strong></span> <span class='ocrx_word' id='word_1_320' title='bbox 787 2413 1022 2450; x_wconf 78' lang='lat' dir='ltr'><strong>occuparant,</strong></span> <span class='ocrx_word' id='word_1_321' title='bbox 1059 2408 1222 2448; x_wconf 80' lang='lat' dir='ltr'><strong>obsedit3</strong></span> <span class='ocrx_word' id='word_1_322' title='bbox 1258 2412 1294 2439; x_wconf 80' lang='lat' dir='ltr'><strong>et</strong></span> <span class='ocrx_word' id='word_1_323' title='bbox 1326 2407 1489 2451; x_wconf 88' lang='lat' dir='ltr'><strong>pluribus</strong></span> <span class='ocrx_word' id='word_1_324' title='bbox 1519 2407 1706 2443; x_wconf 78' lang='lat' dir='ltr'><strong>laboribus</strong></span> 
     </span>
     <span class='ocr_line' id='line_1_38' title="bbox 277 2449 1703 2496; baseline 0.005 -15"><span class='ocrx_word' id='word_1_325' title='bbox 277 2462 343 2495; x_wconf 85' lang='lat' dir='ltr'><strong>pro</strong></span> <span class='ocrx_word' id='word_1_326' title='bbox 376 2449 509 2482; x_wconf 78' lang='lat' dir='ltr'><strong>Christi</strong></span> <span class='ocrx_word' id='word_1_327' title='bbox 542 2451 687 2482; x_wconf 88' lang='lat' dir='ltr'><strong>nomine</strong></span> <span class='ocrx_word' id='word_1_328' title='bbox 721 2451 901 2484; x_wconf 78' lang='lat' dir='ltr'><strong>exhaustis</strong></span> <span class='ocrx_word' id='word_1_329' title='bbox 935 2458 1129 2485; x_wconf 75' lang='lat' dir='ltr'><strong>extremum</strong></span> <span class='ocrx_word' id='word_1_330' title='bbox 1159 2458 1195 2485; x_wconf 83' lang='lat' dir='ltr'><strong>et</strong></span> <span class='ocrx_word' id='word_1_331' title='bbox 1228 2453 1303 2496; x_wconf 88' lang='lat' dir='ltr'><strong>ipse</strong></span> <span class='ocrx_word' id='word_1_332' title='bbox 1347 2453 1442 2484; x_wconf 83' lang='lat' dir='ltr'><strong>diem</strong></span> <span class='ocrx_word' id='word_1_333' title='bbox 1477 2454 1528 2486; x_wconf 83' lang='lat' dir='ltr'><strong>ihi</strong></span> <span class='ocrx_word' id='word_1_334' title='bbox 1564 2455 1703 2488; x_wconf 78' lang='lat' dir='ltr'><strong>clausit.</strong></span> 
     </span>
     <span class='ocr_line' id='line_1_39' title="bbox 280 2496 1703 2542; baseline 0.004 -14"><span class='ocrx_word' id='word_1_335' title='bbox 280 2496 456 2528; x_wconf 83' lang='lat' dir='ltr'><strong>exercitus</strong></span> <span class='ocrx_word' id='word_1_336' title='bbox 481 2505 563 2528; x_wconf 84' lang='lat' dir='ltr'><strong>vero</strong></span> <span class='ocrx_word' id='word_1_337' title='bbox 598 2497 757 2540; x_wconf 86' lang='lat' dir='ltr'><strong>reliquus</strong></span> <span class='ocrx_word' id='word_1_338' title='bbox 786 2509 858 2530; x_wconf 92' lang='lat' dir='ltr'><strong>non</strong></span> <span class='ocrx_word' id='word_1_339' title='bbox 886 2500 1086 2531; x_wconf 83' lang='lat' dir='ltr'><strong>consultum</strong></span> <span class='ocrx_word' id='word_1_340' title='bbox 1113 2499 1214 2531; x_wconf 83' lang='lat' dir='ltr'><strong>duxit</strong></span> <span class='ocrx_word' id='word_1_341' title='bbox 1250 2504 1342 2531; x_wconf 87' lang='lat' dir='ltr'><strong>terra</strong></span> <span class='ocrx_word' id='word_1_342' title='bbox 1375 2498 1519 2532; x_wconf 88' lang='lat' dir='ltr'><strong>domum</strong></span> <span class='ocrx_word' id='word_1_343' title='bbox 1552 2502 1703 2542; x_wconf 80' lang='lat' dir='ltr'><strong>reverti,</strong></span> 
     </span>
     <span class='ocr_line' id='line_1_40' title="bbox 278 2541 1703 2589; baseline 0.005 -16"><span class='ocrx_word' id='word_1_344' title='bbox 278 2541 450 2587; x_wconf 83' lang='lat' dir='ltr'><strong>perfidiae</strong></span> <span class='ocrx_word' id='word_1_345' title='bbox 477 2547 573 2573; x_wconf 81' lang='lat' dir='ltr'><strong>metu</strong></span> <span class='ocrx_word' id='word_1_346' title='bbox 603 2553 722 2575; x_wconf 85' lang='lat' dir='ltr'><strong>earum</strong></span> <span class='ocrx_word' id='word_1_347' title='bbox 749 2545 906 2586; x_wconf 80' lang='lat' dir='ltr'><strong>gentium</strong></span> <span class='ocrx_word' id='word_1_348' title='bbox 932 2555 994 2588; x_wconf 82' lang='lat' dir='ltr'><strong>per</strong></span> <span class='ocrx_word' id='word_1_349' title='bbox 1020 2556 1107 2589; x_wconf 83' lang='lat' dir='ltr'><strong>quas</strong></span> <span class='ocrx_word' id='word_1_350' title='bbox 1131 2546 1385 2578; x_wconf 75' lang='lat' dir='ltr'><strong>transcundum</strong></span> <span class='ocrx_word' id='word_1_351' title='bbox 1424 2552 1518 2589; x_wconf 60' lang='grc' dir='ltr'><strong><em>στοις</em></strong></span> <span class='ocrx_word' id='word_1_352' title='bbox 1551 2547 1613 2580; x_wconf 85' lang='lat' dir='ltr'><strong>sed</strong></span> <span class='ocrx_word' id='word_1_353' title='bbox 1645 2559 1703 2580; x_wconf 90' lang='lat' dir='ltr'><strong>ro-</strong></span> 
     </span>
     <span class='ocr_line' id='line_1_41' title="bbox 278 2587 1703 2637; baseline 0.005 -17"><span class='ocrx_word' id='word_1_354' title='bbox 278 2588 403 2622; x_wconf 84' lang='lat' dir='ltr'><strong>tundis</strong></span> <span class='ocrx_word' id='word_1_355' title='bbox 427 2587 575 2622; x_wconf 79' lang='lat' dir='ltr'><strong>navibus</strong></span> <span class='ocrx_word' id='word_1_356' title='bbox 598 2589 823 2632; x_wconf 86' lang='lat' dir='ltr'><strong>popularium</strong></span> <span class='ocrx_word' id='word_1_357' title='bbox 850 2601 992 2622; x_wconf 84' lang='lat' dir='ltr'><strong>suorum</strong></span> <span class='ocrx_word' id='word_1_358' title='bbox 1016 2602 1108 2636; x_wconf 88' lang='lat' dir='ltr'><strong>quae</strong></span> <span class='ocrx_word' id='word_1_359' title='bbox 1136 2592 1268 2635; x_wconf 87' lang='lat' dir='ltr'><strong>Tyrum</strong></span> <span class='ocrx_word' id='word_1_360' title='bbox 1296 2592 1510 2637; x_wconf 74' lang='lat' dir='ltr'><strong>appulerant.</strong></span> <span class='ocrx_word' id='word_1_361' title='bbox 1533 2604 1703 2627; x_wconf 84' lang='lat' dir='ltr'><strong>conscen-</strong></span> 
     </span>
     <span class='ocr_line' id='line_1_42' title="bbox 279 2634 975 2676; baseline 0.001 -9"><span class='ocrx_word' id='word_1_362' title='bbox 279 2635 326 2668; x_wconf 80' lang='lat' dir='ltr'><strong>sis</strong></span> <span class='ocrx_word' id='word_1_363' title='bbox 346 2660 356 2676; x_wconf 91' lang='lat'>‚</span> <span class='ocrx_word' id='word_1_364' title='bbox 380 2635 574 2667; x_wconf 88' lang='lat' dir='ltr'><strong>incolumes</strong></span> <span class='ocrx_word' id='word_1_365' title='bbox 603 2634 648 2667; x_wconf 82' lang='lat' dir='ltr'><strong>ad</strong></span> <span class='ocrx_word' id='word_1_366' title='bbox 676 2647 756 2668; x_wconf 85' lang='lat' dir='ltr'><strong>suos</strong></span> <span class='ocrx_word' id='word_1_367' title='bbox 783 2636 975 2669; x_wconf 80' lang='lat' dir='ltr'><strong>redierunt.</strong></span> 
     </span>
    </p>

    <p class='ocr_par' dir='ltr' id='par_1_5' title="bbox 370 2681 1699 2730">
     <span class='ocr_line' id='line_1_43' title="bbox 370 2681 1699 2730; baseline 0.005 -17"><span class='ocrx_word' id='word_1_368' title='bbox 370 2681 447 2714; x_wconf 80' lang='lat'><em>1100</em></span> <span class='ocrx_word' id='word_1_369' title='bbox 478 2685 636 2726; x_wconf 80' lang='lat' dir='ltr'><strong>tempore</strong></span> <span class='ocrx_word' id='word_1_370' title='bbox 672 2693 743 2715; x_wconf 89' lang='lat' dir='ltr'><strong>non</strong></span> <span class='ocrx_word' id='word_1_371' title='bbox 770 2683 954 2715; x_wconf 83' lang='lat' dir='ltr'><strong>Alemanni</strong></span> <span class='ocrx_word' id='word_1_372' title='bbox 981 2681 1153 2717; x_wconf 72' lang='lat' dir='ltr'><strong>duntaxat</strong></span> <span class='ocrx_word' id='word_1_373' title='bbox 1182 2684 1403 2726; x_wconf 76' lang='lat' dir='ltr'><strong>sarracenis,</strong></span> <span class='ocrx_word' id='word_1_374' title='bbox 1439 2685 1500 2730; x_wconf 83' lang='lat' dir='ltr'><strong>qui</strong></span> <span class='ocrx_word' id='word_1_375' title='bbox 1530 2683 1699 2719; x_wconf 72' lang='lat' dir='ltr'><strong>Palaesti-</strong></span> 
     </span>
    </p>
   </div>
  </div>
 </body>
</html>
