1878 3230
241 184 366 235 662
662 192 889 235 ΝιοΕΤΑΕ
929 189 1242 231 οΠΟΝιΑΤΑΕ

257 298 469 350 ἀθέμιτον.
527 294 572 333 αἲ
597 292 643 332 αἳ
667 292 740 344 τῆς
780 290 1111 344 αἰσχρουργίας]
1166 285 1235 331 οἶα
1260 289 1496 343 πέπονθας,
1525 287 1592 332 οἶα
1619 307 1682 333 τε-

129 365 438 408 μ323θέασαι]
508 353 606 410 ὄψις
646 355 801 411 πόρνης
838 351 994 408 ἐγένετό
1032 369 1100 395 σοι
1136 354 1283 409 χρῆμα
1324 357 1574 407 περίπυστον
1614 355 1685 397 καὶ

255 428 426 479 πρᾶγμα
455 424 678 477 περίᾶοξον.
734 422 807 460 καί
834 421 1017 474 φροῦδον
1041 421 1118 470 μέν
1145 433 1212 459 σοι
1235 418 1281 459 τὸ
1311 418 1528 473 ἀπέριττον
1557 420 1685 462 ἐκεῖνο

257 489 405 538 κάλλος
442 489 515 529 καί
550 485 595 528 τὸ
636 487 711 528 τοῦ
750 481 973 540 προσώπου
1012 485 1191 537 αἰδῆμον
1236 481 1309 524 καὶ
1343 483 1369 537 ἦ
1402 483 1584 539 σώφρων
1620 484 1691 525 κατ’

259 549 438 609 πρότὲρα
467 549 670 607 ἐγκρατής
711 552 851 592 δίαιτα
865 583 877 603 ,
906 548 1123 604 περίεργον
1155 550 1202 590 δὲ
1228 546 1300 590 καὶ
1320 550 1604 603 μετεγγραφὲν
1626 549 1726 594 ε’ν-Ξί

257 621 426 674 τρίψεσι
464 619 538 659 καί
581 613 820 672 φαρμάκοις
862 613 907 656 τὸ
936 613 1011 655 σὸν
1047 611 1287 670 πρόσωπον,
1315 615 1388 655 καί
1427 611 1692 654 διεσκεύασαι

257 683 362 738 πρὸς
403 681 571 739 τρυφὴν
609 683 682 723 καί
719 679 825 736 πρὸς
851 675 957 735 ἦθος
985 678 1213 721 ἀκόλαστον
1239 679 1597 734 μετερρύθμισαι·
1653 678 1694 720 οἱ

258 748 337 803 γάρ
369 764 417 789 σε
457 747 707 801 βιασάμενοι
734 745 809 801 τὴν
850 742 996 799 πρώην
1023 745 1279 799 α’περιέργως
1310 742 1440 798 καλὴν
1466 744 1538 785 καί
1559 741 1606 785 τὸ
1635 739 1693 785 εἶ-

261 816 331 862 δος
361 810 547 867 ἆγαστὴν
593 815 665 854 καί
691 814 919 866 ἐπέραστον
943 810 1048 865 πρὸς
1076 809 1121 851 τὸ
1154 808 1360 864 ἑταιρικὸν
1387 810 1695 862 μετεπλάσαντο

261 880 419 934 σχῆμα.
454 877 556 919 πότε
584 877 825 925 α’νανεύσεις
853 878 928 930 τῆς
957 875 1155 931 ἀμόρφου
1187 873 1335 930 ταύτης
1361 871 1595 930 εὐμορφίας
1623 875 1696 915 καί
1711 892 1758 919 ιο

226 959 231 966 “
260 947 330 985 τοῦ
358 944 573 992 ὃυσειῦοῦς
603 942 742 992 εἴδους
769 943 842 983 καί
864 943 940 982 τοῦ
968 939 1208 995 ἒπιποιὴτου
1234 942 1472 994 βλέμματος
1505 939 1578 981 καὶ
1615 942 1693 992 βα-

262 1011 484 1061 δισματοςς
513 1005 539 1063 ἢ
566 1010 629 1057 τίς
658 1007 679 1049 ὅ
707 1007 862 1058 ἐξάξων
888 1022 935 1048 σε
963 1007 1044 1048 τῶν
1069 1004 1173 1059 πρὸς
1201 1004 1296 1059 βίαν
1320 1003 1695 1060 τυραννικῶντού-

260 1090 340 1116 των
381 1075 639 1129 περιπλοκῶν
668 1072 740 1114 καί
766 1071 870 1128 πρὸς
896 1070 971 1126 την
997 1071 1139 1126 πρώην
1171 1070 1386 1120 ἑπανάξων
1414 1069 1696 1124 α’καπήλευτον

262 1141 336 1181 καί
356 1141 584 1193 ἐλευθέραν
617 1137 845 1193 διαγωγήν,·
867 1137 924 1185 ὥς
951 1138 1023 1178 νῦν
1050 1151 1095 1190 γε
1122 1136 1194 1177 καί
1219 1135 1292 1179 τὸν
1320 1133 1447 1178 οἶκτον
1481 1137 1539 1184 εἷς
1566 1137 1696 1188 γέλων

223 1212 244 1243 Β
263 1209 516 1257 μετενεγκεῖν
559 1201 874 1255 κινδυνεύομεν,
918 1197 979 1251 οἷς
1008 1203 1059 1242 ου’
1087 1203 1154 1242 δεῖ
1176 1202 1494 1257 συμφερομένην
1521 1198 1696 1255 ὁρῶντες
1713 1205 1759 1246 ι5

261 1285 330 1321 σε,
358 1271 430 1310 καί
454 1266 506 1310 τὰ
549 1270 622 1322 τῆς
656 1267 950 1322 ἀσχημοσύνης
985 1270 1283 1321 προβλέποντες
1328 1267 1523 1319 ὃεδιῖιμεν
1548 1264 1606 1319 μή
1636 1265 1696 1314 εἷς

260 1336 374 1381 τέλος
405 1332 699 1389 ἅφαντωθειής
727 1334 800 1374 καί
822 1331 1125 1388 καταρραγείης
1154 1332 1212 1380 εἰς
1238 1333 1386 1384 πτῶμα
1415 1330 1460 1372 τὸ
1491 1329 1694 1386 ὃυσανὸρ..

265 1402 415 1440 θωτον.
472 1399 559 1439 ἀλλ’
589 1392 683 1438 εἶεν.

367 1462 414 1505 Ὁ
441 1465 487 1504 δὲ
516 1462 566 1517 δὴ
590 1462 860 1517 αὐτοκράτωρ
889 1461 1012 1517 μήπω
1033 1463 1231 1515 καθαραῖς
1257 1459 1503 1516 ἀνασφήλας
1529 1462 1600 1514 τῆς
1629 1461 1697 1502 νό-

264 1545 339 1570 σου
367 1529 464 1582 μηδ’
493 1529 564 1569 ἐπὶ
587 1529 668 1569 τῶν
703 1529 843 1568 ποδῶν
873 1528 1019 1581 στῆναι
1049 1524 1273 1578 δυνάμενος
1303 1523 1430 1576 ἔξεισι
1457 1529 1530 1568 καί
1555 1521 1695 1572 ἄπεισι
1709 1545 1759 1570 20

264 1592 363 1648 πρὸς
402 1591 453 1635 τα
499 1591 729 1645 Κύψελλα,
774 1591 1000 1646 ἐξαρτύσας
1042 1587 1120 1633 ὅσα
1159 1589 1263 1647 πρὸς
1299 1589 1476 1644 πόλεμον
1523 1587 1694 1647 ἄραρεν.

360 1722 386 1742 ι,
413 1703 473 1741 οἷα
491 1707 684 1754 τεθέασαι]
711 1702 772 1741 οἶα
798 1707 890 1746 εἶδες
922 1707 944 1750 ἤ
978 1707 1189 1753 α’θεώρητος
1213 1708 1249 1743 Β.
1368 1709 1401 1743 3.
1434 1707 1619 1755 φροῦδον]
1644 1709 1696 1746 εἰς

353 1754 474 1801 μαίην
499 1754 595 1799 εἶχες
617 1748 658 1788 τό
689 1754 876 1800 πρότερον
903 1755 1023 1788 ἐκεῖνο
1053 1754 1189 1791 κάλλος
1222 1755 1284 1787 καὶ
1322 1748 1390 1796 τὴν
1423 1755 1696 1788 canendorum»

355 1794 542 1844 ἐντροπὴν
569 1802 632 1834 καὶ
657 1799 724 1842 τήν
750 1800 812 1842 τῆς
837 1800 1086 1846 σωφροσύνης
1110 1799 1244 1846 α’κριβῆ
1269 1799 1417 1836 δίαιταν
1441 1801 1479 1837 Β.
1554 1802 1604 1845 14.
1632 1802 1696 1834 καὶ

357 1848 558 1892 ἐλευθέραν
582 1858 639 1880 om
664 1848 703 1881 A.

271 1949 429 1983 tudinem
456 1959 528 1981 non
547 1954 784 1990 revereantur,
807 1949 998 1983 nobilitate
1020 1949 1112 1983 nihil
1134 1954 1350 1988 moveantur,
1369 1948 1562 1993 aliquando
1589 1949 1696 1983 etiam

269 2006 344 2026 eum
370 2006 433 2039 per
471 1996 720 2028 contumeliam
757 1996 795 2027 in
837 1996 1012 2029 nefarium
1048 1996 1167 2028 cubile
1192 1995 1408 2039 pertrahant.
1434 1994 1494 2027 hei
1517 1994 1695 2035 dedecus,

269 2041 328 2073 hei
356 2041 548 2084 flagitium,
581 2042 699 2085 qualia
733 2052 901 2085 perpessa
932 2042 986 2075 es!
1023 2042 1139 2086 qualis
1173 2043 1247 2075 visa
1271 2041 1325 2074 es!
1349 2041 1456 2074 facies
1480 2041 1694 2082 meretricis,

268 2100 290 2120 o
315 2087 435 2120 inclita
461 2093 498 2120 et
522 2087 673 2129 celebris
696 2088 879 2128 maiestas,
904 2089 1054 2132 contigit
1080 2088 1158 2124 tihi.
1185 2088 1328 2121 evanuit
1353 2087 1524 2120 naturalis
1547 2088 1610 2120 illa
1633 2093 1695 2120 tun

269 2132 498 2176 pulchritudo
539 2139 576 2167 et
593 2164 598 2171 ,
615 2134 734 2171 uultus
760 2134 974 2167 verecundia
1011 2140 1048 2168 et
1075 2134 1167 2178 frugi
1190 2133 1327 2178 pridem
1355 2139 1391 2167 et
1413 2133 1573 2166 modesta
1599 2133 1696 2167 vitae

269 2179 368 2211 ratio.
396 2190 490 2211 nunc
517 2179 627 2212 facies
650 2185 710 2213 tua
734 2180 820 2212 luxu
846 2185 883 2213 et
906 2181 994 2213 fucis
1030 2186 1084 2214 est
1108 2186 1289 2225 corrupta3
1318 2179 1364 2212 ad
1385 2179 1530 2212 delicias
1555 2178 1696 2212 exorbi-

269 2225 365 2265 tasti,
381 2225 426 2256 ad
448 2236 562 2258 mores
586 2224 775 2267 dissolutos
789 2226 975 2259 deflexisti.
1003 2238 1083 2259 nam
1108 2228 1171 2271 qui
1195 2226 1264 2259 tibi
1289 2226 1357 2259 vim
1381 2225 1543 2258 fecerunt
1556 2224 1696 2269 pridem

267 2270 356 2303 citra
369 2282 486 2303 curam
506 2271 692 2312 formosae,
707 2272 808 2308 vultu
825 2271 1030 2305 admirabili
1045 2279 1082 2306 et
1095 2272 1240 2305 amabili
1252 2270 1447 2316 praeditae,
1471 2270 1516 2303 ad
1532 2273 1696 2304 meretri-

271 2317 362 2350 cium
389 2317 550 2350 habitum
575 2323 610 2350 te
637 2317 860 2362 redegerunt.
885 2319 1028 2363 quando
1052 2319 1156 2352 istam
1183 2318 1375 2351 deformem
1398 2317 1545 2350 formam
1570 2318 1696 2353 exues?

271 2363 415 2407 quando
441 2363 651 2396 accersitum
680 2369 862 2409 aspectum
884 2370 921 2398 et
944 2376 1100 2409 gressum
1120 2363 1294 2397 mutabis!
1322 2364 1401 2407 quis
1426 2368 1464 2396 te
1491 2375 1510 2395 a
1536 2364 1696 2406 tyranni-

271 2409 321 2442 cis
344 2409 420 2442 istis
459 2410 681 2454 amplexibus
706 2421 770 2453 per
794 2411 866 2445 vim
903 2410 1120 2452 vindicabit,
1145 2416 1182 2443 et
1202 2409 1247 2442 ad
1268 2414 1423 2442 veterem
1451 2410 1695 2443 castimoniam

272 2461 310 2488 et
333 2455 533 2488 libertatem
556 2455 721 2489 reducet!
745 2467 826 2489 nam
849 2468 944 2491 nunc
970 2456 1114 2502 quidem
1129 2467 1253 2501 parum
1271 2454 1374 2488 abest
1400 2456 1487 2500 quin
1515 2461 1550 2488 te
1578 2455 1697 2489 ridea-

272 2513 349 2533 mus
373 2502 492 2546 potius
531 2512 637 2546 quam
672 2501 902 2543 miseremur,
931 2513 1052 2536 eotum
1085 2507 1245 2535 utentem
1279 2501 1539 2535 consuetudine
1571 2503 1633 2546 qui
1659 2507 1699 2536 to

273 2547 470 2590 dedecent;
507 2553 615 2592 atque
639 2547 677 2579 id
709 2547 939 2592 opprobrium
962 2550 1165 2590 intuentes,
1190 2558 1373 2583 vereamur
1396 2558 1441 2580 ne
1465 2559 1608 2594 prorsus
1632 2547 1696 2582 de—

273 2594 377 2629 learis
401 2599 438 2627 et
459 2593 506 2626 ad
530 2599 723 2627 extremuni
748 2604 899 2626 corruas.

365 2640 437 2673 Sed
471 2639 517 2672 ad
551 2640 754 2673 institutum
791 2639 987 2673 redeamus.
1015 2641 1208 2685 imperator
1236 2640 1396 2673 nondum
1418 2640 1525 2685 plane
1550 2651 1697 2685 recupe-

275 2691 349 2720 rata
371 2686 579 2719 valetudine
604 2697 681 2720 cum
719 2685 871 2730 pedibus
897 2686 1055 2719 nondum
1080 2687 1243 2720 insistere
1268 2691 1407 2731 posset,
1432 2686 1596 2731 Cypsella
1620 2685 1696 2719 abit

276 2731 379 2768 rebus
403 2733 447 2768 ad
476 2730 614 2770 belluni
653 2731 843 2777 gerendum
879 2733 1086 2767 necessariis
1115 2734 1318 2769 instructus.
1347 2743 1468 2769 verum
1492 2732 1562 2767 iuo'
1580 2731 1696 2767 adhuc
1870 2730 1878 2779 J.
