1878 3230
300 217 407 289 728
700 229 930 273 NmssTAE
969 228 1285 272 cfloNJA'rAE

291 327 389 380 λους
416 332 587 386 Ἀλεξίῳ
625 345 669 371 τε
701 331 760 384 τῷ
789 327 869 384 υἱῷ
897 329 970 370 καί
994 333 1081 377 τοῖς
1107 329 1184 370 τοῦ
1210 331 1447 370 Λατινικοῧ
1474 334 1730 385 στρατεύμα-

287 413 357 445 τος
384 392 558 449 ἧγεμόσι
583 396 807 448 παρίστησι
834 392 908 448 τὴν
936 395 1013 435 τοῦ
1029 395 1234 446 βασιλέως
1261 391 1334 435 καὶ
1359 395 1548 449 α’δελφοῦ
1575 394 1727 450 φυγήν.

287 461 326 502 οἱ
357 463 403 502 δὲ
437 457 528 501 οὔτε
554 476 593 501 τι
616 461 696 501 τῶν
728 461 1082 512 προσδοκωμένων
1100 458 1205 499 κατὰ
1228 460 1300 513 τῆς
1334 459 1492 508 πόλεως
1524 460 1730 513 ἐνεόχμω-

285 543 377 575 σαν,
410 524 483 566 καί
509 524 586 566 τὸν
610 526 817 567 Ἰσαακίου
846 525 893 566 δὲ
922 522 1015 566 υἱὸν
1043 520 1092 564 οὗ
1122 522 1323 579 πρότερον
1350 525 1629 579 αἰτησαμένου
1658 528 1730 567 τοῦ

284 588 444 645 πατρὸς
471 591 798 644 ἕκπεπόμφασιν,
823 589 864 630 εἰ
889 589 1007 643 μήγε
1033 588 1105 630 καί
1131 587 1261 637 αὐτὸς
1288 587 1488 638 Ἰσαάκιος
1514 589 1573 638 εἷς
1600 591 1766 644 πέρας-5

283 658 515 710 α’γαγέσθαι
536 658 738 697 συνέθετο
766 651 846 696 ὅσα
873 653 1083 708 ὑπέσχετό
1106 670 1252 710 σφισιν
1279 653 1302 695 ὅ
1334 653 1426 703 υἱὸς
1458 655 1590 696 αὐτοῦ
1611 651 1730 697 Ἀλέ-

283 725 384 772 ξιος.
419 719 470 762 τὰ
505 723 551 762 δὲ
577 716 708 775 ἦσαν,
746 718 804 769 ὥς
832 717 876 761 ἐν
903 726 990 768 τοῖς
1018 717 1153 773 λόγοις
1173 721 1328 775 ἐρρέθη
1356 724 1443 768 τοῖς
1469 718 1728 773 ἔμπροσθεν,

281 788 491 840 μηδεμίαν
507 786 588 828 τῶν
609 784 714 840 πρὸς
733 783 859 836 δόξαν
883 787 957 826 καί
974 787 1119 840 κέρδος
1137 791 1219 833 τοϊς
1249 786 1514 838 διαθεμένοις
1529 786 1729 834 Λατίνοις

239 850 517 906 Πῦπερβολὴν
546 852 848 892 ἀπολείποντα·
903 851 1009 905 ὑπὲρ
1038 849 1118 905 γὰρ
1149 853 1225 890 τοῦ
1246 848 1305 903 μή
1335 852 1407 905 τῆς
1424 847 1622 907 πατρῴας
1651 850 1728 905 ἄρ-

277 918 359 971 χῆς
399 914 711 967 α’ποτεύξασθαι
764 914 1124 970 πάνταπροίττων
1165 916 1360 968 Ἀλέξιος,
1402 919 1615 971 χαλίφρον
1655 917 1791 964 naim

276 980 533 1036 πραγμάτων
576 982 704 1030 οἷδαὲς
749 982 986 1034 μειράκιον,
1028 977 1122 1022 οὔτε
1165 981 1465 1036 η’κριβολόγησὲ
1502 999 1593 1023 τινα
1644 985 1726 1025 τῶν

279 1045 521 1101 ζητημάτων
558 1042 653 1088 οὕτε
684 1045 769 1102 μην
797 1044 844 1087 τὸ
873 1045 1162 1100 μισορώμαιον
1192 1044 1390 1101 φρόνημα
1419 1047 1500 1089 τῶν
1528 1050 1727 1090 Λατίνων

280 1109 475 1154 ὁπωσοῦν
497 1112 665 1165 ἐβάλετο
691 1111 796 1153 κατὰ
822 1113 934 1153 νοῦν.
964 1112 1035 1152 ἑπί
1046 1113 1234 1153 7τοιαῖσδε
1252 1111 1391 1154 τοίνυν
1406 1114 1482 1153 τοῦ
1503 1114 1719 1164 βασιλείου

276 1174 418 1229 ὕψους
452 1183 764 1232 καταστροφαΐς
801 1175 875 1232 την
915 1179 974 1225 εἷς
1004 1176 1078 1230 τήν
1126 1174 1243 1218 πόλιν
1274 1176 1503 1231 πριάμενος
1532 1178 1720 1231 εἴσοδον,

275 1244 498 1295 συνεδριῖκς
515 1241 665 1296 η’ξίωτο
683 1244 887 1296 πατρικῆς
901 1244 972 1283 καί
996 1244 1216 1294 βασιλείας
1242 1245 1550 1297 προσλέληπται
1576 1259 1720 1285 κοινω-
1741 1250 1786 1290 ι5

274 1305 358 1356 νός.
390 1304 499 1356 ἅπας
527 1309 664 1348 τοίνυν
681 1309 862 1362 φυλέτης
888 1309 961 1361 τῆς
987 1306 1147 1356 πόλεως
1175 1309 1235 1355 εἰς
1263 1306 1313 1349 τοὶ
1346 1309 1498 1361 α’ρχεῖα
1527 1310 1720 1363 συνέτρε-

274 1389 326 1426 χε
355 1371 435 1414 σύν
472 1375 530 1429 τῷ
557 1375 688 1426 πατρί
726 1370 798 1414 τὸν
833 1370 928 1413 υἱὸν
957 1370 1165 1425 ὀψόμενος
1206 1370 1279 1413 καὶ
1304 1373 1466 1428 α’μφοῖν
1493 1374 1723 1416 α’ποδώσων

274 1437 572 1493 προσκύνησιν.
598 1439 689 1490 μετ’
723 1439 776 1478 ου’
801 1435 958 1486 πολλὰς
999 1439 1035 1477 δ’
1061 1434 1221 1492 ἡμέρας
1247 1439 1321 1479 καί
1346 1437 1385 1479 οἱ
1411 1440 1496 1479 ταῖν
1522 1441 1720 1481 Λατίνων

274 1501 474 1557 ἡγεμόνες
503 1503 546 1549 ἐς
575 1500 625 1543 τὰ
658 1502 852 1554 βασίλεια
881 1499 1239 1556 παραβάλλουσιν,
1270 1503 1348 1555 οὐχ
1377 1497 1491 1544 οὗτοι
1519 1504 1567 1545 δὲ
1592 1501 1722 1556 μόνον

273 1568 376 1609 ἀλλὰ
409 1566 480 1609 καὶ
511 1566 549 1608 οἱ
574 1565 619 1608 τὸ
662 1568 776 1621 γένος
803 1569 904 1621 παρ’
926 1565 1095 1615 ἐκείνοις
1119 1568 1337 1622 ἐπίσημοι·
1382 1570 1455 1609 καί
1488 1583 1718 1623 παρενηνε..
1733 1588 1785 1616 20

272 1631 433 1687 γμένων
461 1629 704 1690 σκιμπόδων
732 1636 818 1680 τοῖς
851 1633 1074 1685 βασιλεῦσι
1101 1632 1350 1687 συνήδριζον
1377 1631 1568 1686 ἅπαντες,
1598 1635 1719 1689 εὔερ-

271 1699 390 1751 γὲται
417 1698 490 1738 καί
518 1698 703 1750 σωτῆρες
717 1692 939 1745 ἀκούοντες
966 1699 1040 1738 καί
1068 1699 1207 1739 πᾶσαν
1234 1694 1364 1753 ἄλλην
1391 1698 1558 1753 ἀγαθήν
1583 1714 1719 1754 προσ-

272 1766 445 1818 ηγορίαν
487 1762 725 1816 δεχόμενοι,
774 1762 832 1811 ὥς
855 1760 927 1804 τὸν
958 1763 1165 1818 φίλαρχον
1188 1763 1373 1814 Ἀλέξων
1404 1765 1447 1812 ἐς
1468 1763 1575 1806 αὐτὰ
1603 1763 1718 1807 τισά-

373 1865 423 1897 ι6.
450 1860 597 1896 ἅπασαι
622 1863 752 1897 τοίνυν
769 1862 808 1894 αἱ
830 1863 958 1907 γενεαὶ
985 1861 1026 1895 αἱ
1048 1857 1155 1899 ἐντὸς
1178 1860 1293 1896 οὖσαι
1314 1862 1379 1904 τῆς
1405 1862 1547 1900 πόλεως
1574 1864 1609 1895 Β.
1658 1875 1714 1898 20

366 1911 706 1967 παρενηνεγμένων
726 1907 979 1966 σκιμπόδιον]
991 1907 1206 1944 σουπεδίων
1203 1911 1374 1966 χρυσῶν
1396 1911 1659 1965 προτεθέντων
1676 1911 1713 1945 Β.

368 1958 424 1989 23.
448 1956 496 1992 ως
523 1953 591 1990 τὸν
623 1955 824 2002 φίλαρχον]
860 1955 909 1992 ὥς
940 1950 1009 1989 τὸν
1040 1949 1127 1989 υἱὸν
1162 1955 1281 1990 αὐτοῦ
1315 1955 1382 1991 τὸν
1405 1956 1558 1995 ἅλέξιον
1584 1954 1653 1992 τὸν
1673 1958 1714 1991 ἐκ

366 2001 504 2044 νεαρᾶς
536 2002 679 2081 >nugae
714 2001 1001 2047 δυστυχήσαντα
1033 2000 1130 2048 πρὸς
1153 1996 1223 2045 τὴν
1243 2005 1440 2048 βασιλείαν
1463 2003 1715 2047 οἷναβιβοὲσαν·

365 2058 435 2086 ῒες.
461 2048 509 2082 ou'
530 2069 577 2074 ·-·

275 2149 365 2181 solio
394 2150 614 2190 collocatus,
645 2150 760 2183 missis
790 2151 910 2184 statim
939 2151 984 2183 ad
1002 2151 1163 2185 Alexium
1190 2151 1302 2184 filium
1328 2157 1364 2184 et
1387 2151 1504 2184 Latini
1536 2151 1710 2184 exercitus

276 2196 384 2227 duces
422 2197 557 2228 nuntiis
585 2197 702 2229 fratris
735 2198 790 2230 sui
810 2198 1036 2242 imperatoris
1074 2198 1191 2242 fugam
1226 2199 1276 2231 eis
1300 2198 1455 2231 nuntiat.
1481 2197 1505 2228 ii
1532 2208 1616 2229 vero
1644 2208 1711 2230 nec

275 2247 397 2275 contra
422 2242 546 2274 urbem
572 2253 693 2275 eorum
723 2245 914 2289 quicquam
940 2255 1032 2289 quae
1060 2244 1344 2298 expectabantur
1372 2243 1710 2288 praetermiserunt,

275 2299 342 2320 nec
369 2288 532 2321 Alexium
563 2290 660 2332 prius
698 2290 742 2322 ad
767 2297 904 2334 patrem
944 2292 1176 2332 remiserunt,
1203 2302 1309 2336 quam
1334 2290 1410 2334 ipse
1435 2290 1590 2322 Isaacius
1619 2301 1711 2334 quo-

275 2346 347 2379 que
373 2345 410 2366 se
447 2341 523 2367 rata
549 2335 611 2366 issa
646 2336 849 2369 habiturum
886 2349 964 2370 esse
991 2349 1083 2382 quae
1106 2339 1200 2370 filius
1229 2338 1305 2369 eius
1324 2336 1506 2380 pollicitus
1530 2342 1625 2369 esset
1651 2348 1710 2369 as-

276 2382 478 2415 sentiretur.
506 2392 597 2425 quae
629 2383 798 2425 quidem,
822 2389 862 2416 ut
883 2395 990 2428 supra
1016 2385 1265 2429 exposuimus,
1290 2382 1494 2414 huiusmodi
1522 2388 1646 2423 erant,
1670 2389 1709 2416 ut

276 2428 321 2460 ad
336 2428 481 2472 gloriam
507 2433 542 2460 et
557 2428 833 2462 emolumentum
849 2431 1057 2463 Latinorum
1081 2430 1174 2463 nihil
1201 2429 1352 2473 amplius
1380 2435 1501 2473 posset
1525 2429 1706 2462 accedere.

275 2485 357 2506 nam
386 2474 529 2506 Alexius
561 2485 682 2506 vecors
708 2481 745 2507 et
767 2486 884 2508 rerum
909 2477 1093 2520 imperitus
1129 2475 1439 2516 adolescentulus,
1468 2476 1507 2508 in
1535 2476 1571 2508 id
1597 2487 1707 2509 unum

275 2521 436 2553 intentus
461 2526 502 2552 ut
524 2526 711 2565 paternum
737 2522 923 2566 imperium
953 2528 1203 2566 recuperaret,
1239 2533 1305 2554 nec
1329 2522 1439 2554 ullam
1463 2522 1708 2556 conditionem

276 2566 531 2606 consideravit,
557 2578 674 2611 neque
698 2579 805 2611 quam
834 2569 954 2601 infesti
984 2574 1103 2602 essent
1129 2569 1247 2601 Latini
1273 2569 1427 2601 Romano
1451 2569 1587 2601 nomini
1611 2570 1708 2612 cogi-

275 2614 373 2646 tavit.
400 2625 440 2646 ac
463 2613 597 2646 talibus
625 2614 843 2657 imperatorii
877 2615 1011 2659 fastigii
1036 2615 1331 2660 depressionibus
1356 2616 1494 2648 aditum
1517 2617 1555 2647 in
1582 2616 1707 2648 urbem

272 2666 448 2693 mercatus
473 2661 565 2704 patri
595 2660 738 2701 assedit,
767 2661 902 2706 collega
927 2662 1069 2706 imperii
1097 2663 1249 2704 ascitus3
1275 2667 1312 2694 et
1338 2662 1492 2706 populus
1520 2662 1706 2694 universus

272 2708 310 2739 in
334 2707 507 2751 palatium
537 2707 736 2748 concurrit,
763 2707 828 2739 filii
855 2714 892 2741 et
922 2709 1035 2752 patris
1057 2707 1206 2741 videndi
1231 2708 1335 2740 simul
1363 2714 1400 2741 et
1425 2707 1599 2740 adorandi
1622 2718 1706 2741 cau-

274 2765 321 2785 sa.
350 2765 421 2786 non
447 2754 567 2786 multis
595 2753 721 2786 diebus
748 2756 845 2797 post²
863 2755 971 2787 etiam
1007 2755 1212 2788 Latinorum
1238 2755 1346 2787 (luces
1372 2761 1409 2788 et
1430 2755 1621 2787 nobilitate
1650 2755 1705 2786 in-

274 2800 390 2851 §ignes
415 2800 482 2835 viri
505 2801 679 2845 palatium
704 2801 851 2844 ingressi
875 2807 978 2843 suut3
1017 2807 1049 2834 et
1077 2801 1257 2836 subselliis
1283 2802 1401 2835 anatis
1429 2801 1703 2846 imperatoribus
