<?xml version="1.0" encoding="UTF-8"?>
<!DOCTYPE html PUBLIC "-//W3C//DTD XHTML 1.0 Transitional//EN"
    "http://www.w3.org/TR/xhtml1/DTD/xhtml1-transitional.dtd">
<html xmlns="http://www.w3.org/1999/xhtml" xml:lang="en" lang="en">
 <head>
  <title>
</title>
<meta http-equiv="Content-Type" content="text/html;charset=utf-8" />
  <meta name='ocr-system' content='tesseract 3.04.00' />
  <meta name='ocr-capabilities' content='ocr_page ocr_carea ocr_par ocr_line ocrx_word'/>
</head>
<body>
  <div class='ocr_page' id='page_1' title='image "./corpusscriptorum41niebuoft/corpusscriptorum41niebuoft_0310.png"; bbox 0 0 1838 3210; ppageno 0'>
   <div class='ocr_carea' id='block_1_1' title="bbox 241 151 1236 206">
    <p class='ocr_par' dir='ltr' id='par_1_1' title="bbox 241 151 1236 206">
     <span class='ocr_line' id='line_1_1' title="bbox 241 151 1236 206; baseline -0.01 -1"><span class='ocrx_word' id='word_1_1' title='bbox 241 151 348 206; x_wconf 78' lang='lat'><strong>280</strong></span> <span class='ocrx_word' id='word_1_2' title='bbox 661 158 890 203; x_wconf 73' lang='lat' dir='ltr'><strong>NucETAE</strong></span> <span class='ocrx_word' id='word_1_3' title='bbox 928 154 1236 199; x_wconf 72' lang='lat' dir='ltr'>CHOMATAE</span> 
     </span>
    </p>
   </div>
   <div class='ocr_carea' id='block_1_2' title="bbox 129 253 1751 1789">
    <p class='ocr_par' dir='ltr' id='par_1_2' title="bbox 129 253 1751 1789">
     <span class='ocr_line' id='line_1_2' title="bbox 238 253 1668 316; baseline -0.006 -10"><span class='ocrx_word' id='word_1_4' title='bbox 238 260 591 316; x_wconf 75' lang='grc' dir='ltr'><em>σιινεκπεπομφώς</em></span> <span class='ocrx_word' id='word_1_5' title='bbox 635 254 721 300; x_wconf 78' lang='grc' dir='ltr'><em>οἷον</em></span> <span class='ocrx_word' id='word_1_6' title='bbox 752 257 828 296; x_wconf 85' lang='grc' dir='ltr'><em>τοῦ</em></span> <span class='ocrx_word' id='word_1_7' title='bbox 846 253 974 307; x_wconf 83' lang='grc' dir='ltr'><em>τόμου</em></span> <span class='ocrx_word' id='word_1_8' title='bbox 993 254 1245 309; x_wconf 82' lang='grc' dir='ltr'><em>προοδευτὰς</em></span> <span class='ocrx_word' id='word_1_9' title='bbox 1273 254 1345 296; x_wconf 70' lang='grc' dir='ltr'><strong>καὶ</strong></span> <span class='ocrx_word' id='word_1_10' title='bbox 1360 257 1548 299; x_wconf 74' lang='grc' dir='ltr'><strong><em>νεολαίαν</em></strong></span> <span class='ocrx_word' id='word_1_11' title='bbox 1573 272 1668 312; x_wconf 82' lang='grc' dir='ltr'><em>κρο-</em></span> 
     </span>
     <span class='ocr_line' id='line_1_3' title="bbox 239 316 1670 378; baseline -0.006 -5"><span class='ocrx_word' id='word_1_12' title='bbox 239 333 388 373; x_wconf 80' lang='grc' dir='ltr'><em>τοῦσαν</em></span> <span class='ocrx_word' id='word_1_13' title='bbox 421 327 469 369; x_wconf 78' lang='grc' dir='ltr'><strong>τὰ</strong></span> <span class='ocrx_word' id='word_1_14' title='bbox 513 324 776 378; x_wconf 82' lang='grc' dir='ltr'><em>γεγραμμένα</em></span> <span class='ocrx_word' id='word_1_15' title='bbox 815 316 906 363; x_wconf 76' lang='grc' dir='ltr'><em>ὅσοι</em></span> <span class='ocrx_word' id='word_1_16' title='bbox 946 322 1019 375; x_wconf 83' lang='grc' dir='ltr'><strong>τῆς</strong></span> <span class='ocrx_word' id='word_1_17' title='bbox 1045 318 1275 374; x_wconf 78' lang='grc' dir='ltr'><em>συγκλήτου</em></span> <span class='ocrx_word' id='word_1_18' title='bbox 1320 322 1475 375; x_wconf 82' lang='grc' dir='ltr'><em>βουλῆς</em></span> <span class='ocrx_word' id='word_1_19' title='bbox 1501 323 1670 377; x_wconf 73' lang='grc' dir='ltr'><em>καὶτῆς</em></span> 
     </span>
     <span class='ocr_line' id='line_1_4' title="bbox 240 384 1672 449; baseline -0.006 -13"><span class='ocrx_word' id='word_1_20' title='bbox 240 394 457 449; x_wconf 70' lang='grc' dir='ltr'><em>γερουσίας</em></span> <span class='ocrx_word' id='word_1_21' title='bbox 479 386 588 444; x_wconf 80' lang='grc' dir='ltr'><em>ἦσαν</em></span> <span class='ocrx_word' id='word_1_22' title='bbox 627 386 874 443; x_wconf 78' lang='grc' dir='ltr'><em>κεφάλαιον,</em></span> <span class='ocrx_word' id='word_1_23' title='bbox 909 385 981 426; x_wconf 85' lang='grc' dir='ltr'><em>καί</em></span> <span class='ocrx_word' id='word_1_24' title='bbox 1005 385 1101 433; x_wconf 82' lang='grc' dir='ltr'><strong>τούς</strong></span> <span class='ocrx_word' id='word_1_25' title='bbox 1130 386 1174 425; x_wconf 85' lang='grc' dir='ltr'><strong>ἐκ</strong></span> <span class='ocrx_word' id='word_1_26' title='bbox 1202 387 1344 438; x_wconf 79' lang='grc' dir='ltr'><em>γένους</em></span> <span class='ocrx_word' id='word_1_27' title='bbox 1371 384 1510 442; x_wconf 76' lang='grc' dir='ltr'><em>ἐκείνῳ</em></span> <span class='ocrx_word' id='word_1_28' title='bbox 1539 385 1672 439; x_wconf 84' lang='grc' dir='ltr'><em>λογιό-</em></span> 
     </span>
     <span class='ocr_line' id='line_1_5' title="bbox 242 448 1673 512; baseline -0.006 -13"><span class='ocrx_word' id='word_1_29' title='bbox 242 475 333 512; x_wconf 81' lang='grc' dir='ltr'><em>τητι</em></span> <span class='ocrx_word' id='word_1_30' title='bbox 362 456 601 510; x_wconf 86' lang='grc' dir='ltr'><em>χαίροντας.</em></span> <span class='ocrx_word' id='word_1_31' title='bbox 668 454 864 494; x_wconf 79' lang='grc' dir='ltr'><em>τοσοῦτον</em></span> <span class='ocrx_word' id='word_1_32' title='bbox 906 452 952 492; x_wconf 81' lang='grc' dir='ltr'><strong>δὲ</strong></span> <span class='ocrx_word' id='word_1_33' title='bbox 979 449 1022 492; x_wconf 82' lang='grc' dir='ltr'>τὸ</span> <span class='ocrx_word' id='word_1_34' title='bbox 1061 448 1242 492; x_wconf 82' lang='grc' dir='ltr'><em>πιθανόν</em></span> <span class='ocrx_word' id='word_1_35' title='bbox 1270 449 1293 491; x_wconf 79' lang='grc' dir='ltr'>ὅ</span> <span class='ocrx_word' id='word_1_36' title='bbox 1322 449 1440 503; x_wconf 89' lang='grc' dir='ltr'><em>λόγος</em></span> <span class='ocrx_word' id='word_1_37' title='bbox 1462 451 1673 502; x_wconf 75' lang='grc' dir='ltr'><em>ἐπλούτει,</em></span> 
     </span>
     <span class='ocr_line' id='line_1_6' title="bbox 245 505 1711 571; baseline -0.005 -9"><span class='ocrx_word' id='word_1_38' title='bbox 245 524 319 562; x_wconf 74' lang='grc' dir='ltr'><em>οὐκ</em></span> <span class='ocrx_word' id='word_1_39' title='bbox 348 523 391 562; x_wconf 80' lang='grc' dir='ltr'><strong>ἐν</strong></span> <span class='ocrx_word' id='word_1_40' title='bbox 430 521 636 567; x_wconf 77' lang='grc' dir='ltr'><em>διδακτοῖς</em></span> <span class='ocrx_word' id='word_1_41' title='bbox 665 515 898 569; x_wconf 81' lang='grc' dir='ltr'><em>πνεύματος</em></span> <span class='ocrx_word' id='word_1_42' title='bbox 935 517 1095 571; x_wconf 84' lang='grc' dir='ltr'><em>βρίθων</em></span> <span class='ocrx_word' id='word_1_43' title='bbox 1125 513 1308 569; x_wconf 78' lang='grc' dir='ltr'><em>ῥήμασιν</em></span> <span class='ocrx_word' id='word_1_44' title='bbox 1345 513 1434 556; x_wconf 79' lang='grc' dir='ltr'><em>ἀλλ’</em></span> <span class='ocrx_word' id='word_1_45' title='bbox 1464 517 1510 557; x_wconf 80' lang='grc' dir='ltr'><strong>ἐν</strong></span> <span class='ocrx_word' id='word_1_46' title='bbox 1535 505 1711 556; x_wconf 48' lang='lat' dir='ltr'><strong>necao&amp;</strong></span> 
     </span>
     <span class='ocr_line' id='line_1_7' title="bbox 244 577 1678 642; baseline -0.005 -13"><span class='ocrx_word' id='word_1_47' title='bbox 244 585 396 642; x_wconf 79' lang='grc' dir='ltr'><em>σοφίας</em></span> <span class='ocrx_word' id='word_1_48' title='bbox 424 583 690 639; x_wconf 72' lang='grc' dir='ltr'><em>ἀνθρωπίνης</em></span> <span class='ocrx_word' id='word_1_49' title='bbox 719 585 886 636; x_wconf 79' lang='grc' dir='ltr'><em>κομῶν,</em></span> <span class='ocrx_word' id='word_1_50' title='bbox 915 580 973 630; x_wconf 81' lang='grc' dir='ltr'><strong>ὥς</strong></span> <span class='ocrx_word' id='word_1_51' title='bbox 1011 584 1165 636; x_wconf 79' lang='grc' dir='ltr'><em>μικροῦ</em></span> <span class='ocrx_word' id='word_1_52' title='bbox 1192 583 1278 622; x_wconf 84' lang='grc' dir='ltr'><em>δεῖν</em></span> <span class='ocrx_word' id='word_1_53' title='bbox 1304 577 1573 635; x_wconf 81' lang='grc' dir='ltr'><em>ἆπαιωρῆσαι</em></span> <span class='ocrx_word' id='word_1_54' title='bbox 1598 581 1678 622; x_wconf 75' lang='grc' dir='ltr'><strong>τῶν</strong></span> 
     </span>
     <span class='ocr_line' id='line_1_8' title="bbox 250 644 1679 705; baseline -0.005 -12"><span class='ocrx_word' id='word_1_55' title='bbox 250 648 367 693; x_wconf 73' lang='grc' dir='ltr'><em>ὤτων</em></span> <span class='ocrx_word' id='word_1_56' title='bbox 394 648 452 705; x_wconf 80' lang='grc' dir='ltr'><em>μὴ</em></span> <span class='ocrx_word' id='word_1_57' title='bbox 484 649 607 703; x_wconf 86' lang='grc' dir='ltr'><em>μόνον</em></span> <span class='ocrx_word' id='word_1_58' title='bbox 646 645 740 691; x_wconf 84' lang='grc' dir='ltr'><em>ὅσον</em></span> <span class='ocrx_word' id='word_1_59' title='bbox 771 646 949 703; x_wconf 79' lang='grc' dir='ltr'><em>α’φεώρα</em></span> <span class='ocrx_word' id='word_1_60' title='bbox 982 645 1086 701; x_wconf 86' lang='grc' dir='ltr'><em>πρὸς</em></span> <span class='ocrx_word' id='word_1_61' title='bbox 1113 645 1186 702; x_wconf 72' lang='grc' dir='ltr'><strong>τὴν</strong></span> <span class='ocrx_word' id='word_1_62' title='bbox 1212 648 1398 700; x_wconf 82' lang='grc' dir='ltr'><em>ποικίλην</em></span> <span class='ocrx_word' id='word_1_63' title='bbox 1424 644 1574 687; x_wconf 82' lang='grc' dir='ltr'><em>τούτου</em></span> <span class='ocrx_word' id='word_1_64' title='bbox 1606 660 1679 686; x_wconf 75' lang='grc' dir='ltr'><strong>πε-</strong></span> 
     </span>
     <span class='ocr_line' id='line_1_9' title="bbox 203 708 1680 772; baseline -0.007 -11"><span class='ocrx_word' id='word_1_65' title='bbox 203 715 417 772; x_wconf 76' lang='grc' dir='ltr'><em>Ι)ριβολὴν</em></span> <span class='ocrx_word' id='word_1_66' title='bbox 444 717 517 758; x_wconf 80' lang='grc' dir='ltr'>καί</span> <span class='ocrx_word' id='word_1_67' title='bbox 541 715 586 757; x_wconf 85' lang='grc' dir='ltr'><strong>τὸ</strong></span> <span class='ocrx_word' id='word_1_68' title='bbox 632 716 804 767; x_wconf 78' lang='grc' dir='ltr'><em>ἐπίχαρι</em></span> <span class='ocrx_word' id='word_1_69' title='bbox 834 714 909 754; x_wconf 81' lang='grc' dir='ltr'><em>τοῦ</em></span> <span class='ocrx_word' id='word_1_70' title='bbox 951 711 1239 767; x_wconf 76' lang='grc' dir='ltr'><em>πτερώματος,</em></span> <span class='ocrx_word' id='word_1_71' title='bbox 1267 710 1372 752; x_wconf 72' lang='grc' dir='ltr'><em>ἄλλα</em></span> <span class='ocrx_word' id='word_1_72' title='bbox 1403 713 1475 753; x_wconf 84' lang='grc' dir='ltr'>καί</span> <span class='ocrx_word' id='word_1_73' title='bbox 1505 708 1604 752; x_wconf 64' lang='grc' dir='ltr'><em>αὐτὸ</em></span> <span class='ocrx_word' id='word_1_74' title='bbox 1633 709 1680 752; x_wconf 85' lang='grc' dir='ltr'><strong>τὸ</strong></span> 
     </span>
     <span class='ocr_line' id='line_1_10' title="bbox 247 770 1680 835; baseline -0.004 -12"><span class='ocrx_word' id='word_1_75' title='bbox 247 784 498 835; x_wconf 79' lang='grc' dir='ltr'><em>μεταλλεῢον</em></span> <span class='ocrx_word' id='word_1_76' title='bbox 526 782 617 826; x_wconf 70' lang='grc' dir='ltr'><em>τῶν,</em></span> <span class='ocrx_word' id='word_1_77' title='bbox 636 780 933 833; x_wconf 80' lang='grc' dir='ltr'><em>γεγραμμένων</em></span> <span class='ocrx_word' id='word_1_78' title='bbox 958 776 1029 820; x_wconf 77' lang='grc' dir='ltr'><strong>τὸν</strong></span> <span class='ocrx_word' id='word_1_79' title='bbox 1058 778 1169 821; x_wconf 67' lang='grc' dir='ltr'><em>νοῦῖν.</em></span> <span class='ocrx_word' id='word_1_80' title='bbox 1236 778 1310 818; x_wconf 83' lang='grc' dir='ltr'><em>καί</em></span> <span class='ocrx_word' id='word_1_81' title='bbox 1338 776 1433 829; x_wconf 79' lang='grc' dir='ltr'><em>τάχ’</em></span> <span class='ocrx_word' id='word_1_82' title='bbox 1462 772 1514 817; x_wconf 69' lang='grc' dir='ltr'><strong>ἂν</strong></span> <span class='ocrx_word' id='word_1_83' title='bbox 1542 770 1594 830; x_wconf 79' lang='grc' dir='ltr'><strong>ἦν</strong></span> <span class='ocrx_word' id='word_1_84' title='bbox 1623 774 1680 824; x_wconf 75' lang='grc' dir='ltr'><strong>ὥς</strong></span> 
     </span>
     <span class='ocr_line' id='line_1_11' title="bbox 250 839 1744 902; baseline -0.003 -14"><span class='ocrx_word' id='word_1_85' title='bbox 250 846 420 902; x_wconf 70' lang='grc' dir='ltr'><em>α’ληθης,</em></span> <span class='ocrx_word' id='word_1_86' title='bbox 437 844 537 894; x_wconf 82' lang='grc' dir='ltr'><em>θεὸς</em></span> <span class='ocrx_word' id='word_1_87' title='bbox 565 845 834 896; x_wconf 79' lang='grc' dir='ltr'><em>δοξαζόμενος</em></span> <span class='ocrx_word' id='word_1_88' title='bbox 862 843 883 885; x_wconf 85' lang='grc' dir='ltr'><em>ὃ</em></span> <span class='ocrx_word' id='word_1_89' title='bbox 915 841 1030 899; x_wconf 76' lang='grc' dir='ltr'><em>παρὰ</em></span> <span class='ocrx_word' id='word_1_90' title='bbox 1057 844 1114 899; x_wconf 73' lang='grc' dir='ltr'><strong>τῷ</strong></span> <span class='ocrx_word' id='word_1_91' title='bbox 1145 842 1335 895; x_wconf 81' lang='grc' dir='ltr'><em>Μωοὶμετ</em></span> <span class='ocrx_word' id='word_1_92' title='bbox 1366 839 1557 884; x_wconf 78' lang='grc' dir='ltr'><em>ὁστισοῦν</em></span> <span class='ocrx_word' id='word_1_93' title='bbox 1583 844 1680 895; x_wconf 88' lang='grc' dir='ltr'><em>κλη-</em></span> <span class='ocrx_word' id='word_1_94' title='bbox 1698 857 1744 883; x_wconf 83' lang='grc' dir='ltr'><strong>ιο</strong></span> 
     </span>
     <span class='ocr_line' id='line_1_12' title="bbox 249 905 1683 967; baseline -0.003 -16"><span class='ocrx_word' id='word_1_95' title='bbox 249 912 452 967; x_wconf 81' lang='grc' dir='ltr'><em>ρούμενος</em></span> <span class='ocrx_word' id='word_1_96' title='bbox 497 908 729 966; x_wconf 81' lang='grc' dir='ltr'><em>ὃλόσφυρος</em></span> <span class='ocrx_word' id='word_1_97' title='bbox 771 908 892 962; x_wconf 83' lang='grc' dir='ltr'><em>θεός,</em></span> <span class='ocrx_word' id='word_1_98' title='bbox 930 910 970 950; x_wconf 83' lang='grc' dir='ltr'><strong>εἰ</strong></span> <span class='ocrx_word' id='word_1_99' title='bbox 1009 905 1066 962; x_wconf 76' lang='grc' dir='ltr'><em>μὴ</em></span> <span class='ocrx_word' id='word_1_100' title='bbox 1105 906 1335 962; x_wconf 76' lang='grc' dir='ltr'><em>ὁλοσχερῶς</em></span> <span class='ocrx_word' id='word_1_101' title='bbox 1372 905 1394 948; x_wconf 82' lang='grc' dir='ltr'><strong><em>ὅ</em></strong></span> <span class='ocrx_word' id='word_1_102' title='bbox 1421 906 1683 963; x_wconf 80' lang='grc' dir='ltr'><em>πατριάρχης</em></span> 
     </span>
     <span class='ocr_line' id='line_1_13' title="bbox 251 970 1683 1032; baseline -0.005 -13"><span class='ocrx_word' id='word_1_103' title='bbox 251 979 398 1032; x_wconf 72' lang='grc' dir='ltr'><em>α’νιέβη</em></span> <span class='ocrx_word' id='word_1_104' title='bbox 421 994 431 1005; x_wconf 78' lang='lat'><em>.</em></span> <span class='ocrx_word' id='word_1_105' title='bbox 502 971 596 1017; x_wconf 74' lang='grc' dir='ltr'><em>οὔτε</em></span> <span class='ocrx_word' id='word_1_106' title='bbox 637 974 715 1030; x_wconf 77' lang='grc' dir='ltr'><em>γὰρ</em></span> <span class='ocrx_word' id='word_1_107' title='bbox 744 970 861 1024; x_wconf 73' lang='grc' dir='ltr'><em>οὗτος</em></span> <span class='ocrx_word' id='word_1_108' title='bbox 889 979 972 1023; x_wconf 83' lang='grc' dir='ltr'><em>τοῖς</em></span> <span class='ocrx_word' id='word_1_109' title='bbox 1001 977 1281 1028; x_wconf 81' lang='grc' dir='ltr'><em>γραφομένοις</em></span> <span class='ocrx_word' id='word_1_110' title='bbox 1311 970 1381 1013; x_wconf 86' lang='grc' dir='ltr'><strong>τὸν</strong></span> <span class='ocrx_word' id='word_1_111' title='bbox 1410 974 1507 1013; x_wconf 86' lang='grc' dir='ltr'><strong>νοῦν</strong></span> <span class='ocrx_word' id='word_1_112' title='bbox 1535 972 1683 1026; x_wconf 84' lang='grc' dir='ltr'><em>προσέ-</em></span> 
     </span>
     <span class='ocr_line' id='line_1_14' title="bbox 253 1034 1685 1097; baseline -0.005 -13"><span class='ocrx_word' id='word_1_113' title='bbox 253 1058 405 1097; x_wconf 79' lang='grc' dir='ltr'><em>σχηκεν</em></span> <span class='ocrx_word' id='word_1_114' title='bbox 436 1039 493 1090; x_wconf 78' lang='grc' dir='ltr'><strong>ὦς</strong></span> <span class='ocrx_word' id='word_1_115' title='bbox 520 1042 735 1096; x_wconf 75' lang='grc' dir='ltr'><em>ἐπισφαλῆ</em></span> <span class='ocrx_word' id='word_1_116' title='bbox 761 1042 834 1081; x_wconf 83' lang='grc' dir='ltr'>καί</span> <span class='ocrx_word' id='word_1_117' title='bbox 858 1043 932 1081; x_wconf 85' lang='grc' dir='ltr'><strong>νέα</strong></span> <span class='ocrx_word' id='word_1_118' title='bbox 962 1036 1228 1091; x_wconf 77' lang='grc' dir='ltr'><em>ἐπεισάγουσι</em></span> <span class='ocrx_word' id='word_1_119' title='bbox 1255 1035 1460 1090; x_wconf 86' lang='grc' dir='ltr'><em>δόγματα,</em></span> <span class='ocrx_word' id='word_1_120' title='bbox 1489 1038 1561 1078; x_wconf 81' lang='grc' dir='ltr'>καί</span> <span class='ocrx_word' id='word_1_121' title='bbox 1586 1034 1685 1085; x_wconf 75' lang='grc' dir='ltr'><strong>τούς</strong></span> 
     </span>
     <span class='ocr_line' id='line_1_15' title="bbox 253 1102 1686 1160; baseline -0.003 -12"><span class='ocrx_word' id='word_1_122' title='bbox 253 1107 424 1155; x_wconf 74' lang='grc' dir='ltr'><em>λοιποὺς</em></span> <span class='ocrx_word' id='word_1_123' title='bbox 454 1108 499 1148; x_wconf 81' lang='grc' dir='ltr'><strong>δὲ</strong></span> <span class='ocrx_word' id='word_1_124' title='bbox 543 1107 601 1155; x_wconf 77' lang='grc' dir='ltr'><strong>ὥς</strong></span> <span class='ocrx_word' id='word_1_125' title='bbox 643 1102 932 1160; x_wconf 79' lang='grc' dir='ltr'><em>δηλητηριώδη</em></span> <span class='ocrx_word' id='word_1_126' title='bbox 973 1105 1105 1145; x_wconf 80' lang='grc' dir='ltr'><em>ταῦτα</em></span> <span class='ocrx_word' id='word_1_127' title='bbox 1150 1103 1397 1158; x_wconf 69' lang='grc' dir='ltr'><em>ὑφορᾶσθαι</em></span> <span class='ocrx_word' id='word_1_128' title='bbox 1423 1103 1686 1155; x_wconf 71' lang='grc' dir='ltr'><em>παρέπειθεν.</em></span> 
     </span>
     <span class='ocr_line' id='line_1_16' title="bbox 254 1164 1749 1225; baseline -0.004 -11"><span class='ocrx_word' id='word_1_129' title='bbox 254 1172 276 1214; x_wconf 82' lang='grc' dir='ltr'><strong><em>ὅ</em></strong></span> <span class='ocrx_word' id='word_1_130' title='bbox 307 1175 352 1214; x_wconf 83' lang='grc' dir='ltr'><strong>δὲ</strong></span> <span class='ocrx_word' id='word_1_131' title='bbox 381 1169 521 1225; x_wconf 73' lang='grc' dir='ltr'><em>οἵσπερ</em></span> <span class='ocrx_word' id='word_1_132' title='bbox 549 1188 591 1212; x_wconf 90' lang='grc' dir='ltr'><strong>τι</strong></span> <span class='ocrx_word' id='word_1_133' title='bbox 621 1170 758 1212; x_wconf 86' lang='grc' dir='ltr'><em>δεινὸν</em></span> <span class='ocrx_word' id='word_1_134' title='bbox 782 1167 1000 1218; x_wconf 74' lang='grc' dir='ltr'><em>πεπονθώς</em></span> <span class='ocrx_word' id='word_1_135' title='bbox 1033 1164 1232 1209; x_wconf 78' lang='grc' dir='ltr'><em>ὀνείδεσιν</em></span> <span class='ocrx_word' id='word_1_136' title='bbox 1260 1165 1405 1208; x_wconf 81' lang='grc' dir='ltr'><em>ἔπλυνε</em></span> <span class='ocrx_word' id='word_1_137' title='bbox 1431 1164 1530 1215; x_wconf 81' lang='grc' dir='ltr'><strong>τούς</strong></span> <span class='ocrx_word' id='word_1_138' title='bbox 1543 1168 1684 1222; x_wconf 84' lang='grc' dir='ltr'><em>α’ρχιε-</em></span> <span class='ocrx_word' id='word_1_139' title='bbox 1703 1169 1749 1209; x_wconf 88' lang='grc' dir='ltr'><strong>ι5</strong></span> 
     </span>
     <span class='ocr_line' id='line_1_17' title="bbox 255 1228 1690 1293; baseline -0.004 -13"><span class='ocrx_word' id='word_1_140' title='bbox 255 1243 341 1293; x_wconf 80' lang='grc' dir='ltr'><em>ρεῖς</em></span> <span class='ocrx_word' id='word_1_141' title='bbox 358 1270 371 1290; x_wconf 86' lang='grc'><em>,</em></span> <span class='ocrx_word' id='word_1_142' title='bbox 404 1239 476 1279; x_wconf 84' lang='grc' dir='ltr'>καί</span> <span class='ocrx_word' id='word_1_143' title='bbox 501 1235 623 1291; x_wconf 75' lang='grc' dir='ltr'><em>μωροὶ</em></span> <span class='ocrx_word' id='word_1_144' title='bbox 651 1237 725 1278; x_wconf 80' lang='grc' dir='ltr'><em>τοῦ</em></span> <span class='ocrx_word' id='word_1_145' title='bbox 751 1235 907 1288; x_wconf 84' lang='grc' dir='ltr'><em>κόσμου</em></span> <span class='ocrx_word' id='word_1_146' title='bbox 937 1233 1110 1282; x_wconf 79' lang='grc' dir='ltr'><em>τούτους</em></span> <span class='ocrx_word' id='word_1_147' title='bbox 1138 1232 1362 1285; x_wconf 82' lang='grc' dir='ltr'><em>ω’νόμαζεν,</em></span> <span class='ocrx_word' id='word_1_148' title='bbox 1390 1228 1526 1280; x_wconf 71' lang='grc' dir='ltr'><em>ἄλλως</em></span> <span class='ocrx_word' id='word_1_149' title='bbox 1542 1247 1588 1273; x_wconf 86' lang='grc' dir='ltr'><strong>τε</strong></span> <span class='ocrx_word' id='word_1_150' title='bbox 1617 1234 1690 1274; x_wconf 84' lang='grc' dir='ltr'><strong><em>καί</em></strong></span> 
     </span>
     <span class='ocr_line' id='line_1_18' title="bbox 256 1292 1687 1359; baseline -0.007 -12"><span class='ocrx_word' id='word_1_151' title='bbox 256 1301 359 1359; x_wconf 78' lang='grc' dir='ltr'><em>νόσῳ</em></span> <span class='ocrx_word' id='word_1_152' title='bbox 387 1300 481 1345; x_wconf 83' lang='grc' dir='ltr'><em>τότε</em></span> <span class='ocrx_word' id='word_1_153' title='bbox 509 1303 807 1357; x_wconf 85' lang='grc' dir='ltr'><em>προσπαλαίων</em></span> <span class='ocrx_word' id='word_1_154' title='bbox 835 1301 974 1356; x_wconf 82' lang='grc' dir='ltr'><em>δεινῇ,</em></span> <span class='ocrx_word' id='word_1_155' title='bbox 1004 1299 1080 1354; x_wconf 76' lang='grc' dir='ltr'><strong>ὑφ’</strong></span> <span class='ocrx_word' id='word_1_156' title='bbox 1109 1293 1159 1352; x_wconf 80' lang='grc' dir='ltr'><strong>ἧς</strong></span> <span class='ocrx_word' id='word_1_157' title='bbox 1185 1297 1258 1338; x_wconf 83' lang='grc' dir='ltr'>καί</span> <span class='ocrx_word' id='word_1_158' title='bbox 1278 1295 1348 1339; x_wconf 84' lang='grc' dir='ltr'><strong>τὸν</strong></span> <span class='ocrx_word' id='word_1_159' title='bbox 1371 1298 1462 1351; x_wconf 84' lang='grc' dir='ltr'><em>βίον</em></span> <span class='ocrx_word' id='word_1_160' title='bbox 1489 1292 1687 1350; x_wconf 79' lang='grc' dir='ltr'><em>ἆπέλιπε,</em></span> 
     </span>
     <span class='ocr_line' id='line_1_19' title="bbox 257 1358 1690 1421; baseline -0.006 -11"><span class='ocrx_word' id='word_1_161' title='bbox 257 1370 329 1410; x_wconf 84' lang='grc' dir='ltr'><strong><em>καί</em></strong></span> <span class='ocrx_word' id='word_1_162' title='bbox 349 1369 542 1421; x_wconf 84' lang='grc' dir='ltr'><em>έπίχολος</em></span> <span class='ocrx_word' id='word_1_163' title='bbox 565 1367 758 1409; x_wconf 79' lang='grc' dir='ltr'><em>ἐντεῦθεν</em></span> <span class='ocrx_word' id='word_1_164' title='bbox 774 1363 997 1419; x_wconf 82' lang='grc' dir='ltr'><em>γινόμενος.</em></span> <span class='ocrx_word' id='word_1_165' title='bbox 1034 1360 1185 1404; x_wconf 73' lang='grc' dir='ltr'><em>οἰκοῦν</em></span> <span class='ocrx_word' id='word_1_166' title='bbox 1205 1358 1285 1404; x_wconf 73' lang='grc' dir='ltr'><strong>ὅσα</strong></span> <span class='ocrx_word' id='word_1_167' title='bbox 1302 1364 1360 1419; x_wconf 74' lang='grc' dir='ltr'><strong>τῷ</strong></span> <span class='ocrx_word' id='word_1_168' title='bbox 1376 1362 1559 1417; x_wconf 82' lang='grc' dir='ltr'><em>προτέρῳ</em></span> <span class='ocrx_word' id='word_1_169' title='bbox 1576 1360 1690 1418; x_wconf 77' lang='grc' dir='ltr'><em>τόμῳ</em></span> 
     </span>
     <span class='ocr_line' id='line_1_20' title="bbox 258 1423 1692 1486; baseline -0.006 -12"><span class='ocrx_word' id='word_1_170' title='bbox 258 1429 615 1485; x_wconf 84' lang='grc' dir='ltr'><em>έμπλατυνόμενος</em></span> <span class='ocrx_word' id='word_1_171' title='bbox 640 1429 816 1486; x_wconf 79' lang='grc' dir='ltr'><em>εἴρηκεν,</em></span> <span class='ocrx_word' id='word_1_172' title='bbox 842 1425 1127 1484; x_wconf 81' lang='grc' dir='ltr'><em>οἷπηρτισμένῃ</em></span> <span class='ocrx_word' id='word_1_173' title='bbox 1154 1427 1391 1483; x_wconf 79' lang='grc' dir='ltr'><em>κατασκευῇ</em></span> <span class='ocrx_word' id='word_1_174' title='bbox 1407 1428 1479 1467; x_wconf 83' lang='grc' dir='ltr'><em>καί</em></span> <span class='ocrx_word' id='word_1_175' title='bbox 1492 1423 1692 1479; x_wconf 88' lang='grc' dir='ltr'><em>μεθόδοις</em></span> 
     </span>
     <span class='ocr_line' id='line_1_21' title="bbox 259 1490 1751 1552; baseline -0.006 -13"><span class='ocrx_word' id='word_1_176' title='bbox 259 1495 494 1552; x_wconf 74' lang='grc' dir='ltr'><em>ῥητορικαῖς</em></span> <span class='ocrx_word' id='word_1_177' title='bbox 507 1494 783 1551; x_wconf 80' lang='grc' dir='ltr'><em>χρησάμενος,</em></span> <span class='ocrx_word' id='word_1_178' title='bbox 811 1495 943 1536; x_wconf 79' lang='grc' dir='ltr'><em>ταῦτα</em></span> <span class='ocrx_word' id='word_1_179' title='bbox 972 1492 1175 1546; x_wconf 81' lang='grc' dir='ltr'><em>ἐπιτεμών</em></span> <span class='ocrx_word' id='word_1_180' title='bbox 1206 1490 1277 1533; x_wconf 78' lang='grc' dir='ltr'>καί</span> <span class='ocrx_word' id='word_1_181' title='bbox 1301 1490 1347 1533; x_wconf 83' lang='grc' dir='ltr'><strong>τὸ</strong></span> <span class='ocrx_word' id='word_1_182' title='bbox 1378 1492 1456 1532; x_wconf 80' lang='grc' dir='ltr'><em>τοῦ</em></span> <span class='ocrx_word' id='word_1_183' title='bbox 1483 1490 1688 1544; x_wconf 78' lang='grc' dir='ltr'><em>δόγματος</em></span> <span class='ocrx_word' id='word_1_184' title='bbox 1701 1509 1751 1535; x_wconf 87' lang='lat'><strong>20</strong></span> 
     </span>
     <span class='ocr_line' id='line_1_22' title="bbox 129 1553 1688 1618; baseline -0.004 -14"><span class='ocrx_word' id='word_1_185' title='bbox 129 1571 162 1604; x_wconf 83' lang='grc' dir='ltr'><strong>Ρ,</strong></span> <span class='ocrx_word' id='word_1_186' title='bbox 184 1569 246 1618; x_wconf 74' lang='grc'><strong>140</strong></span> <span class='ocrx_word' id='word_1_187' title='bbox 259 1559 385 1610; x_wconf 76' lang='grc' dir='ltr'><em>αὖθις</em></span> <span class='ocrx_word' id='word_1_188' title='bbox 410 1561 598 1616; x_wconf 73' lang='grc' dir='ltr'><em>περιθείς</em></span> <span class='ocrx_word' id='word_1_189' title='bbox 625 1562 773 1616; x_wconf 88' lang='grc' dir='ltr'><em>δέλεαρ</em></span> <span class='ocrx_word' id='word_1_190' title='bbox 804 1561 945 1615; x_wconf 80' lang='grc' dir='ltr'><em>ἕτερον</em></span> <span class='ocrx_word' id='word_1_191' title='bbox 982 1557 1106 1611; x_wconf 85' lang='grc' dir='ltr'><em>τόμον</em></span> <span class='ocrx_word' id='word_1_192' title='bbox 1137 1559 1318 1607; x_wconf 81' lang='grc' dir='ltr'><em>ἐξέθετο.</em></span> <span class='ocrx_word' id='word_1_193' title='bbox 1375 1554 1447 1597; x_wconf 85' lang='grc' dir='ltr'><em>καί</em></span> <span class='ocrx_word' id='word_1_194' title='bbox 1471 1555 1565 1598; x_wconf 76' lang='grc' dir='ltr'><em>ἐπεὶ</em></span> <span class='ocrx_word' id='word_1_195' title='bbox 1594 1553 1688 1597; x_wconf 75' lang='grc' dir='ltr'><em>ἔτυ-</em></span> 
     </span>
     <span class='ocr_line' id='line_1_23' title="bbox 257 1618 1691 1681; baseline -0.005 -14"><span class='ocrx_word' id='word_1_196' title='bbox 257 1643 310 1681; x_wconf 81' lang='grc' dir='ltr'><strong>χε</strong></span> <span class='ocrx_word' id='word_1_197' title='bbox 340 1624 432 1669; x_wconf 78' lang='grc' dir='ltr'><em>τότε</em></span> <span class='ocrx_word' id='word_1_198' title='bbox 459 1631 544 1675; x_wconf 80' lang='grc' dir='ltr'><em>τοῖς</em></span> <span class='ocrx_word' id='word_1_199' title='bbox 571 1624 677 1667; x_wconf 82' lang='grc' dir='ltr'><em>κατὰ</em></span> <span class='ocrx_word' id='word_1_200' title='bbox 707 1623 903 1678; x_wconf 76' lang='grc' dir='ltr'><em>Δάμαλιν</em></span> <span class='ocrx_word' id='word_1_201' title='bbox 940 1625 1122 1679; x_wconf 73' lang='grc' dir='ltr'><em>ἀρχείοις</em></span> <span class='ocrx_word' id='word_1_202' title='bbox 1145 1621 1482 1673; x_wconf 83' lang='grc' dir='ltr'><em>ἐναυλιζόμενος,</em></span> <span class='ocrx_word' id='word_1_203' title='bbox 1511 1618 1541 1661; x_wconf 72' lang='grc' dir='ltr'><em>ἃ</em></span> <span class='ocrx_word' id='word_1_204' title='bbox 1563 1622 1691 1661; x_wconf 63' lang='lat' dir='ltr'><strong>&gt;tuou-</strong></span> 
     </span>
     <span class='ocr_line' id='line_1_24' title="bbox 262 1683 1692 1748; baseline -0.005 -15"><span class='ocrx_word' id='word_1_205' title='bbox 262 1691 403 1748; x_wconf 80' lang='grc' dir='ltr'><em>τάριον</em></span> <span class='ocrx_word' id='word_1_206' title='bbox 437 1690 731 1746; x_wconf 63' lang='grc' dir='ltr'><em>ὄνομάζονταιξ,</em></span> <span class='ocrx_word' id='word_1_207' title='bbox 767 1688 839 1745; x_wconf 79' lang='grc' dir='ltr'><strong>τὴν</strong></span> <span class='ocrx_word' id='word_1_208' title='bbox 879 1691 956 1731; x_wconf 78' lang='grc' dir='ltr'><em>τοῦ</em></span> <span class='ocrx_word' id='word_1_209' title='bbox 1001 1686 1122 1743; x_wconf 76' lang='grc' dir='ltr'><em>ἀέρος</em></span> <span class='ocrx_word' id='word_1_210' title='bbox 1161 1687 1388 1741; x_wconf 76' lang='grc' dir='ltr'><em>εὐκρασίαν</em></span> <span class='ocrx_word' id='word_1_211' title='bbox 1429 1683 1692 1739; x_wconf 81' lang='grc' dir='ltr'><em>μεταδιώκων</em></span> 
     </span>
     <span class='ocr_line' id='line_1_25' title="bbox 946 1773 959 1789; baseline 0 0"><span class='ocrx_word' id='word_1_212' title='bbox 946 1773 959 1789; x_wconf 73' lang='grc'><em>,</em></span> 
     </span>
    </p>
   </div>
   <div class='ocr_carea' id='block_1_3' title="bbox 358 1807 1694 1905">
    <p class='ocr_par' dir='ltr' id='par_1_3' title="bbox 358 1807 1694 1905">
     <span class='ocr_line' id='line_1_26' title="bbox 358 1807 1694 1860; baseline -0.006 -11"><span class='ocrx_word' id='word_1_213' title='bbox 358 1816 392 1849; x_wconf 82' lang='grc'><strong>8.</strong></span> <span class='ocrx_word' id='word_1_214' title='bbox 417 1812 456 1847; x_wconf 82' lang='grc' dir='ltr'><em>τό</em></span> <span class='ocrx_word' id='word_1_215' title='bbox 483 1819 567 1848; x_wconf 87' lang='lat' dir='ltr'><strong>ante</strong></span> <span class='ocrx_word' id='word_1_216' title='bbox 589 1813 736 1860; x_wconf 85' lang='grc' dir='ltr'><em>μεταλλ.</em></span> <span class='ocrx_word' id='word_1_217' title='bbox 760 1811 866 1856; x_wconf 82' lang='lat' dir='ltr'><strong>vulgo</strong></span> <span class='ocrx_word' id='word_1_218' title='bbox 892 1811 1003 1845; x_wconf 83' lang='lat' dir='ltr'><strong>deest.</strong></span> <span class='ocrx_word' id='word_1_219' title='bbox 1101 1821 1152 1845; x_wconf 86' lang='grc' dir='ltr'><strong>ιο.</strong></span> <span class='ocrx_word' id='word_1_220' title='bbox 1176 1809 1325 1852; x_wconf 68' lang='grc' dir='ltr'><em>ἀληθῶς</em></span> <span class='ocrx_word' id='word_1_221' title='bbox 1349 1811 1388 1843; x_wconf 84' lang='lat' dir='ltr'><strong>A.</strong></span> <span class='ocrx_word' id='word_1_222' title='bbox 1504 1818 1559 1842; x_wconf 71' lang='grc' dir='ltr'><strong>αι.</strong></span> <span class='ocrx_word' id='word_1_223' title='bbox 1587 1807 1694 1853; x_wconf 74' lang='grc' dir='ltr'><em>ἔτυχε</em></span> 
     </span>
     <span class='ocr_line' id='line_1_27' title="bbox 358 1857 1115 1905; baseline -0.007 -11"><span class='ocrx_word' id='word_1_224' title='bbox 358 1860 431 1894; x_wconf 84' lang='lat' dir='ltr'><strong>add</strong></span> <span class='ocrx_word' id='word_1_225' title='bbox 455 1860 495 1894; x_wconf 81' lang='lat' dir='ltr'><strong>A.</strong></span> <span class='ocrx_word' id='word_1_226' title='bbox 609 1869 665 1894; x_wconf 75' lang='lat'><strong>22.</strong></span> <span class='ocrx_word' id='word_1_227' title='bbox 691 1859 975 1905; x_wconf 76' lang='grc' dir='ltr'><em>ἐναυλιζόμενος</em></span> <span class='ocrx_word' id='word_1_228' title='bbox 998 1867 1056 1891; x_wconf 86' lang='lat' dir='ltr'><strong>om</strong></span> <span class='ocrx_word' id='word_1_229' title='bbox 1075 1857 1115 1890; x_wconf 82' lang='lat' dir='ltr'><strong>A.</strong></span> 
     </span>
    </p>
   </div>
   <div class='ocr_carea' id='block_1_4' title="bbox 269 1966 1704 2756">
    <p class='ocr_par' dir='ltr' id='par_1_4' title="bbox 269 1966 1704 2756">
     <span class='ocr_line' id='line_1_28' title="bbox 269 1966 1695 2017; baseline -0.006 -10"><span class='ocrx_word' id='word_1_230' title='bbox 269 1973 386 2007; x_wconf 80' lang='lat' dir='ltr'><strong>notari</strong></span> <span class='ocrx_word' id='word_1_231' title='bbox 411 1973 508 2017; x_wconf 83' lang='lat' dir='ltr'><strong>passi</strong></span> <span class='ocrx_word' id='word_1_232' title='bbox 531 1976 660 2005; x_wconf 81' lang='lat' dir='ltr'><strong>essent.</strong></span> <span class='ocrx_word' id='word_1_233' title='bbox 685 1976 722 2004; x_wconf 87' lang='lat' dir='ltr'><strong>et</strong></span> <span class='ocrx_word' id='word_1_234' title='bbox 744 1971 783 2004; x_wconf 89' lang='lat' dir='ltr'><strong>id</strong></span> <span class='ocrx_word' id='word_1_235' title='bbox 810 1971 992 2004; x_wconf 81' lang='lat' dir='ltr'><strong>decretum</strong></span> <span class='ocrx_word' id='word_1_236' title='bbox 1024 1969 1063 2002; x_wconf 88' lang='lat' dir='ltr'><strong>in</strong></span> <span class='ocrx_word' id='word_1_237' title='bbox 1088 1979 1187 2002; x_wconf 89' lang='lat' dir='ltr'><strong>sacro</strong></span> <span class='ocrx_word' id='word_1_238' title='bbox 1210 1968 1345 2013; x_wconf 86' lang='lat' dir='ltr'><strong>palatio</strong></span> <span class='ocrx_word' id='word_1_239' title='bbox 1372 1966 1517 2012; x_wconf 87' lang='lat' dir='ltr'><strong>publice</strong></span> <span class='ocrx_word' id='word_1_240' title='bbox 1542 1966 1695 1999; x_wconf 85' lang='lat' dir='ltr'><strong>recitan-</strong></span> 
     </span>
     <span class='ocr_line' id='line_1_29' title="bbox 271 2012 1695 2063; baseline -0.006 -11"><span class='ocrx_word' id='word_1_241' title='bbox 271 2021 355 2052; x_wconf 87' lang='lat' dir='ltr'><strong>dum</strong></span> <span class='ocrx_word' id='word_1_242' title='bbox 381 2024 499 2059; x_wconf 83' lang='lat' dir='ltr'><strong>curat,</strong></span> <span class='ocrx_word' id='word_1_243' title='bbox 522 2018 746 2063; x_wconf 84' lang='lat' dir='ltr'><strong>principibus</strong></span> <span class='ocrx_word' id='word_1_244' title='bbox 770 2022 914 2050; x_wconf 88' lang='lat' dir='ltr'><strong>senatus</strong></span> <span class='ocrx_word' id='word_1_245' title='bbox 941 2022 977 2050; x_wconf 88' lang='lat' dir='ltr'><strong>et</strong></span> <span class='ocrx_word' id='word_1_246' title='bbox 1001 2016 1158 2060; x_wconf 81' lang='lat' dir='ltr'><strong>cognatis</strong></span> <span class='ocrx_word' id='word_1_247' title='bbox 1183 2016 1256 2048; x_wconf 88' lang='lat' dir='ltr'><strong>suis</strong></span> <span class='ocrx_word' id='word_1_248' title='bbox 1281 2015 1479 2046; x_wconf 82' lang='lat' dir='ltr'><strong>litterarum</strong></span> <span class='ocrx_word' id='word_1_249' title='bbox 1505 2012 1695 2052; x_wconf 84' lang='lat' dir='ltr'><strong>studiosis,</strong></span> 
     </span>
     <span class='ocr_line' id='line_1_30' title="bbox 270 2059 1697 2110; baseline -0.004 -13"><span class='ocrx_word' id='word_1_250' title='bbox 270 2067 334 2110; x_wconf 89' lang='lat' dir='ltr'><strong>qui</strong></span> <span class='ocrx_word' id='word_1_251' title='bbox 368 2065 481 2098; x_wconf 85' lang='lat' dir='ltr'><strong>veluti</strong></span> <span class='ocrx_word' id='word_1_252' title='bbox 519 2066 613 2099; x_wconf 84' lang='lat' dir='ltr'><strong>viam</strong></span> <span class='ocrx_word' id='word_1_253' title='bbox 648 2069 902 2109; x_wconf 79' lang='lat' dir='ltr'><strong>praepararent</strong></span> <span class='ocrx_word' id='word_1_254' title='bbox 941 2068 1049 2107; x_wconf 86' lang='lat' dir='ltr'><strong>atque</strong></span> <span class='ocrx_word' id='word_1_255' title='bbox 1077 2061 1358 2106; x_wconf 83' lang='lat' dir='ltr'><strong>applauderent,</strong></span> <span class='ocrx_word' id='word_1_256' title='bbox 1382 2059 1594 2103; x_wconf 79' lang='lat' dir='ltr'><strong>praemissis.</strong></span> <span class='ocrx_word' id='word_1_257' title='bbox 1621 2063 1697 2091; x_wconf 81' lang='lat' dir='ltr'><strong>erat</strong></span> 
     </span>
     <span class='ocr_line' id='line_1_31' title="bbox 271 2104 1696 2157; baseline -0.006 -13"><span class='ocrx_word' id='word_1_258' title='bbox 271 2117 390 2145; x_wconf 86' lang='lat' dir='ltr'><strong>autem</strong></span> <span class='ocrx_word' id='word_1_259' title='bbox 416 2111 531 2143; x_wconf 87' lang='lat' dir='ltr'><strong>oratio</strong></span> <span class='ocrx_word' id='word_1_260' title='bbox 565 2111 656 2142; x_wconf 84' lang='lat' dir='ltr'><strong>adeo</strong></span> <span class='ocrx_word' id='word_1_261' title='bbox 693 2110 894 2157; x_wconf 84' lang='lat' dir='ltr'><strong>probabilis</strong></span> <span class='ocrx_word' id='word_1_262' title='bbox 910 2135 919 2150; x_wconf 93' lang='lat'>‚</span> <span class='ocrx_word' id='word_1_263' title='bbox 950 2121 1023 2141; x_wconf 88' lang='lat' dir='ltr'><strong>nou</strong></span> <span class='ocrx_word' id='word_1_264' title='bbox 1049 2108 1288 2152; x_wconf 84' lang='lat' dir='ltr'><strong>spiritualium</strong></span> <span class='ocrx_word' id='word_1_265' title='bbox 1313 2106 1502 2138; x_wconf 84' lang='lat' dir='ltr'><strong>verborum</strong></span> <span class='ocrx_word' id='word_1_266' title='bbox 1525 2104 1696 2148; x_wconf 83' lang='lat' dir='ltr'><strong>gravitate</strong></span> 
     </span>
     <span class='ocr_line' id='line_1_32' title="bbox 271 2150 1697 2200; baseline -0.007 -9"><span class='ocrx_word' id='word_1_267' title='bbox 271 2158 334 2191; x_wconf 89' lang='lat' dir='ltr'><strong>sed</strong></span> <span class='ocrx_word' id='word_1_268' title='bbox 360 2157 535 2192; x_wconf 78' lang='lat' dir='ltr'><strong>humanae</strong></span> <span class='ocrx_word' id='word_1_269' title='bbox 565 2157 764 2200; x_wconf 80' lang='lat' dir='ltr'><strong>sapientiae</strong></span> <span class='ocrx_word' id='word_1_270' title='bbox 788 2156 977 2195; x_wconf 84' lang='lat' dir='ltr'><strong>suavitate,</strong></span> <span class='ocrx_word' id='word_1_271' title='bbox 1000 2160 1040 2187; x_wconf 87' lang='lat' dir='ltr'><strong>ut</strong></span> <span class='ocrx_word' id='word_1_272' title='bbox 1065 2164 1167 2186; x_wconf 88' lang='lat' dir='ltr'><strong>aures</strong></span> <span class='ocrx_word' id='word_1_273' title='bbox 1192 2164 1264 2185; x_wconf 90' lang='lat' dir='ltr'><strong>non</strong></span> <span class='ocrx_word' id='word_1_274' title='bbox 1294 2163 1415 2184; x_wconf 87' lang='lat' dir='ltr'><strong>eorum</strong></span> <span class='ocrx_word' id='word_1_275' title='bbox 1436 2151 1610 2183; x_wconf 80' lang='lat' dir='ltr'><strong>duntaxat</strong></span> <span class='ocrx_word' id='word_1_276' title='bbox 1633 2150 1697 2194; x_wconf 87' lang='lat' dir='ltr'><strong>qui</strong></span> 
     </span>
     <span class='ocr_line' id='line_1_33' title="bbox 269 2196 1698 2247; baseline -0.006 -11"><span class='ocrx_word' id='word_1_277' title='bbox 269 2204 403 2239; x_wconf 89' lang='lat' dir='ltr'><strong>variam</strong></span> <span class='ocrx_word' id='word_1_278' title='bbox 428 2204 504 2236; x_wconf 87' lang='lat' dir='ltr'><strong>eius</strong></span> <span class='ocrx_word' id='word_1_279' title='bbox 545 2203 842 2247; x_wconf 84' lang='lat' dir='ltr'><strong>compositionem</strong></span> <span class='ocrx_word' id='word_1_280' title='bbox 881 2207 918 2235; x_wconf 90' lang='lat' dir='ltr'><strong>et</strong></span> <span class='ocrx_word' id='word_1_281' title='bbox 944 2200 1134 2233; x_wconf 82' lang='lat' dir='ltr'><strong>iucundam</strong></span> <span class='ocrx_word' id='word_1_282' title='bbox 1159 2200 1349 2232; x_wconf 86' lang='lat' dir='ltr'><strong>vanitatem</strong></span> <span class='ocrx_word' id='word_1_283' title='bbox 1373 2196 1604 2241; x_wconf 84' lang='lat' dir='ltr'><strong>spectabant,</strong></span> <span class='ocrx_word' id='word_1_284' title='bbox 1633 2196 1698 2228; x_wconf 84' lang='lat' dir='ltr'><strong>sed</strong></span> 
     </span>
     <span class='ocr_line' id='line_1_34' title="bbox 272 2241 1698 2293; baseline -0.005 -11"><span class='ocrx_word' id='word_1_285' title='bbox 272 2261 396 2283; x_wconf 89' lang='lat' dir='ltr'><strong>eorum</strong></span> <span class='ocrx_word' id='word_1_286' title='bbox 421 2250 528 2282; x_wconf 82' lang='lat' dir='ltr'><strong>etiam</strong></span> <span class='ocrx_word' id='word_1_287' title='bbox 553 2249 615 2293; x_wconf 88' lang='lat' dir='ltr'><strong>qui</strong></span> <span class='ocrx_word' id='word_1_288' title='bbox 639 2249 752 2292; x_wconf 88' lang='lat' dir='ltr'><strong>ipsius</strong></span> <span class='ocrx_word' id='word_1_289' title='bbox 780 2248 904 2292; x_wconf 84' lang='lat' dir='ltr'><strong>scripti</strong></span> <span class='ocrx_word' id='word_1_290' title='bbox 928 2247 1142 2280; x_wconf 83' lang='lat' dir='ltr'><strong>sententiam</strong></span> <span class='ocrx_word' id='word_1_291' title='bbox 1170 2245 1411 2287; x_wconf 79' lang='lat' dir='ltr'><strong>indagabant,</strong></span> <span class='ocrx_word' id='word_1_292' title='bbox 1440 2241 1698 2287; x_wconf 81' lang='lat' dir='ltr'><strong>propemodum</strong></span> 
     </span>
     <span class='ocr_line' id='line_1_35' title="bbox 273 2288 1698 2339; baseline -0.008 -9"><span class='ocrx_word' id='word_1_293' title='bbox 273 2307 461 2339; x_wconf 81' lang='lat' dir='ltr'><strong>suspensas</strong></span> <span class='ocrx_word' id='word_1_294' title='bbox 486 2300 636 2328; x_wconf 82' lang='lat' dir='ltr'><strong>teneret.</strong></span> <span class='ocrx_word' id='word_1_295' title='bbox 664 2306 705 2327; x_wconf 83' lang='lat' dir='ltr'><strong>ac</strong></span> <span class='ocrx_word' id='word_1_296' title='bbox 731 2295 881 2327; x_wconf 83' lang='lat' dir='ltr'><strong>forsitan</strong></span> <span class='ocrx_word' id='word_1_297' title='bbox 915 2293 989 2339; x_wconf 75' lang='lat' dir='ltr'><strong>veri</strong></span> <span class='ocrx_word' id='word_1_298' title='bbox 1014 2293 1073 2325; x_wconf 89' lang='lat' dir='ltr'><strong>dei</strong></span> <span class='ocrx_word' id='word_1_299' title='bbox 1097 2292 1208 2335; x_wconf 80' lang='lat' dir='ltr'><strong>gloria</strong></span> <span class='ocrx_word' id='word_1_300' title='bbox 1231 2290 1502 2323; x_wconf 81' lang='lat' dir='ltr'><strong>Machometano</strong></span> <span class='ocrx_word' id='word_1_301' title='bbox 1526 2289 1581 2320; x_wconf 89' lang='lat' dir='ltr'><strong>illi</strong></span> <span class='ocrx_word' id='word_1_302' title='bbox 1609 2288 1698 2329; x_wconf 87' lang='lat' dir='ltr'><strong>deo,</strong></span> 
     </span>
     <span class='ocr_line' id='line_1_36' title="bbox 274 2334 1700 2387; baseline -0.006 -12"><span class='ocrx_word' id='word_1_303' title='bbox 274 2343 436 2387; x_wconf 85' lang='lat' dir='ltr'><strong>quisquis</strong></span> <span class='ocrx_word' id='word_1_304' title='bbox 464 2346 529 2381; x_wconf 87' lang='lat' dir='ltr'><strong>est,</strong></span> <span class='ocrx_word' id='word_1_305' title='bbox 553 2341 624 2376; x_wconf 85' lang='lat' dir='ltr'><strong>nisi</strong></span> <span class='ocrx_word' id='word_1_306' title='bbox 653 2340 853 2384; x_wconf 78' lang='lat' dir='ltr'><strong>patriarcha</strong></span> <span class='ocrx_word' id='word_1_307' title='bbox 879 2345 1023 2372; x_wconf 89' lang='lat' dir='ltr'><strong>strenue</strong></span> <span class='ocrx_word' id='word_1_308' title='bbox 1053 2338 1255 2371; x_wconf 82' lang='lat' dir='ltr'><strong>adversatus</strong></span> <span class='ocrx_word' id='word_1_309' title='bbox 1280 2346 1346 2368; x_wconf 88' lang='lat' dir='ltr'><strong>nec</strong></span> <span class='ocrx_word' id='word_1_310' title='bbox 1374 2336 1450 2379; x_wconf 87' lang='lat' dir='ltr'><strong>ipse</strong></span> <span class='ocrx_word' id='word_1_311' title='bbox 1473 2334 1510 2366; x_wconf 90' lang='lat' dir='ltr'><strong>id</strong></span> <span class='ocrx_word' id='word_1_312' title='bbox 1529 2335 1700 2379; x_wconf 84' lang='lat' dir='ltr'><strong>scriptum</strong></span> 
     </span>
     <span class='ocr_line' id='line_1_37' title="bbox 274 2382 1700 2431; baseline -0.006 -11"><span class='ocrx_word' id='word_1_313' title='bbox 274 2394 456 2427; x_wconf 82' lang='lat' dir='ltr'><strong>curasset,</strong></span> <span class='ocrx_word' id='word_1_314' title='bbox 484 2398 556 2431; x_wconf 87' lang='lat' dir='ltr'><strong>quo</strong></span> <span class='ocrx_word' id='word_1_315' title='bbox 582 2398 672 2419; x_wconf 81' lang='lat' dir='ltr'><strong>nova</strong></span> <span class='ocrx_word' id='word_1_316' title='bbox 712 2392 749 2419; x_wconf 86' lang='lat' dir='ltr'><strong>et</strong></span> <span class='ocrx_word' id='word_1_317' title='bbox 769 2386 970 2430; x_wconf 82' lang='lat' dir='ltr'><strong>periculosa</strong></span> <span class='ocrx_word' id='word_1_318' title='bbox 1002 2385 1166 2427; x_wconf 80' lang='lat' dir='ltr'><strong>dogmata</strong></span> <span class='ocrx_word' id='word_1_319' title='bbox 1190 2382 1522 2421; x_wconf 83' lang='lat' dir='ltr'><strong>introducerentur,</strong></span> <span class='ocrx_word' id='word_1_320' title='bbox 1559 2386 1596 2413; x_wconf 85' lang='lat' dir='ltr'><strong>et</strong></span> <span class='ocrx_word' id='word_1_321' title='bbox 1619 2391 1700 2413; x_wconf 78' lang='lat' dir='ltr'><strong>cae-</strong></span> 
     </span>
     <span class='ocr_line' id='line_1_38' title="bbox 274 2427 1703 2476; baseline -0.006 -8"><span class='ocrx_word' id='word_1_322' title='bbox 274 2440 390 2474; x_wconf 79' lang='lat' dir='ltr'><strong>teros,</strong></span> <span class='ocrx_word' id='word_1_323' title='bbox 430 2439 471 2466; x_wconf 85' lang='lat' dir='ltr'><strong>ut</strong></span> <span class='ocrx_word' id='word_1_324' title='bbox 505 2432 543 2466; x_wconf 89' lang='lat' dir='ltr'><strong>id</strong></span> <span class='ocrx_word' id='word_1_325' title='bbox 580 2438 750 2476; x_wconf 86' lang='lat' dir='ltr'><strong>tanquam</strong></span> <span class='ocrx_word' id='word_1_326' title='bbox 774 2443 950 2465; x_wconf 82' lang='lat' dir='ltr'><strong>venenum</strong></span> <span class='ocrx_word' id='word_1_327' title='bbox 984 2436 1185 2474; x_wconf 87' lang='lat' dir='ltr'><strong>suspectum</strong></span> <span class='ocrx_word' id='word_1_328' title='bbox 1211 2428 1404 2468; x_wconf 84' lang='lat' dir='ltr'><strong>haherent,</strong></span> <span class='ocrx_word' id='word_1_329' title='bbox 1432 2427 1639 2459; x_wconf 83' lang='lat' dir='ltr'><strong>monuisset.</strong></span> <span class='ocrx_word' id='word_1_330' title='bbox 1663 2431 1703 2460; x_wconf 73' lang='lat' dir='ltr'><strong>at</strong></span> 
     </span>
     <span class='ocr_line' id='line_1_39' title="bbox 276 2474 1701 2525; baseline -0.005 -12"><span class='ocrx_word' id='word_1_331' title='bbox 276 2482 492 2525; x_wconf 87' lang='lat' dir='ltr'><strong>imperator,</strong></span> <span class='ocrx_word' id='word_1_332' title='bbox 529 2479 631 2523; x_wconf 89' lang='lat' dir='ltr'><strong>quasi</strong></span> <span class='ocrx_word' id='word_1_333' title='bbox 665 2479 759 2521; x_wconf 77' lang='lat' dir='ltr'><strong>gravi</strong></span> <span class='ocrx_word' id='word_1_334' title='bbox 784 2481 930 2511; x_wconf 80' lang='lat' dir='ltr'><strong>affectus</strong></span> <span class='ocrx_word' id='word_1_335' title='bbox 966 2477 1118 2515; x_wconf 85' lang='lat' dir='ltr'><strong>iniuria,</strong></span> <span class='ocrx_word' id='word_1_336' title='bbox 1143 2476 1330 2519; x_wconf 83' lang='lat' dir='ltr'><strong>pontifices</strong></span> <span class='ocrx_word' id='word_1_337' title='bbox 1354 2474 1523 2506; x_wconf 82' lang='lat' dir='ltr'><strong>conviciis</strong></span> <span class='ocrx_word' id='word_1_338' title='bbox 1547 2474 1701 2506; x_wconf 75' lang='lat' dir='ltr'><strong>insecta-</strong></span> 
     </span>
     <span class='ocr_line' id='line_1_40' title="bbox 276 2519 1701 2565; baseline -0.006 -6"><span class='ocrx_word' id='word_1_339' title='bbox 276 2527 385 2562; x_wconf 81' lang='lat' dir='ltr'><strong>batur</strong></span> <span class='ocrx_word' id='word_1_340' title='bbox 407 2531 445 2558; x_wconf 84' lang='lat' dir='ltr'><strong>et</strong></span> <span class='ocrx_word' id='word_1_341' title='bbox 468 2525 630 2558; x_wconf 84' lang='lat' dir='ltr'><strong>homiues</strong></span> <span class='ocrx_word' id='word_1_342' title='bbox 659 2525 816 2556; x_wconf 86' lang='lat' dir='ltr'><strong>omnium</strong></span> <span class='ocrx_word' id='word_1_343' title='bbox 843 2523 1046 2555; x_wconf 87' lang='lat' dir='ltr'><strong>mortalium</strong></span> <span class='ocrx_word' id='word_1_344' title='bbox 1072 2522 1300 2554; x_wconf 72' lang='lat' dir='ltr'><strong>stultissimos</strong></span> <span class='ocrx_word' id='word_1_345' title='bbox 1325 2519 1542 2565; x_wconf 85' lang='lat' dir='ltr'><strong>appellabat,</strong></span> <span class='ocrx_word' id='word_1_346' title='bbox 1566 2519 1701 2563; x_wconf 84' lang='lat' dir='ltr'><strong>quippe</strong></span> 
     </span>
     <span class='ocr_line' id='line_1_41' title="bbox 278 2565 1699 2615; baseline -0.006 -9"><span class='ocrx_word' id='word_1_347' title='bbox 278 2584 322 2606; x_wconf 78' lang='lat' dir='ltr'><strong>ex</strong></span> <span class='ocrx_word' id='word_1_348' title='bbox 348 2572 472 2606; x_wconf 83' lang='lat' dir='ltr'><strong>morbo</strong></span> <span class='ocrx_word' id='word_1_349' title='bbox 497 2571 713 2615; x_wconf 81' lang='lat' dir='ltr'><strong>gravissimo,</strong></span> <span class='ocrx_word' id='word_1_350' title='bbox 739 2571 801 2614; x_wconf 89' lang='lat' dir='ltr'><strong>qui</strong></span> <span class='ocrx_word' id='word_1_351' title='bbox 830 2570 978 2602; x_wconf 82' lang='lat' dir='ltr'><strong>exitium</strong></span> <span class='ocrx_word' id='word_1_352' title='bbox 1006 2569 1038 2600; x_wconf 87' lang='lat' dir='ltr'><strong>ei</strong></span> <span class='ocrx_word' id='word_1_353' title='bbox 1063 2568 1196 2607; x_wconf 76' lang='lat' dir='ltr'><strong>attulit,</strong></span> <span class='ocrx_word' id='word_1_354' title='bbox 1222 2567 1368 2611; x_wconf 80' lang='lat' dir='ltr'><strong>pronior</strong></span> <span class='ocrx_word' id='word_1_355' title='bbox 1393 2565 1436 2598; x_wconf 85' lang='lat' dir='ltr'><strong>ad</strong></span> <span class='ocrx_word' id='word_1_356' title='bbox 1462 2566 1548 2598; x_wconf 89' lang='lat' dir='ltr'><strong>iram</strong></span> <span class='ocrx_word' id='word_1_357' title='bbox 1576 2566 1699 2598; x_wconf 79' lang='lat' dir='ltr'><strong>factus.</strong></span> 
     </span>
     <span class='ocr_line' id='line_1_42' title="bbox 278 2610 1703 2664; baseline -0.006 -13"><span class='ocrx_word' id='word_1_358' title='bbox 278 2618 430 2664; x_wconf 85' lang='lat' dir='ltr'><strong>proinde</strong></span> <span class='ocrx_word' id='word_1_359' title='bbox 456 2618 499 2651; x_wconf 78' lang='lat' dir='ltr'><strong>iis</strong></span> <span class='ocrx_word' id='word_1_360' title='bbox 525 2628 618 2662; x_wconf 85' lang='lat' dir='ltr'><strong>quae</strong></span> <span class='ocrx_word' id='word_1_361' title='bbox 643 2617 761 2661; x_wconf 84' lang='lat' dir='ltr'><strong>priore</strong></span> <span class='ocrx_word' id='word_1_362' title='bbox 786 2615 928 2648; x_wconf 81' lang='lat' dir='ltr'><strong>decreto</strong></span> <span class='ocrx_word' id='word_1_363' title='bbox 970 2615 1100 2654; x_wconf 81' lang='lat' dir='ltr'><strong>fusius,</strong></span> <span class='ocrx_word' id='word_1_364' title='bbox 1126 2614 1291 2646; x_wconf 76' lang='lat' dir='ltr'><strong>oratoriis</strong></span> <span class='ocrx_word' id='word_1_365' title='bbox 1320 2613 1537 2652; x_wconf 68' lang='lat' dir='ltr'><strong>ornamentis</strong></span> <span class='ocrx_word' id='word_1_366' title='bbox 1561 2610 1703 2644; x_wconf 84' lang='lat' dir='ltr'><strong>adhibi-</strong></span> 
     </span>
     <span class='ocr_line' id='line_1_43' title="bbox 279 2657 1704 2708; baseline -0.007 -9"><span class='ocrx_word' id='word_1_367' title='bbox 279 2667 346 2705; x_wconf 68' lang='lat' dir='ltr'><strong>tis,</strong></span> <span class='ocrx_word' id='word_1_368' title='bbox 373 2665 577 2708; x_wconf 82' lang='lat' dir='ltr'><strong>scripserat,</strong></span> <span class='ocrx_word' id='word_1_369' title='bbox 602 2663 638 2695; x_wconf 90' lang='lat' dir='ltr'><strong>in</strong></span> <span class='ocrx_word' id='word_1_370' title='bbox 663 2662 912 2707; x_wconf 84' lang='lat' dir='ltr'><strong>compendium</strong></span> <span class='ocrx_word' id='word_1_371' title='bbox 948 2660 1100 2694; x_wconf 76' lang='lat' dir='ltr'><strong>redactis</strong></span> <span class='ocrx_word' id='word_1_372' title='bbox 1135 2666 1170 2692; x_wconf 87' lang='lat' dir='ltr'><strong>et</strong></span> <span class='ocrx_word' id='word_1_373' title='bbox 1198 2659 1371 2701; x_wconf 66' lang='lat' dir='ltr'><strong>dogmatis</strong></span> <span class='ocrx_word' id='word_1_374' title='bbox 1398 2657 1575 2691; x_wconf 79' lang='lat' dir='ltr'><strong>illecebris</strong></span> <span class='ocrx_word' id='word_1_375' title='bbox 1598 2657 1704 2690; x_wconf 89' lang='lat' dir='ltr'><strong>ador-</strong></span> 
     </span>
     <span class='ocr_line' id='line_1_44' title="bbox 281 2702 1703 2756; baseline -0.008 -8"><span class='ocrx_word' id='word_1_376' title='bbox 281 2712 400 2753; x_wconf 57' lang='lat' dir='ltr'><strong>natis.</strong></span> <span class='ocrx_word' id='word_1_377' title='bbox 433 2709 532 2750; x_wconf 68' lang='lat' dir='ltr'><strong>aliud</strong></span> <span class='ocrx_word' id='word_1_378' title='bbox 573 2708 755 2744; x_wconf 83' lang='lat' dir='ltr'><strong>decretum</strong></span> <span class='ocrx_word' id='word_1_379' title='bbox 790 2708 1034 2756; x_wconf 79' lang='lat' dir='ltr'><strong>promulgavit.</strong></span> <span class='ocrx_word' id='word_1_380' title='bbox 1075 2718 1153 2741; x_wconf 83' lang='lat' dir='ltr'><strong>cum</strong></span> <span class='ocrx_word' id='word_1_381' title='bbox 1183 2712 1302 2740; x_wconf 76' lang='lat' dir='ltr'><strong>autem</strong></span> <span class='ocrx_word' id='word_1_382' title='bbox 1338 2712 1414 2740; x_wconf 81' lang='lat' dir='ltr'><strong>tum</strong></span> <span class='ocrx_word' id='word_1_383' title='bbox 1438 2706 1475 2741; x_wconf 91' lang='lat' dir='ltr'><strong>in</strong></span> <span class='ocrx_word' id='word_1_384' title='bbox 1499 2703 1636 2750; x_wconf 80' lang='lat' dir='ltr'><strong>palatio</strong></span> <span class='ocrx_word' id='word_1_385' title='bbox 1658 2702 1703 2736; x_wconf 76' lang='lat' dir='ltr'><strong>ad</strong></span> 
     </span>
    </p>
   </div>
  </div>
 </body>
</html>
