1838 3210
576 198 850 240 1oHANNEs
889 199 1184 242 commus
1545 177 1621 243 43

174 292 283 345 εἶδος
311 300 559 352 προφαίνων
589 297 872 355 ἀξιοθέατον),
900 297 1108 348 πλείστοις
1129 299 1207 350 μὲν
1229 297 1303 339 καί
1330 293 1471 346 ἄλλοις
1493 310 1624 351 προσ,-

173 363 310 414 έμιξεν
347 360 488 405 ἔθνεσι
506 393 518 416 ,
560 361 640 404 συν
668 364 811 412 αὐτοῖς
852 365 899 405 δὲ
929 366 1003 406 καί
1031 367 1088 422 τῷ
1131 365 1204 419 τῆς
1236 363 1437 414 Ἰκονιὲων
1465 378 1625 417 σατρα-

172 424 341 470 πεύοντι
366 425 672 485 μητροπόλεως.
700 427 774 469 καί
799 424 853 483 ἦν
876 430 954 481 μὲν
982 429 1005 471 ὅ
1032 427 1237 479 Ἰσαάκιος
1264 423 1387 477 οὗτος
1411 426 1625 482 ὁρμαίνων

173 488 243 534 ἀεῖ
279 491 444 550 χώραις
483 495 711 536 ἐπιθέσθαι
746 493 1011 547 Ῥωμαϊκαῖς
1057 496 1132 536 καί
1165 493 1308 537 Σατοὶν
1344 495 1542 549 γενέσθαι
1566 496 1626 550 τῷ

137 559 354 616 5Ἰωάννῃ,
377 557 608 614 χρημάτων
624 560 664 600 δ’
690 560 859 614 ἀπορῶν
886 561 961 601 καί
987 559 1061 602 τὸν
1079 562 1260 613 βασιλέα
1283 557 1484 615 Ἰωάννην
1511 558 1624 613 δρῶν

171 629 263 673 ταῖς
289 623 395 667 κατὰ
435 625 614 678 πόλεμον
645 623 829 680 ,πράξεσι
858 624 931 667 διὰ
973 625 1128 676 παντὸς
1156 629 1439 682 περικλέῒστον
1471 625 1622 667 οὐδένα

169 687 340 745 εὕρισκε
385 696 470 741 τοῖς
506 690 609 733 κατὰ
649 689 806 733 σκοπὸν
831 692 968 749 ἐκεινῳ
997 695 1303 745 συμβαίνοντα.
1355 692 1517 744 μᾶλλον
1542 692 1670 744 statvo

168 750 246 797 οὖν
291 755 365 798 καί
408 754 572 806 πάντας
613 752 725 811 εἶχεν
763 757 1067 812 ἀποπηδῶντας
1104 756 1179 799 καὶ
1218 756 1325 812 πρὸς
1352 756 1428 812 τήν
1454 755 1626 812 πρώτην

166 823 241 877 τῆς
268 822 529 871 ἀποστασίας
555 820 755 878 ένήχησιν
783 825 1159 879 δυσχεραίνοντας,
1206 821 1281 864 καί
1304 821 1382 878 τήν
1407 823 1623 877 ἐπιχείρη-

110 903 236 931 ιοσιν
275 886 614 944 ἀπαγορεύοντας
654 888 711 938 ὥς
750 887 1004 945 ἀσύμφορον
1030 885 1204 947 κάκείνῳ
1243 889 1317 930 καί
1344 889 1449 942 μηδ’
1477 885 1624 938 αὐτοῖς

165 952 342 1010 έφικτὴν
374 953 581 996 ὅπωσοῦν.
612 951 712 997 ὅθεν
731 953 832 1004 τούς
856 952 1074 1010 τοπάρχας
1098 953 1297 1011 περιιών,
1329 955 1404 995 καί
1429 957 1530 1009 παρ’
1559 951 1623 1003 οἷς

167 1021 340 1062 κατέλυε
369 1021 423 1062 δι’
452 1020 600 1070 αἰδοῦς
629 1019 832 1076 ἀγόμενος
859 1020 918 1070 ὥς
942 1020 988 1064 τὸ
1022 1017 1136 1070 εἶδος
1162 1020 1522 1075 τυραννικώτατος
1549 1020 1625 1062 κατ’

165 1083 211 1128 τὸ
244 1087 361 1140 γένος
395 1086 724 1142 ἐπισημότατος,
768 1086 851 1140 ὀψὲ
893 1085 1033 1136 συνείς
1061 1086 1120 1137 ὥς
1152 1087 1344 1141 διακενῆς
1371 1088 1444 1141 τῆς
1471 1100 1622 1143 συγγε-

164 1154 279 1201 νείας
311 1153 632 1205 α’ποδιίσταται,
661 1154 755 1206 βίον
779 1153 943 1195 ἀντλῶν
973 1151 1173 1208 πονηρόν,
1207 1151 1313 1207 πρὸς
1340 1150 1410 1193 τὸν
1437 1148 1620 1203 ὅμόσπο-

106 1218 240 1273 15ρον
262 1218 507 1264 ἐπανέλυσε.
535 1220 610 1260 καί
635 1217 837 1271 βασιλεῦς
865 1219 1060 1271 ἀσμένως
1089 1218 1218 1260 αὐτόν
1245 1233 1291 1259 τε
1320 1217 1395 1258 καί
1421 1215 1496 1259 τὸν
1522 1215 1621 1260 υἱέα

164 1286 443 1338 προσβλέπει,
473 1283 548 1326 καί
581 1278 682 1337 ὄψιν
727 1286 802 1326 καί
829 1283 978 1339 λόγους
1007 1284 1169 1339 ἀμφοῖν
1199 1282 1371 1335 δίδωσι,
1400 1284 1474 1324 καί
1496 1298 1619 1338 χαρι-

162 1349 291 1398 έντως
317 1352 645 1405 προσπλέκεται·
710 1348 892 1405 ἰσχυρὸν
928 1348 1007 1405 γάρ
1037 1367 1078 1391 τι
1118 1351 1267 1404 χρῆμα
1310 1347 1444 1397 πόθος
1472 1364 1620 1403 συγγε-

161 1417 251 1474 νείᾳ
295 1417 647 1473 διυφαινόμενος,
693 1413 774 1458 κᾶν
807 1415 1067 1473 ἀπορραγείη
1093 1412 1246 1471 μικρόν
1273 1432 1315 1457 τι
1343 1418 1419 1471 τῆς
1443 1432 1618 1472 συμφυ-

159 1482 232 1531 ΐας
274 1478 609 1538 φιλυπόοτροφος
642 1484 804 1536 ταχέως
841 1483 1012 1537 γίνεται.
1079 1482 1225 1536 ἀμέλει
1276 1483 1350 1524 καί
1388 1480 1433 1524 τὸ
1473 1479 1616 1538 πρώην
1627 1490 1661 1524 Ρ.
1677 1500 1722 1524 aa

98 1564 151 1590 20
165 1546 340 1604 φίλτρον
369 1547 630 1603 διατηρήσας
658 1548 876 1604 ἀλαὶβητον
904 1549 1030 1591 οὐδέν
1057 1565 1097 1590 τι
1129 1550 1377 1603 παλίγκοτον
1405 1547 1617 1604 ὖπέτυφεν

161 1614 208 1656 έν
233 1603 369 1671 ψυχῇ,
398 1614 523 1657 ὁποῖα
542 1613 581 1656 οἱ
610 1616 656 1656 έν
684 1616 840 1669 ἀρχαῖς
868 1615 1043 1671 φιλοῦσι
1067 1615 1359 1669 τεχνάζεσθαι,
1389 1613 1461 1656 τὸν
1487 1612 1616 1667 χόλον

162 1680 440 1730 ἐνθάπτοντες
462 1682 536 1723 καί
562 1679 781 1730 ἒναύοντες
809 1683 870 1730 εἰς
898 1681 977 1735 τὴν
1004 1680 1114 1722 κατὰ
1144 1678 1289 1734 καιρὸν
1317 1676 1616 1736 ᾳιρυκταὶρησιν

114 1754 119 1759 “
161 1744 518 1803 καίκατάπρησιν·
536 1747 609 1803 τὴν
629 1748 676 1789 δὲ
686 1748 1006 1789 ,Κωνσταντίνου
1022 1746 1102 1789 σύν
1119 1747 1234 1802 αύτῷ
1248 1744 1387 1788 εἰσιών
1402 1745 1454 1787 οὗ
1472 1749 1614 1786 πλεῖον

252 1879 286 1913 3.
316 1879 462 1915 πόλεως
487 1881 524 1912 A.
625 1891 676 1913 ιο.
701 1880 766 1913 καὶ
792 1890 861 1912 om.
893 1881 929 1912 A.
1036 1880 1085 1914 13.
1113 1877 1183 1922 ὀψὲ
1209 1898 1251 1904 -
1277 1875 1450 1923 πονηρὸν
1475 1888 1546 1910 om.
1575 1879 1612 1911 A.

259 1926 311 1960 16.
335 1928 399 1960 καὶ
428 1925 532 1974 ὄψιν]
570 1929 633 1960 καὶ
659 1922 922 1973 ὁμοτράπεζον
946 1925 1063 1962 πάλιν
1099 1924 1177 1970 εἶχε
1204 1926 1269 1958 καὶ
1292 1923 1447 1965 ἔνδοξον
1469 1923 1507 1956 Β.

160 2029 311 2062 abierat.
336 2034 413 2062 erat
435 2034 555 2062 autem
580 2028 634 2060 vir
657 2028 852 2061 bellicosus
889 2034 926 2061 et
950 2029 1072 2069 sortis,
1099 2038 1248 2073 procera
1272 2032 1409 2061 statura
1436 2033 1473 2060 et
1496 2027 1609 2061 sonna

157 2075 308 2110 visenda
348 2075 552 2120 praedit1153
578 2076 642 2120 qui
676 2087 755 2109 cum
781 2074 828 2108 ad
854 2075 943 2108 alias
971 2081 1095 2119 gentes
1121 2075 1333 2114 transierat,
1362 2079 1438 2107 tum
1464 2073 1510 2107 ad
1529 2075 1610 2107 lco-

158 2123 295 2156 niensis
321 2122 531 2167 metropolis
572 2127 769 2167 satrapam,
810 2122 965 2156 subinde
991 2122 1038 2155 ad
1064 2121 1298 2155 incursandas
1325 2122 1499 2154 Romanas
1524 2132 1610 2166 pro-

157 2170 294 2203 vincias
315 2175 353 2202 et
383 2180 438 2203 res
462 2168 634 2202 Iohannis
659 2168 856 2202 turbandas
886 2170 1068 2202 incitatus.
1093 2168 1156 2202 sed
1185 2169 1270 2214 quia
1298 2168 1451 2213 pecunia
1479 2167 1610 2212 egebat

159 2222 198 2249 et
221 2216 418 2261 imperator
440 2216 619 2249 Iohannes
656 2221 833 2261 perpetua
860 2217 912 2249 rei
939 2217 1095 2249 bellicae
1119 2216 1228 2248 laude
1254 2215 1430 2255 florebat,
1456 2215 1527 2259 ipsi
1550 2216 1610 2248 ni-

158 2262 214 2295 hil
238 2274 282 2296 ex
313 2263 495 2296 sententia
528 2263 769 2305 succedebat,
808 2275 850 2296 ac
876 2264 998 2308 potius
1037 2274 1160 2296 omnes
1190 2262 1234 2295 ab
1261 2274 1303 2295 eo
1333 2261 1548 2295 resiliebant
1573 2266 1610 2295 et

156 2310 314 2355 primum
328 2309 543 2343 defectionis
559 2311 750 2343 consilium
763 2310 1031 2354 improbabant,
1057 2316 1226 2342 conatum
1243 2309 1346 2342 illum
1366 2309 1608 2349 detestantes,

158 2357 223 2402 qui
243 2367 311 2389 nec
334 2357 366 2389 ei
393 2357 580 2401 expediret
602 2363 639 2390 et
653 2357 741 2402 ipsis
774 2357 966 2390 succedere
994 2357 1207 2390 nullomodo
1234 2362 1367 2401 posset.
1394 2355 1504 2399 igitur
1527 2366 1609 2388 cum

155 2403 347 2448 toparchas
362 2403 490 2444 adiret,
517 2404 584 2437 etsi
600 2403 646 2436 ab
668 2404 835 2437 omuibus
861 2410 1066 2437 reverenter
1085 2404 1312 2448 exciperetur
1329 2408 1368 2435 ut
1390 2402 1504 2435 forma
1524 2412 1608 2446 rego

159 2448 368 2494 dignissima
388 2450 574 2495 praeditus
594 2456 631 2484 et
655 2462 784 2494 genere
809 2451 1036 2483 nobilissimo
1063 2457 1182 2491 ortus,
1211 2461 1291 2483 sero
1317 2455 1438 2482 tamen
1467 2448 1608 2481 intelli-

157 2506 255 2540 gens,
285 2496 384 2542 quod
410 2497 551 2530 deserta
578 2498 792 2542 cognatione
820 2509 1007 2530 aerumnas
1034 2497 1165 2530 frustra
1179 2497 1362 2536 toleraret,
1388 2495 1436 2528 ad
1458 2496 1606 2528 fratrem

159 2553 199 2575 se
222 2543 371 2588 recepit.
411 2544 607 2589 imperator
628 2555 713 2578 vero
738 2550 775 2578 et
801 2545 918 2589 ipsum
945 2550 982 2578 et
1005 2544 1121 2577 filium
1149 2556 1253 2579 suum
1278 2542 1409 2588 cupide
1436 2547 1606 2586 exceptos
1696 2560 1734 2570 -

159 2589 338 2623 allocutus
358 2595 414 2624 est
427 2597 464 2624 et
477 2592 634 2624 suaviter
647 2591 843 2635 amplexus.
868 2603 950 2624 nam
965 2592 1190 2641 cognationis
1213 2589 1432 2623 desiderium
1452 2589 1606 2621 multum

158 2635 276 2679 valet3
305 2648 347 2670 ac
370 2639 515 2671 tametsi
539 2649 651 2671 nexus
671 2638 736 2671 ille
753 2638 923 2671 nonnihil
947 2639 1088 2671 laxatus
1114 2638 1236 2678 fuerit,
1259 2637 1365 2669 facile
1391 2642 1512 2669 tamen
1542 2633 1606 2667 ‹le-

160 2693 233 2714 nuo
257 2683 476 2728 astringitur.
510 2696 550 2718 ac
588 2685 740 2730 pristina
767 2696 849 2729 erga
884 2697 966 2718 eum
995 2686 1146 2718 caritate
1170 2684 1345 2717 inviolata
1373 2686 1613 2720 conservata,

158 2727 256 2762 bona
286 2729 358 2762 fide
383 2731 424 2764 in
459 2732 609 2775 gratiam
635 2731 767 2773 rediit,
802 2743 904 2765 secus
958 2744 1039 2764 uam
1065 2737 1233 2777 potentes
1257 2731 1399 2770 solent,
1423 2729 1488 2774 qui
1515 2728 1605 2761 iram

156 2780 287 2820 tegunt
310 2786 350 2809 ac
377 2776 631 2819 dissimulant,
659 2778 745 2813 dum
769 2743 969 2813 ulciscenili
995 2778 1136 2813 occasio
1163 2777 1280 2811 detur.
1329 2775 1472 2822 Cpolim
1494 2774 1605 2820 igitur
