1878 3230
540 215 610 254 DE
651 213 868 256 isAAcio
911 214 1132 257 ANGELO
1165 214 1265 256 nn.
1305 217 1378 257 111.
1533 196 1643 254 555

220 310 490 363 δυσκόμενοι,
518 313 691 366 ἐνιαχοῦ
720 314 766 354 δὲ
795 315 867 355 καί
893 313 1130 370 πορφύρεον
1156 313 1336 357 θάνατον
1357 312 1648 370 ὑφιστάμενοι.

219 375 271 416 οὐ
297 374 375 429 γάρ
402 376 449 417 τὸ
486 379 601 418 θεῖον
641 382 762 433 φιλεῖ
799 378 868 420 διὰ
903 382 977 433 τῆς
1007 381 1138 434 αὐτῆς
1169 377 1373 429 ὡσαύτως
1392 380 1593 436 ’κινήσεως
1619 377 1645 434 ἢ

219 439 488 495 ε’φορμήσεως
523 440 575 482 τὰ
613 441 716 484 κατὰ
752 442 824 485 τὸν
855 447 996 497 βίοτον
1030 447 1235 496 μεθιστᾶν
1274 447 1346 486 καί
1371 446 1646 500 διακυβερνᾶν

217 503 460 559 πράγματα,
492 504 598 548 ἀλλὰ
624 506 669 549 τὸ
694 512 879 550 ποικίλον
904 510 1115 562 παριστῶν
1141 511 1217 564 τῆς
1243 512 1317 552 τοῦ
1345 508 1497 560 παντὸς
1522 512 1686 552 vowel)

181 571 469 625 5διεξαγωγῆς
495 586 540 612 τε
564 572 638 613 καί
655 571 898 626 διοικήσεως
929 571 1072 615 ἄλλοτε
1097 570 1234 623 ἄλλως
1251 574 1326 624 τὰς
1355 577 1545 625 ἐξουσίας
1570 591 1645 629 με-

215 632 424 689 θαρμόζει
459 634 533 677 καί
564 639 813 692 μετατίθησι
852 638 927 686 τὰς
965 636 1128 693 α’ρχάς,
1168 642 1275 694 μηδὲ
1311 638 1360 682 τὸ
1399 638 1646 683 λεπτότατον

212 698 297 741 ἐῶν
322 701 394 754 τῆς
418 696 572 742 ἑαυτοῦ
595 700 738 757 χειρὸς
764 701 933 752 ἔξωθεν.
963 706 1034 745 καί
1062 704 1223 759 Φαραώ
1251 707 1329 759 μὲν
1357 706 1496 755 αὕτοῖς
1519 721 1646 760 στρα-

213 763 380 814 τιώταις
405 767 464 822 τῷ
485 765 587 823 ἁλίῳ
611 769 736 824 βυθῷ
762 767 1070 822 παραδιδωσιν·
1129 765 1253 812 ἄλλον
1273 767 1540 824 ἆπολαιμίζει
1562 787 1646 824 μα-

213 829 343 888 χαίρᾳ
379 829 451 871 διὰ
495 828 710 885 γυναικός,
755 831 828 874 καί
847 834 999 888 ταύτης
1023 834 1308 892 καλλιπαρῄου
1336 838 1410 879 καί
1448 837 1646 879 λευκωλέ-

156 912 203 938 ιο
214 909 310 936 νου·
368 898 511 951 ἕτερον
547 897 672 952 χερσὶ
696 900 780 940 τῶν
806 901 1014 951 πολεμίων
1042 899 1257 955 παραδούς
1283 905 1370 944 τῶν
1395 904 1495 959 τῇδε
1522 905 1645 955 μεθί-

209 974 369 1014 στησιν.
400 959 487 1003 ἔστι
515 963 555 1003 δ’
581 960 628 1010 ὃς
658 961 735 1011 τὰς
762 965 919 1018 φρένας
937 965 1189 1020 παρακοπείς
1217 967 1289 1008 καί
1305 966 1514 1021 λογισθεὶς
1544 965 1647 1009 «fimet

211 1023 357 1080 νεκρὸς
394 1025 476 1067 α’πό
512 1026 689 1082 καρδίας
723 1030 798 1070 καί
831 1030 891 1078 εἰς
925 1031 1038 1079 τέλος
1070 1030 1313 1086 ἒπιλησθείς
1356 1034 1439 1074 τῶν
1466 1034 1646 1086 α’ρχεάυν

210 1093 303 1143 μετ’
331 1090 632 1146 έπιχαρμάτων
661 1092 922 1146 ἐκκομίζεται
956 1097 1031 1136 καί
1058 1097 1175 1152 ταφῇ
1204 1099 1542 1152 παραπέμπεται,
1569 1099 1645 1138 κεί-

208 1158 347 1198 κεῖθεν
372 1155 518 1198 λεπτὸν
545 1157 720 1212 ὖπηχῶν
746 1161 819 1200 καί
842 1161 986 1201 ποθῶν
1010 1159 1084 1214 τήν
1115 1160 1299 1215 ἡμέραν,
1331 1162 1383 1202 οὕ
1408 1164 1482 1216 τῆς
1508 1163 1645 1217 α’ρχῆς

152 1223 200 1270 15
211 1218 499 1275 ἀπεχόμενος,
524 1223 644 1265 έᾶται
671 1225 744 1265 καὶ
770 1221 879 1265 οὕτω
904 1225 1145 1280 φθινύθειν,
1173 1227 1246 1267 καί
1273 1223 1334 1275 ὥς
1361 1228 1527 1282 ἀνδρῶν
1552 1226 1645 1280 χεί-

209 1301 348 1341 ριστος
375 1288 512 1336 καλῶς
543 1288 712 1343 α’φίεται
736 1287 880 1330 ἵεσθαι
907 1293 1040 1340 κακῶς
1075 1289 1152 1345 τήν
1179 1292 1223 1340 ἐς
1248 1290 1448 1334 θάνατον.
1499 1294 1647 1335 πολλοὶ

208 1351 257 1392 δὲ
284 1353 460 1410 μαλακῷ
497 1353 695 1406 δαμέντες
728 1354 895 1412 θανάτῳ
934 1354 1038 1410 πρὸς
1071 1355 1122 1398 τὰ
1164 1358 1325 1398 ἐκεῖθεν
1352 1355 1411 1406 ὥς
1436 1355 1643 1410 μύσαντες

206 1415 253 1457 ἐν
279 1412 395 1474 ὕπνῳ
423 1420 667 1473 μετέβησαν.
726 1418 809 1462 εἰσί
838 1421 880 1461 δ’
907 1422 952 1463 οἳ
971 1423 1044 1463 καί
1062 1424 1139 1464 τοῦ
1163 1421 1299 1463 ἵππου
1317 1426 1643 1477 χρεμετίσαντος

207 1482 283 1535 τῆς
309 1484 526 1534 βασιλείοις
549 1483 771 1540 ἐπέβησαν.
829 1481 954 1536 ἄλλος
984 1488 1029 1536 ἔξ
1055 1484 1238 1543 ἀρότρου
1266 1488 1341 1529 καί
1365 1482 1544 1536 αὔλακος
1570 1487 1688 1543 τήνΡ.
1709 1502 1775 1537 272

146 1544 405 1600 zotq'sswvoev
442 1543 695 1604 ἤμφιέσατο,
733 1551 806 1592 καί
842 1554 1109 1606 μειρακίσκος
1148 1552 1383 1607 προβατεύς
1426 1553 1643 1603 ἐξόπισθεν

207 1613 387 1667 ληφθείς
419 1615 501 1654 τῶν
541 1617 825 1667 λοχευομένων
853 1615 1104 1672 θεόχριστος
1146 1612 1275 1674 ὤφθη
1302 1620 1515 1671 βασιλεύς.
1570 1623 1642 1662 καί

208 1677 257 1718 τί
276 1671 328 1718 ἅν
355 1693 419 1726 τις
446 1678 575 1735 διεξίῃ
602 1678 650 1721 τὰ
680 1679 818 1722 πάντα
847 1677 873 1735 ἢ
902 1681 955 1722 τὰ
984 1684 1181 1735 πλείονα,
1212 1680 1348 1725 ὁπόσα
1377 1683 1402 1737 ἦ
1431 1684 1638 1738 πολύτρο-

209 1756 286 1790 πος
313 1741 483 1796 πρόνοια
508 1749 625 1785 ποιεῖ
646 1746 718 1786 καί
744 1745 1044 1798 μετασκευάζει
1065 1746 1169 1790 κατὰ
1191 1746 1237 1789 τὸ
1270 1745 1429 1806 ἑκάστῳ
1455 1752 1537 1791 τῶν
1564 1749 1637 1791 α’ν-

207 1804 389 1861 θρῶπων
419 1805 623 1864 χρήσιμον
634 1827 649 1862 ,·

298 1920 330 1953 3.
353 1919 436 1961 βίον
450 1918 489 1951 Α.
587 1931 619 1964 7.
647 1921 904 1968 στρατιώταις]
927 1922 1139 1966 τριστάταις
1155 1924 1194 1956 Α.
1268 1925 1320 1968 14.
1346 1925 1393 1958 οὗ
1415 1926 1479 1967 τῆς
1504 1926 1635 1973 ἀρχῆς]

295 1961 346 2009 μὴ
373 1963 414 1998 δὲ
435 1966 627 2008 βασιλείαν
649 1969 766 2007 ζητῶν
787 1968 824 2000 Β.
851 1968 914 2000 sed
939 1969 968 2001 A
997 1969 1037 2010 ὁ,
1062 1981 1135 2002 non
1159 1970 1215 2003 οὗ.
1308 1973 1357 2005 16.
1381 1974 1503 2009 κακῶς
1529 1983 1585 2004 om
1600 1974 1637 2005 Α.

296 2010 449 2057 πολλοὶ]
480 2011 602 2055 ἕτεροι
643 2011 705 2045 dna*
745 2015 962 2059 φαρμάκων
994 2015 1232 2053 ὕπνιόσαντες
1265 2015 1336 2050 ov'x
1366 2016 1575 2060 ἐνέστησαν
1599 2020 1637 2053 Β.

297 2066 353 2089 20.
381 2056 601 2103 η’μφιᾶσατσ
629 2059 669 2093 A.
790 2070 845 2092 22.
870 2060 1008 2102 διεξήει
1033 2064 1073 2095 A.
1199 2066 1254 2098 23.
1278 2062 1439 2098 ἑκάστου
1463 2065 1504 2098 Α.

204 2168 329 2201 puram
354 2156 418 2190 sed
443 2157 624 2203 duplicem
650 2160 881 2204 ignominiam
909 2163 1223 2207 consequebantur
1238 2189 1247 2203 ,
1272 2163 1386 2207 aliqui
1410 2163 1517 2196 etiam
1541 2166 1637 2196 occi-

206 2203 396 2236 debantur.
419 2214 492 2237 nou
520 2205 615 2238 enim
639 2206 732 2239 solet
769 2206 857 2240 deus
885 2208 1011 2240 eadem
1035 2209 1189 2242 subinde
1219 2209 1357 2241 ratione
1383 2220 1436 2242 res
1463 2209 1636 2243 humanas

204 2249 425 2293 gubernare,
462 2250 526 2283 sed
549 2251 595 2284 ad
618 2253 826 2286 varietatem
858 2253 1178 2288 administrationis
1202 2255 1357 2288 universi
1385 2255 1636 2290 declarandam

205 2306 313 2338 regna
336 2301 374 2329 et
398 2296 621 2341 principatus
645 2299 752 2331 aliter
792 2305 901 2344 atque
937 2301 1043 2333 aliter
1075 2301 1290 2342 transferre,
1315 2312 1361 2334 ne
1385 2303 1634 2336 minutissimis

204 2342 352 2385 quidem
378 2343 484 2375 rebus
510 2355 530 2375 a
554 2355 616 2376 sna
631 2355 714 2377 cura
740 2346 903 2378 exclusis.
951 2347 1168 2380 Pharaonem
1194 2358 1273 2379 cum
1298 2348 1462 2392 equitatu
1488 2348 1525 2381 in
1552 2349 1634 2381 sun-

205 2386 253 2419 do
276 2389 382 2421 maris
415 2389 602 2429 demersit,
628 2391 737 2423 alium
761 2403 824 2435 per
847 2393 1036 2425 formosam
1063 2394 1250 2426 mulierem
1275 2393 1424 2437 iugulat,
1449 2393 1558 2427 alium
1587 2395 1633 2427 ab

204 2431 369 2467 hostibus
407 2436 522 2468 occidi
548 2437 644 2469 sinit.
670 2443 723 2470 est
748 2444 785 2471 et
809 2439 872 2482 qui
908 2450 953 2471 ex
976 2440 1106 2473 mentis
1131 2451 1258 2473 errore·
1274 2451 1338 2484 pro
1362 2446 1502 2473 mortuo
1527 2440 1634 2472 habi-

203 2483 262 2510 tus
289 2484 397 2523 atque
421 2482 596 2515 oblivioni
622 2483 774 2517 traditus
799 2485 933 2528 palatio
964 2497 1043 2518 cum
1067 2486 1188 2519 derisu
1219 2489 1363 2519 effertur
1385 2492 1422 2519 et
1449 2487 1634 2530 sepelitur3

204 2524 301 2556 unde
325 2525 474 2560 obscura
500 2539 586 2560 voce
610 2529 765 2563 clamans
794 2536 831 2563 et
852 2531 967 2564 lucem
1009 2531 1228 2573 desiderans,
1255 2543 1328 2565 non
1356 2533 1543 2576 imperium
1571 2542 1634 2563 ex-

203 2575 352 2614 petens,
377 2573 610 2607 nihilominus
635 2581 675 2608 ut.
698 2577 752 2609 vir
774 2577 948 2621 pessimus
977 2583 1071 2611 recte
1096 2590 1238 2623 pessum
1266 2579 1318 2610 ire
1347 2583 1383 2611 et
1407 2578 1554 2610 interire
1582 2577 1637 2609 si·

203 2616 314 2649 nitur.
336 2618 441 2650 multi
477 2619 550 2652 leni
573 2626 686 2654 morte
723 2623 872 2656 extincti
896 2624 996 2657 velut
1019 2626 1133 2657 oculis
1160 2635 1283 2657 somno
1308 2624 1437 2656 clausis
1462 2623 1546 2655 hinc
1570 2622 1635 2655 de-

203 2662 367 2706 migrant.
403 2669 486 2696 sunt
512 2667 575 2708 qui
612 2678 677 2711 per
711 2667 892 2702 hinnitum
919 2671 1005 2715 equi
1029 2671 1074 2703 ad
1100 2682 1246 2715 regnum
1274 2669 1510 2702 ascenderint.
1540 2668 1632 2700 alius

204 2708 249 2739 ab
280 2713 395 2741 aratro
421 2713 458 2741 et
481 2710 578 2743 sulco
603 2713 649 2744 ad
675 2724 868 2759 purpuram
896 2721 949 2751 est
973 2722 1139 2757 vocatus,
1166 2717 1258 2751 alius
1283 2716 1490 2750 adolescens
1518 2714 1631 2761 opilio

203 2753 376 2789 divinitus
399 2754 436 2789 in
453 2765 570 2799 regem
587 2759 738 2802 ungitur.
1615 2769 1618 2771 ’
