1878 3230
303 140 413 214 798
720 157 951 206 mci-,Tan
995 156 1305 201 cflomA'rAE

297 256 395 299 ἵετο.
465 251 516 296 οὗ
552 258 725 310 βραχεῑξ·
760 257 806 299 δὲ
834 255 907 298 καί
940 255 1194 306 α’ποστάντες
1222 259 1418 299 Λατίνων
1458 255 1530 299 ἴσα
1557 262 1644 308 τοῖς
1668 258 1727 312 μή

298 322 533 373 δεξαμένοις
565 322 778 370 Λατίνους
806 319 911 363 κατοὶ
947 325 1146 364 Λατίνων
1174 321 1430 375 ὡπλίσαντο,
1456 321 1529 363 καί
1553 323 1730 372 πολλοὺς

256 382 434 426 (Ξαῦτῶν
462 384 714 428 ἀπέκτειναν.
742 382 851 441 ἦσαν
879 388 925 429 δὲ
953 390 1024 429 καὶ
1052 383 1161 428 οὕτω
1188 385 1237 428 τα“
1264 388 1460 430 Λατίνων
1491 382 1616 436 αὖθις
1641 390 1730 430 ἑπι-

295 450 571 504 κρατέστερα,
616 453 690 492 καί
727 451 891 507 σφαγαί
923 449 1164 507 προύβησαν
1204 450 1362 504 συχναὶ
1398 450 1472 492 καί
1497 446 1601 505 ἄλλη
1627 454 1728 506 μέν,

296 512 403 555 ἀλλὰ
435 513 485 569 δὴ
530 517 604 556 καί
627 517 732 556 κατά
761 514 807 557 τό
851 514 1037 568 πόλισμα
1065 514 1141 571 τὴν
1170 515 1446 571 Καισάρειαν.
1501 515 1554 558 τοὶ
1583 515 1654 558 ἴσα
1685 519 1768 561 δὲό

294 578 458 628 τούτοις
482 579 555 621 καί
593 577 615 621 ὅ
647 580 940 637 Φιλαδελφεύς
970 581 1187 636 Θεόδωρος
1217 584 1471 636 προθέμενος
1503 579 1732 636 διαπράξα-

295 647 395 685 σθαι
428 643 497 686 διὰ
538 643 679 700 μάχης
720 651 861 701 χωρεῖ’
881 649 938 702 τῷ
959 647 1084 703 Ἐρρῇ
1110 649 1208 700 περὶ
1237 645 1280 688 τὸ
1308 644 1612 701 Ἀτραμύττιον
1640 649 1732 689 δια-

294 710 492 762 τρίβοντι.
560 712 708 763 α’μέλει
753 713 826 752 καί
867 710 926 765 μὴ
972 711 1249 766 προσδόκιμος
1296 709 1424 753 ἐπιών
1450 713 1507 769 τῷ
1534 710 1659 766 ἅνδρί
1680 710 1732 754 τοὶ

251 776 373 828 Βμὲν
411 775 558 830 πρῶτα
596 773 697 831 πρὸς
735 774 781 817 τὸ
812 779 994 830 πλῆθος,
1029 775 1052 817 ὃ
1091 775 1289 831 ἐπήγετο,
1326 777 1556 831 ἀποκνῆσαι
1589 780 1734 820 τοῦτον

296 841 540 894 πεποίηκεν·
597 837 654 890 ὥς
683 842 728 882 δὲ
758 840 1095 883 διακινδυνευτέα
1133 844 1192 898 τῷ
1217 843 1335 899 Ἐρρῇ
1362 840 1517 895 ἐδόκει,
1545 843 1572 897 ἧ
1603 843 1732 891 ἱππάς
1750 859 1796 886 ιο

294 906 355 953 εἰς
379 903 609 959 παράταξιν
639 907 886 948 διατίθεται.
930 906 955 961 ἦ
991 908 1037 949 δὲ
1067 906 1179 962 ὄρθοὶ
1211 906 1263 948 τὰ
1297 906 1454 963 δόρατα
1481 904 1733 958 ἆνατείνασα

293 967 371 1024 τὴν
398 968 480 1011 α’πὸ
506 972 590 1012 ταῖν
612 970 830 1023 Ῥωμαίων
859 972 1094 1027 ἐγχείρησιν
1123 973 1330 1024 ἐπέμενεν.
1407 972 1499 1014 ἐπεὶ
1524 974 1570 1016 δὲ
1598 973 1734 1029 ῥαθύ-

293 1050 383 1089 μως
408 1031 521 1089 εἶχον
540 1034 741 1089 Ῥωμαῖοι
769 1034 870 1091 πρὸς
892 1035 966 1091 τὴν
993 1038 1068 1092 τῆς
1093 1035 1235 1092 μάχης
1258 1036 1598 1092 πρωτούργησιν,
1628 1036 1733 1081 κατὰ

292 1102 373 1153 μὲν
413 1099 621 1154 δράκοντα
664 1100 886 1157 φλογωπὸν
933 1100 1070 1151 ὁλκοῖς
1111 1100 1378 1156 λορδούμενοι
1410 1101 1735 1158 στρατευμάτων

295 1166 369 1206 καί
406 1166 574 1221 φολίσιν
612 1167 927 1222 ἐπιφρίσσοντες
971 1164 1111 1209 ὅπλων
1139 1169 1211 1209 καί
1235 1165 1291 1216 ὥς
1317 1169 1377 1216 εἷς
1402 1166 1551 1221 χάσμα
1583 1170 1733 1210 διανοι·
1749 1169 1796 1214 15

294 1229 463 1285 γόμενοι
507 1229 715 1284 στόματος
760 1237 852 1280 ταῖς
879 1228 1086 1287 ἑκατέρων
1128 1235 1212 1274 τῶν
1240 1232 1424 1288 κεράτων
1452 1233 1703 1285 α’ναπτύξεσι
1721 1266 1733 1287 ,

294 1294 401 1351 πρὸς
429 1297 475 1338 δὲ
495 1295 571 1344 τοῖς
587 1294 801 1346 ἐπελάσεις
825 1294 1078 1351 ἀτονώτερον
1105 1295 1264 1351 ἔχοντες
1293 1301 1365 1339 καί
1389 1300 1660 1353 νωθέστερον,
1678 1299 1735 1348 ὥς

296 1356 373 1418 ἀφ’
396 1357 490 1411 ἑνὸς
515 1359 780 1417 συνθήματος
818 1356 934 1404 οὗτοι
960 1359 1011 1404 τα
1041 1360 1168 1413 ξυστὰ
1194 1361 1504 1413 οἷπευθύναντες
1530 1363 1604 1405 καί
1629 1361 1732 1406 κατὰ

386 1496 418 1538 4.
443 1492 550 1527 ἄλλαι
565 1493 582 1528 ἰ’
716 1496 748 1529 5.
772 1499 855 1540 post
877 1493 1117 1539 Καισάρειαν
1139 1493 1264 1527 Wolfii
1293 1494 1526 1538 Byzantinus:
1555 1497 1630 1530 τῶν
1652 1490 1731 1541 γὰρ

384 1538 582 1587 Ῥωμαίων
606 1540 705 1578 τινὲς
728 1538 795 1575 τόν
821 1542 885 1575 ἐπὶ
918 1543 981 1582 τῆς
1019 1542 1180 1588 σημαίας
1210 1540 1405 1578 ἀνελόντες
1441 1541 1519 1583 ἥτις
1553 1547 1733 1587 προηγεῖ-

387 1596 431 1621 το
470 1588 538 1620 τοῦ
568 1588 746 1622 Λατίνων
773 1586 1051 1634 στρατεύματος
1068 1613 1077 1628 ,
1104 1589 1168 1621 καὶ
1195 1587 1333 1629 ταύτην
1356 1589 1419 1622 ἐπὶ
1441 1586 1615 1634 γηλόφου
1642 1587 1734 1630 στή-

388 1641 544 1674 σαντες,
576 1634 664 1667 καθ’
697 1632 840 1667 ἑαυτῶν
875 1633 1135 1669 ἐπεσπάσαντο
1172 1631 1215 1667 τά
1254 1632 1501 1679 μεθεπόμενα
1535 1633 1734 1680 τάγματα,

387 1675 488 1724 πρὸς
516 1680 589 1726 μὲν
619 1676 660 1714 τό
698 1676 868 1724 ποδηγὸν
907 1686 1062 1725 σημεῖον
1096 1679 1340 1726 τραπόμενα,
1381 1674 1473 1714 κατὰ
1499 1680 1531 1713 δ’
1555 1681 1732 1722 ἐκείνων,

388 1725 440 1764 ὥς
462 1726 634 1771 ἔγνωσαν
656 1726 866 1772 Ῥωμαίους
890 1726 1021 1767 ὄντας,
1055 1726 1301 1772 τραπόμενα,
1330 1729 1395 1760 καὶ
1437 1726 1556 1773 ῥᾷστα
1578 1730 1643 1761 καὶ
1667 1727 1733 1760 ια’-

388 1780 504 1817 χιστα
527 1773 684 1811 τούτους
706 1772 924 1819 τρεψάμενα
953 1776 1019 1807 καὶ
1051 1776 1175 1811 κακῶς
1198 1772 1416 1818 διαθέμενα.
1572 1784 1623 1806 12.
1651 1773 1733 1808 ἐπεὶ

389 1818 444 1865 δὲ]
483 1818 534 1858 ὥς
558 1819 598 1854 δὲ
624 1822 691 1854 καὶ
713 1820 751 1853 οἱ
777 1819 943 1866 ῥωμαῖοι
973 1813 1071 1865 πρός
1102 1815 1168 1860 τὴν
1192 1821 1256 1860 τῆς
1277 1819 1401 1865 μάχης
1441 1815 1564 1865 ὄρμὴν
1592 1819 1734 1863 &paau-

386 1874 514 1912 μησαν
548 1868 612 1899 καὶ
644 1867 920 1911 τριγυρίζοντες
949 1866 1072 1912 μόνον
1101 1865 1250 1900 ἄνωθεν
1273 1869 1337 1899 καὶ
1371 1864 1542 1901 κάτωθεν
1575 1868 1639 1900 καὶ
1662 1865 1733 1900 ἄνυ

389 1911 482 1958 (aa)
495 1924 574 1958 γμα
595 1914 716 1959 μέσον
741 1907 792 1959 μὴ
822 1915 1019 1950 ποιοῦντες
1041 1910 1166 1946 αὐτῶν
1195 1911 1288 1958 μήτε
1325 1909 1416 1947 κατὰ
1451 1913 1526 1949 τιόν
1548 1910 1735 1960 φράγγων

389 1957 580 2005 ὁρμῶντες
603 1960 640 1992 Β.
738 1962 790 1996 ι8.
815 1959 883 2006 ἀφ’
907 1954 1003 2007 ἑνὸς]
1031 1955 1103 1994 dud
1131 1958 1372 2005 συνθήματος
1397 1958 1437 1992 Α.

298 2072 332 2106 ci
357 2082 378 2106 a
403 2073 538 2106 Latinis
568 2071 802 2112 defecerunt,
838 2075 973 2104 oreos
1010 2081 1125 2116 aeque
1157 2075 1409 2116 oppugnarunt
1442 2081 1483 2103 ac
1522 2070 1550 2103 ii
1579 2070 1642 2115 qui
1671 2081 1732 2104 eos

296 2130 373 2152 non
406 2124 632 2164 receperant,
668 2124 705 2152 et
738 2118 870 2151 multos
896 2117 1116 2151 occiderunt.
1151 2118 1382 2151 nihilominus
1409 2122 1527 2149 tamen
1552 2116 1659 2148 etiam
1682 2117 1734 2150 sic

298 2176 355 2198 res
380 2164 506 2198 Latina
530 2166 692 2209 superior
716 2165 808 2206 suit,
833 2163 1033 2208 caedesque
1055 2164 1189 2197 multae
1216 2176 1295 2203 cum
1320 2163 1407 2195 alibi
1433 2168 1509 2196 tum
1534 2162 1580 2194 ad
1608 2162 1732 2196 urbem

298 2211 506 2244 Caesaream
541 2211 654 2244 factae
692 2216 784 2243 sunt.
821 2222 903 2243 nam
927 2211 1075 2243 Romani
1108 2210 1255 2255 quidam
1280 2209 1471 2254 signifero,
1498 2209 1559 2253 qui
1584 2208 1732 2241 Latino-

299 2268 378 2290 rum
406 2257 599 2290 exercitum
623 2256 876 2297 antecedebat,
901 2258 1037 2298 occiso,
1073 2257 1281 2301 vexilloque
1305 2256 1344 2288 in
1366 2255 1504 2288 tumulo
1531 2254 1731 2296 collocato,

299 2303 464 2337 'cohortes
490 2314 582 2348 quae
618 2303 860 2348 sequebantur
888 2303 953 2334 illo
979 2308 1170 2347 conspecto
1196 2302 1242 2335 ad
1266 2312 1304 2335 se
1330 2301 1578 2346 pellexerunt,
1604 2311 1624 2333 a
1651 2302 1733 2346 qui-

298 2350 366 2383 bus
390 2350 455 2383 ubi
480 2351 651 2382 Romanos
678 2360 753 2381 esse
792 2354 1053 2392 cognoverunt,
1085 2349 1256 2382 facillime
1282 2358 1322 2381 ac
1346 2347 1529 2380 celerrime
1551 2347 1733 2392 profligati

300 2407 342 2430 ac
366 2396 458 2429 male
490 2396 634 2429 multati
667 2400 759 2428 sunt.
798 2395 893 2427 idem
928 2395 1134 2428 institutum
1170 2393 1382 2428 Theodorus
1408 2393 1732 2438 Philadelphiensis

299 2443 481 2484 imitatus,
508 2443 626 2476 Errico
654 2441 745 2474 circa
770 2440 1029 2484 Adramyttium
1054 2441 1173 2485 agenti
1193 2452 1288 2473 arma
1312 2440 1432 2481 insert,
1458 2451 1499 2473 ac
1526 2440 1734 2485 inexpecta-

297 2495 337 2523 to
363 2495 579 2534 superventu
605 2494 641 2521 et
664 2487 894 2520 multitudine
919 2487 1097 2531 principio
1120 2493 1291 2520 terrorem
1316 2487 1456 2520 incutit.
1483 2485 1547 2520 sed
1571 2498 1651 2520 cum
1669 2487 1733 2519 Er-

299 2536 373 2569 rico
399 2536 524 2569 Martis
550 2535 626 2568 alea
651 2533 822 2567 tentanda
845 2533 1037 2574 videretur,
1061 2533 1223 2578 equitum
1248 2534 1360 2566 aciem
1385 2533 1551 2575 instruit3
1579 2533 1642 2578 qui
1666 2532 1732 2566 ha-

299 2583 365 2615 stis
388 2582 427 2615 in
452 2582 563 2615 altum
593 2581 696 2614 elatis
723 2581 958 2612 Romanorum
996 2590 1220 2624 congressum
1247 2579 1495 2626 expectabant.
1520 2580 1583 2624 qui
1611 2591 1687 2612 cum
1711 2591 1731 2612 a

299 2628 509 2662 lacessendo
545 2628 795 2668 abhorrerent,
830 2631 867 2659 et
900 2626 1012 2658 instar
1046 2626 1274 2660 flammivomi
1311 2627 1486 2672 serpentis
1512 2625 1731 2666 anfractibus

300 2675 484 2720 copiarum
509 2686 584 2709 sese
616 2674 818 2714 flecterent,
856 2678 892 2706 et
917 2673 1073 2717 squamis
1105 2684 1280 2706 armorum
1306 2672 1510 2714 horrerent,
1537 2677 1575 2705 et
1598 2673 1731 2705 utrius-

301 2731 372 2767 que
407 2731 516 2756 cornu
550 2721 788 2768 explicatione
822 2719 923 2758 velut
955 2718 1093 2754 hiatum
1131 2719 1310 2766 quendam
1335 2730 1420 2766 prae
1443 2730 1480 2754 se
1505 2719 1664 2761 ferrent,
1693 2723 1730 2752 et
