1878 3230
279 172 392 239 346
695 186 924 229 MCETAE
962 186 1270 230 οΗοΝιΑΤΑΕ

278 290 431 331 ἐκεῖνον
456 288 533 340 μὲν
560 282 731 341 φυγάδα
758 284 862 338 μετὰ
892 287 976 328 τῶν
1000 285 1126 328 υἱέων
1151 289 1329 341 τίθησιν,
1356 287 1569 339 α’σπασίως
1595 290 1703 331 διεκ-

278 353 433 408 δριὶντα
460 350 534 406 τὴν
558 348 736 405 σαγήνην
765 349 815 405 ἢν
843 350 881 392 οἱ
925 349 1154 407 ὁπλοφόροι
1180 351 1447 406 Ἀνδρονίκου
1475 355 1589 412 αΰτῷ
1615 358 1702 397 διε-

276 420 484 468 πέτασαν,
511 417 557 457 ἐκ
585 418 663 457 τοῦ
691 413 813 469 μόλις
843 415 1001 473 ἀκατίῳ
1031 422 1274 471 περιτυχεῖν
1301 413 1526 472 ἀμφορέων
1554 419 1702 475 πλήρει

276 484 421 533 κενῶν,
449 479 521 523 καὶ
561 479 668 523 αὐτὰ
694 482 773 534 μὲν
800 479 1007 532 ἐκτινάξαι
1036 482 1095 531 εἰς
1124 480 1342 524 θάλασσαν
1369 478 1449 524 ὅσα
1482 482 1554 525 καὶ
1573 483 1704 540 α’μφι·

275 547 483 601 βληστρου
513 545 716 599 σκύβαλα,
745 544 876 588 αὐτὸν
904 548 940 587 δ’
970 548 1014 588 ἐν
1040 548 1172 604 τούτῳ
1200 549 1465 589 διεκπλεῦσαι
1490 547 1595 601 μετὰ
1623 547 1742 590 τῶν5

278 613 439 654 παίδων
463 611 586 664 μόλις
611 610 686 654 τὸν
714 612 924 653 κίνδυνον·
961 610 1032 654 τὸν
1060 613 1106 654 δέ
1129 627 1174 666 γε
1197 612 1541 668 Κοντοστέφανον
1568 628 1708 655 συνει-

241 674 423 732 Βληφώς
450 677 524 718 καί
550 678 757 732 τέσσαρας
785 677 867 719 τῶν
904 675 1066 719 παίδων
1095 676 1168 719 καί
1190 677 1258 719 τὸν
1288 675 1550 732 Καματηρόν
1574 680 1708 720 Βασί-

148 746 387 790 Υιιιίιλειον
427 742 583 791 πάντας
620 744 870 795 ἑξομματοΐ,
916 740 1022 798 πρὸς
1059 744 1108 784 δὲ
1152 746 1224 785 καί
1251 738 1424 797 ἄλλους,
1450 741 1627 792 ὁπόσους
1655 741 1708 785 οὔ

275 812 363 861 μετ’
401 805 569 861 ἔλεγχον
605 809 801 862 προφανῆ
829 804 936 848 ἄλλα
974 806 1080 849 κατὰ
1109 806 1249 862 φήμην
1275 807 1424 863 ψιλήν,
1451 807 1524 850 καὶ
1552 806 1706 863 ταύτην

277 873 534 929 ἀμφίλογον,
573 867 739 927 ἦκηκόει
772 874 1019 926 κοινωνῆσαι
1052 879 1140 923 τοῖς
1167 875 1398 928 εἰρημένοις
1421 875 1499 915 τοῦ
1522 875 1706 927 σκέμμα·
1724 886 1771 914 ιο

276 952 358 986 τος.
413 935 522 979 οὕτω
553 940 691 979 τοίνυν
719 935 857 986 θύσας
886 938 959 979 καί
1002 938 1208 988 ἄπολέσας
1232 936 1503 993 Ἀνδρὸνικος
1528 935 1603 987 οὕς
1628 936 1707 980 πά-

276 1007 345 1044 λαι
372 1003 448 1055 μὲν
476 1005 700 1055 συλλαβεῖν
728 998 889 1056 ὤδινεν,
918 1003 977 1052 εἰς
998 1001 1145 1058 καιρὸν
1173 1005 1209 1044 δ’
1238 1003 1484 1057 α’νεβάλλετο
1514 1002 1590 1058 τήν
1615 1004 1707 1045 ε’πί-

275 1071 418 1121 θεσιν,
447 1066 565 1117 τινας
591 1070 638 1110 δὲ
665 1070 738 1110 καί
769 1069 1067 1123 δεσμωτηρίοις
1094 1067 1332 1124 παραδούς,
1359 1070 1411 1125 τῇ
1437 1068 1634 1124 ὑπερορίᾳ
1661 1070 1709 1110 δὲ

275 1130 555 1182 καταδικάσας
580 1129 746 1189 ἑτέρους
773 1136 847 1175 καί
873 1128 1025 1183 ἄλλους
1053 1130 1188 1183 ἄλλως
1217 1135 1491 1190 διαφθείρας,
1523 1132 1632 1190 ὄρῶν
1661 1135 1708 1175 δὲ

274 1200 348 1240 καί
359 1231 361 1233 .
375 1194 466 1240 ὅσοι
483 1214 558 1254 περ
578 1198 911 1255 κατελείφθησαν
931 1195 1160 1254 εὕγνωστοί
1169 1215 1213 1242 τε
1233 1202 1306 1242 καί
1331 1198 1626 1255 εὖαριέθμητοι,“
1647 1200 1708 1249 εἷς
1725 1206 1773 1248 15

267 1259 508 1318 ,τοῦμπαλιν
546 1266 653 1307 ἰέναι
709 1263 853 1320 πρώην
895 1270 985 1314 τοῖς
1028 1266 1212 1307 πλείοσιν
1244 1267 1573 1319 ἐπιχειροῦντες,
1601 1262 1706 1307 κατὰ

276 1328 377 1380 τοὺς
405 1332 698 1383 πλανωμένους
726 1332 811 1372 τῶν
844 1331 1272 1386 οἷστέρων,κοῖκεινους
1295 1333 1606 1384 μεταθεμένους
1631 1327 1710 1378 τὰς

238 1393 444 1449 (ἓγναίμας
469 1393 545 1436 καί
568 1393 642 1436 τὸν
664 1396 825 1448 αὐχένα
853 1397 1168 1450 παρεχομένους
1195 1395 1440 1453 Ἀνδρονίκῳ
1468 1400 1611 1436 πατεῖν
1637 1396 1712 1436 καί

276 1461 333 1517 τῷ
374 1462 531 1502 ἐκείνου
571 1456 661 1512 ἅμα
704 1462 1052 1517 συμφερομένους
1098 1456 1242 1513 ἄξονι,
1277 1459 1349 1503 τὸν
1387 1462 1462 1514 τῆς
1491 1458 1708 1514 δεσποίνης

275 1526 527 1568 ἕπε’σπευδεν
565 1521 756 1581 ὄλεθρον,
793 1525 868 1568 καί
898 1524 1130 1581 διαφόρους
1159 1525 1293 1575 αἰτίας
1319 1526 1566 1578 ξυνθέμενος
1591 1526 1706 1572 τέλος
1719 1537 1775 1563 20

276 1589 350 1632 καὶ
386 1592 612 1645 προδοσίας
652 1593 781 1645 κρίνει
810 1590 886 1646 τὴν
926 1587 1176 1645 ἄνθρωπον,
1220 1589 1462 1644 συναγαγών
1490 1588 1534 1631 τὰ
1567 1590 1707 1646 ἐκείνῳ

278 1654 399 1710 φιλον
426 1657 644 1710 συνέδριον
672 1654 745 1698 καί
769 1658 852 1698 τῶν
872 1658 1077 1699 δικαστῶν
1106 1655 1148 1698 οἳ
1171 1661 1444 1710 κατακρινεῖν,
1474 1656 1526 1696 ου’
1551 1659 1709 1711 κρινεῖν

370 1778 402 1811 3.
417 1777 636 1824 ἀμφορέων]
668 1776 761 1822 ὅπερ
784 1771 981 1824 μαγαρικᾶ
1008 1777 1142 1824 ἔγεμεν
1162 1778 1199 1810 Β.
1249 1778 1281 1821 4.
1313 1774 1384 1811 ὅσα
1407 1774 1485 1824 καὶ]
1513 1774 1640 1820 ὥσπερ
1667 1777 1706 1810 Α.

374 1826 407 1859 5.
430 1825 471 1859 ἐν
493 1825 624 1871 τούτῳ]
650 1825 812 1871 ἐμβάντα
835 1827 875 1858 Α.
988 1836 1019 1869 7.
1046 1823 1206 1872 παίδων]
1238 1825 1347 1859 υἱέων
1369 1825 1409 1857 Α.
1512 1834 1563 1857 ιι.
1585 1823 1708 1860 θύσας

369 1872 434 1905 καὶ
461 1869 542 1917 ἀπ]
568 1871 800 1915 παγιδεύσας
822 1872 861 1904 Α.
957 1872 1006 1914 14.
1032 1870 1168 1917 ἄλλως]
1198 1870 1324 1908 ἄλλοις
1347 1875 1476 1908 κακοῖς
1499 1864 1709 1916 περιβαλὼν

367 1920 424 1957 Α.ι
508 1920 557 1951 15.
586 1915 683 1963 ὅσοι]
709 1920 746 1951 εἴ
763 1927 862 1955 τινες
897 1919 1196 1964 κατελείφθησαν
1218 1917 1467 1963 εὐαρίθμητοι
1483 1919 1546 1951 καὶ
1569 1915 1708 1962 εὔγνω-

369 1974 454 1998 στοι
476 1964 530 2001 εἰς
553 1963 767 2009 τοῦμπαλιν
801 1961 919 2001 ἰόντες
942 1969 1020 2001 τοῖς
1060 1965 1255 2006 πλείοσιν,
1284 1957 1377 1997 κατὰ
1400 1965 1441 1997 Α.
1555 1976 1608 2009 19.
1627 1961 1708 2008 ἅμα

367 2012 415 2057 ml
440 2012 659 2048 ποθοῦντας
681 2009 760 2057 ἅμα
798 2011 1064 2057 συμφέρεσθαι
1089 2012 1129 2043 Α.
1290 2010 1394 2044 δεσπ.
1420 2009 1499 2044 εἶτα
1532 2010 1646 2054 ἑδίψα
1667 2009 1708 2041 Δ.

367 2068 424 2090 20.
452 2058 602 2097 ξυνθεὶς
628 2059 668 2091 Α.
762 2067 818 2090 21.
842 2056 1062 2104 προδοσίας]
1089 2057 1138 2094 οἷς
1164 2055 1396 2102 προδότριαν
1419 2058 1458 2090 Δ.

277 2181 350 2202 non
372 2169 497 2212 procul
512 2180 532 2200 a
545 2169 772 2203 terrestribus
790 2168 977 2202 moenibus
992 2168 1227 2208 habitantem,
1240 2168 1343 2200 illum
1362 2178 1439 2207 cum
1454 2171 1607 2211 quatuor
1622 2167 1710 2200 filiis

277 2216 316 2248 in
341 2216 487 2248 exilium
513 2216 606 2259 agit:
631 2227 714 2249 nam
737 2227 866 2259 sagena
890 2215 1087 2248 satellitum
1110 2214 1304 2248 Andronici
1336 2213 1566 2258 cupidissime
1594 2214 1708 2247 evita—

277 2267 337 2301 ta,
366 2273 630 2306 conscensaque
655 2274 734 2295 cum
762 2262 846 2295 filiis
880 2261 1063 2302 navicula,
1090 2261 1211 2293 vacuis
1246 2260 1425 2304 amphoris
1459 2270 1551 2304 quae
1588 2259 1626 2292 in
1665 2271 1708 2292 ea

277 2313 380 2341 erant
403 2308 525 2341 eiectis
540 2333 549 2347 ‚
573 2309 772 2352 periculum
795 2309 854 2342 vix
879 2307 1035 2341 evitavit.
1063 2306 1374 2351 Contostephanus
1398 2318 1476 2340 cum
1493 2307 1541 2339 IV
1565 2306 1649 2338 filiis
1671 2311 1708 2340 et

276 2354 482 2386 Camaterus
513 2355 664 2387 Basilius
700 2354 948 2399 comprehensi
984 2363 1104 2386 omnes
1139 2358 1382 2385 excaecantur.
1415 2353 1502 2386 item
1538 2352 1601 2384 alii
1634 2363 1710 2387 non

276 2400 455 2440 convicti,
486 2410 529 2432 ex
563 2401 656 2433 fama
683 2401 856 2434 duntaxat
894 2411 1007 2444 eaque
1044 2399 1208 2443 ambigua
1247 2400 1529 2439 coniurationis,
1565 2398 1709 2432 easdem

275 2458 409 2491 poenas
435 2445 623 2479 dederunt.
650 2447 804 2480 adhunc
827 2446 971 2479 modum
997 2446 1041 2477 iis
1066 2456 1156 2489 quos
1181 2445 1267 2478 olim
1285 2444 1559 2489 comprehensos
1585 2445 1708 2490 cupie-

276 2493 351 2534 bat,
375 2504 439 2538 per
463 2494 684 2526 occasionem
708 2494 745 2526 in
769 2498 983 2538 potestatem
1009 2491 1173 2532 redactis,
1200 2497 1236 2525 et
1262 2492 1341 2525 aliis
1367 2492 1405 2524 in
1421 2503 1596 2525 carcerem
1622 2503 1709 2525 con-

277 2540 399 2580 iectis,
424 2539 505 2572 aliis
532 2539 570 2573 in
597 2540 745 2572 exilium
770 2540 870 2580 actis,
895 2538 975 2571 aliis
1001 2538 1106 2571 aliter
1123 2539 1297 2578 multatis,
1321 2549 1400 2571 cum
1423 2550 1557 2583 paucos
1583 2537 1708 2571 admo-

276 2586 362 2619 dum
385 2586 543 2631 reliquos
568 2597 644 2619 esse
671 2591 851 2625 cerneret,
878 2585 940 2630 qui
964 2585 1092 2617 omissa
1117 2585 1335 2629 pertinacia,
1363 2586 1556 2618 errantium
1584 2585 1708 2617 stella-

276 2644 353 2666 rum
378 2643 498 2672 more,
521 2644 624 2665 cursu
649 2632 687 2664 in
711 2631 927 2665 contrarium
955 2636 1091 2664 mutato
1116 2630 1186 2663 sibi
1213 2631 1409 2673 studerent,
1435 2631 1601 2664 dominae
1624 2641 1708 2676 per—

276 2679 407 2712 niciem
431 2678 597 2720 molitur3
622 2690 661 2712 ac
685 2683 766 2723 post
789 2678 903 2712 varias
932 2677 1200 2710 criminationes
1226 2678 1389 2711 miseram
1411 2679 1596 2711 mulierem
1621 2687 1707 2709 eon-

277 2725 360 2760 cilio
389 2737 555 2766 suorum,
583 2731 620 2759 et
653 2737 775 2760 eorum
811 2724 969 2759 iudicum
997 2728 1101 2758 coetu
1130 2729 1276 2765 coacto,
1314 2725 1376 2769 qui
1413 2736 1486 2759 non
1513 2723 1707 2758 iudicaturi
