1838 3210
223 166 298 231 46
372 158 374 160 ’
428 147 430 151 ’
630 174 857 219 NlcE‘rAE
897 172 1210 216 cnomATAss

220 294 365 334 μενος,
407 278 452 319 τὸ
484 278 561 329 μὲν
588 270 750 317 ἄνωθεν
785 274 901 325 γένος
929 272 972 321 ἐς
998 271 1097 322 τούς
1125 270 1378 326 Ἀρσακίδας
1403 271 1653 326 συναλειφόέ-

220 360 367 398 μενος,
395 341 439 385 τὸ
472 343 518 382 δὲ
538 340 739 395 προσεχὲς
766 339 811 379 ἐκ
843 336 1131 390 Τανισμανίων
1158 336 1453 390 καταγόμενος·
1483 331 1591 389 ἦσαν
1617 337 1656 377 δ’
1695 336 1701 347 ’

223 406 338 452 οὗτοι
353 407 567 461 τολμητιάι
585 404 658 444 καί
684 401 910 457 ἄνδρισταί
932 403 1004 444 καί
1018 404 1101 444 τῶν
1114 402 1436 456 χειρωσαμένων
1460 399 1533 451 τὰς
1550 397 1655 459 ἑῴας

221 473 359 523 πόλεις
397 472 611 523 Ῥωμαίων
638 467 676 509 οἱ
708 463 890 520 μάλιστα
922 465 1142 523 κράτιστοί
1169 483 1213 509 τε
1254 469 1326 509 καί
1354 462 1655 510 οἷναιδέστατοι.

220 539 343 594 ἔαρος
370 539 447 589 μὲν
475 531 550 575 οὖν
573 530 1074 588 ὖπολήγεινΐοέρξαμένου,
1101 534 1177 574 τοῦ
1204 532 1426 574 Λοπαδίου
1453 528 1694 584 βασιλεύςὸ

220 604 512 652 ἀπανίσταται,
542 596 615 653 τὴν
644 599 690 640 δὲ
718 599 883 652 θέρειον
911 601 1049 640 πᾶσαν
1069 594 1184 653 α’)’ραν
1214 599 1284 639 καί
1308 598 1382 639 τοῦ
1407 594 1654 650 μετοπώρου

219 668 266 710 τὸ
301 667 474 721 εὖκραὲς
514 665 560 706 ἐν
587 666 638 720 τῇ
666 662 885 721 ὁδοιπορίᾳ
923 665 1023 720 τῇδε
1050 661 1413 717 κατατριψάμενος
1437 661 1535 716 περὶ
1560 675 1656 714 τρο-

182 732 299 782 Βποὶς
331 732 575 786 ἐνηυλίσατο
602 730 844 783 χειμερίους
873 726 990 770 πόλει
1010 730 1201 786 Ποντικῇ
1230 730 1281 785 τῇ
1296 730 1449 784 Κιντῇ.
1504 725 1554 785 τῇ
1582 740 1657 767 πο-

217 799 340 855 λεμίᾳ
365 798 404 838 δ’
431 798 477 838 ἐκ
501 797 622 838 τοῦδε
647 792 897 850 προσβαλών
924 795 969 835 ἐν
997 798 1163 843 πολλοῖς
1190 795 1516 848 ἐδυσπροὶγησεν.
1569 789 1656 833 ἔστι

216 864 296 916 μὲν
322 861 402 918 γάρ
442 860 514 903 καὶ
549 855 687 909 ἄλλως
725 857 750 912 ἢ
781 860 1079 901 Καππαδοκῶν
1110 858 1233 913 χώρα
1259 857 1485 914 κρυμώδης
1515 858 1655 908 πᾶσα,
1675 871 1720 897 ιο

218 931 290 970 καί
324 926 371 969 τὸ
420 926 546 978 κλιμα
568 926 688 967 τοῦτο
717 921 923 977 ψυχεινόν
952 925 1024 965 καί
1050 922 1324 978 δριμύτατον·
1390 920 1484 964 τότε
1513 923 1560 963 δὲ
1586 922 1660 962 καῖ

214 994 420 1049 χειμῶνος
456 991 748 1044 ἐπιγενομένου
795 985 958 1042 α’ἠθους
987 986 1262 1043 πολυτρόποις
1287 993 1426 1037 κακοῖς
1450 984 1658 1042 προσεποί-

217 1063 351 1100 λαισε.
422 1053 474 1097 τά
501 1070 545 1097 τε
569 1052 651 1108 γὰρ
697 1051 804 1107 πρὸς
833 1055 999 1095 δίαιταν
1030 1050 1250 1106 ἐπιτήδεια
1276 1052 1430 1107 σχεδὸν
1455 1053 1514 1101 εἷς
1542 1054 1658 1100 τέλος

217 1124 417 1173 ἐξέλιπον,
448 1121 520 1161 καί
545 1120 629 1160 τῶν
660 1119 778 1169 ζώων
809 1115 942 1159 ὁπόσα
970 1116 1206 1174 σκευοφόρα
1234 1132 1279 1160 τε
1311 1117 1384 1159 καὶ
1407 1114 1658 1170 πολεμιστή-

220 1204 317 1242 ρια,
364 1183 576 1241 διεφθάρη
616 1181 867 1226 παντάπασι.
923 1184 999 1223 κοῖκ
1029 1184 1154 1224 τοῦδε
1184 1181 1231 1224 τὸ
1260 1182 1496 1238 ἀλλόθρουν
1519 1179 1724 1224 πλειό-ῐ5

217 1268 300 1301 νως
335 1250 657 1304 οἷναθαρρῆσαν,
695 1247 788 1290 ἐπεὶ
824 1249 898 1289 καί
923 1243 1158 1303 ἄφθεγκτόν
1189 1249 1278 1289 ἐστι
1305 1250 1356 1304 τῇ
1383 1245 1500 1304 φήμῃ
1526 1246 1660 1300 μηδὲν

219 1312 537 1369 οἷνεξερεύνητόν
565 1329 610 1355 τε
639 1314 711 1354 καί
737 1313 1034 1366 ἀνεξέλεγκτον,
1063 1310 1234 1368 ἐφόδοις
1261 1311 1510 1368 ἀκηρύκτοις
1536 1313 1660 1367 ἐχρῆ-

218 1397 263 1423 το
293 1385 494 1434 συχναῖς,
522 1382 594 1421 καί
623 1382 857 1436 λῃστρικοῖς
885 1379 1170 1430 ἐπιτιθέμενον
1198 1380 1456 1430 κλέμμασιν,
1486 1379 1662 1431 ἐνιαχοῦ

184 1448 268 1489 Οδὲ
295 1448 366 1488 καί
406 1443 625 1499 προδήλως
663 1444 995 1496 διαμιλλώμενον
1035 1442 1138 1485 κατὰ
1173 1442 1314 1498 μάχην
1355 1443 1561 1497 ἐνώπιον,
1592 1441 1664 1483 οἴει)

219 1510 293 1561 τοὶς
322 1513 403 1552 ταῖν
435 1510 657 1562 Ῥωμαίων
699 1510 942 1561 ἐλυμαίνετο
974 1506 1216 1565 φάλαγγας·
1286 1506 1390 1551 κατὰ
1426 1507 1506 1563 γάρ
1538 1510 1662 1564 νέφος
1674 1524 1727 1550 20

220 1578 393 1630 συνεχὲς
420 1573 496 1630 τὴν
525 1572 732 1616 σύστασιν
759 1571 1035 1630 ἐφιστάμενον
1064 1577 1109 1616 ἐκ
1135 1575 1209 1616 τοῦ
1239 1574 1416 1626 αὐτίκα,
1448 1574 1501 1630 τῇ
1527 1575 1660 1614 ποδω-

220 1645 310 1699 κείᾳ
338 1638 542 1689 πεποιθὸς
564 1642 649 1681 τῶν
676 1641 836 1691 ἳππων,
863 1640 936 1694 τῆς
965 1637 1199 1692 ὁμαιχμίας
1229 1641 1434 1694 α’φίστατο
1461 1636 1518 1687 ιὸς
1547 1637 1660 1693 εἴπερ

222 1709 388 1760 α’νέμων
416 1710 560 1754 πνοαῖς
590 1705 768 1761 ἐξῄρετο.
827 1703 1027 1757 βασιλευς
1055 1705 1102 1745 δὲ
1128 1704 1172 1746 τὸ
1194 1706 1275 1746 τῶν
1303 1705 1440 1745 ἵππων
1459 1703 1662 1755 μεθοδευὲ

222 1789 279 1815 ων
308 1770 505 1826 τὶτόχημα
522 1803 534 1823 ‚
575 1768 749 1826 περιιών
793 1767 840 1811 τὸ
871 1770 1113 1825 στράτευμα
1143 1766 1192 1811 τὰ
1224 1769 1369 1824 εὐγενῆ
1390 1769 1472 1810 τῶν
1499 1766 1662 1822 ὄχημοὶ-

316 1860 350 1892 6.
375 1858 622 1892 ἐπανίσταται
648 1857 760 1890 APW.
883 1859 914 1892 8.
941 1855 1050 1889 πόλει
1074 1855 1144 1888 τοῦ
1168 1854 1309 1888 πόντου
1332 1857 1408 1890 τινὶ
1431 1857 1578 1899 κιντικῆ
1603 1856 1663 1890 λε-

316 1905 455 1951 γομένη
478 1905 515 1936 B.
610 1915 644 1948 9.
675 1903 799 1937 ἔκτοτε
824 1903 862 1935 A.
958 1903 1014 1938 23,
1040 1902 1190 1946 ἐξήρητο
1219 1901 1258 1934 Α.

225 1980 262 2012 in
292 1976 514 2010 deditionem
540 1981 735 2021 acceperat.
761 1976 790 2009 is
814 1975 859 2009 ad
883 1980 1058 2009 vetustam
1081 1974 1328 2008 Arsacidarum
1357 1980 1393 2009 et
1412 1975 1662 2010 Tanismanioe

226 2036 301 2057 rum
326 2029 502 2056 recentem
530 2024 677 2067 stirpem
704 2034 813 2066 genus
841 2022 1037 2061 referebat,
1076 2022 1139 2065 qui
1165 2022 1389 2054 Tanismanii
1411 2021 1575 2055 homines
1598 2035 1661 2055 au-

226 2071 330 2103 daces
355 2075 390 2102 et
427 2068 590 2101 bellicosi
627 2074 746 2109 erant,
773 2074 810 2101 et
834 2079 956 2100 eorum
981 2069 1043 2112 qui
1071 2068 1272 2100 Orientales
1291 2069 1529 2101 Romanorum
1553 2070 1660 2103 urbes

226 2120 396 2161 ceperant
413 2115 656 2160 potentissimi
685 2120 721 2147 et
744 2114 1057 2159 impudentissimi.
1081 2124 1163 2146 vere
1189 2114 1297 2157 igitur
1323 2114 1395 2146 iam
1417 2120 1571 2148 exeunte
1594 2117 1662 2149 im.-

226 2168 372 2209 perator
395 2161 555 2206 Lopadio
581 2161 757 2202 discedit3
793 2166 829 2193 et
853 2161 950 2193 omni
975 2160 1109 2192 aestivo
1132 2165 1292 2204 tempore
1318 2163 1554 2206 autumnique
1579 2174 1663 2206 par-

227 2217 263 2242 te
289 2208 588 2252 temperatissima
614 2209 653 2240 in
677 2218 720 2240 eo
748 2208 878 2240 itinere
903 2207 1133 2251 consumptis,
1162 2207 1226 2239 sub
1252 2206 1442 2239 hibernum
1466 2209 1662 2242 solstitium

228 2257 266 2289 in
302 2255 392 2288 urbe
429 2255 575 2287 Pontica
604 2254 742 2299 Quinta
774 2253 954 2286 hiemavit.
995 2253 1079 2285 inde
1116 2253 1283 2285 hostilem
1323 2265 1444 2297 agrum
1480 2265 1661 2298 aggressus

228 2303 341 2336 multa
382 2300 606 2334 incommoda
630 2300 797 2345 pertulit:
837 2312 920 2332 nam
948 2305 984 2332 et
1007 2305 1204 2332 commeatu
1229 2310 1321 2343 pene
1350 2301 1447 2333 omni
1467 2300 1663 2335 destitutus

232 2354 309 2389 est,
336 2353 373 2381 et
408 2348 568 2380 iumenta
595 2352 668 2380 tam
700 2346 874 2379 bellicosa
900 2357 1007 2391 quam
1032 2346 1178 2379 sarcinis
1201 2346 1364 2388 gerendis
1391 2352 1474 2391 apta
1498 2347 1663 2382 funditus

229 2396 424 2440 perierunt.
449 2393 545 2426 unde
570 2393 690 2426 hostes
716 2393 847 2425 fiducia
874 2397 1053 2436 resumpta
1080 2392 1176 2438 (nam
1201 2393 1293 2424 fama
1314 2393 1408 2425 nihil
1437 2394 1662 2437 impervesti-

229 2448 349 2486 gatum
373 2445 436 2473 aut
469 2441 648 2473 occultum
684 2439 784 2485 sinit)
820 2440 943 2472 multis
967 2438 1204 2483 inexpeetntis
1233 2439 1525 2482 impressionibus
1550 2440 1662 2473 latro-

229 2500 315 2521 num
341 2497 438 2520 more
464 2486 672 2528 irruebant3
696 2485 890 2531 aliquando
920 2486 1027 2519 etiam
1051 2490 1174 2529 aperto
1198 2485 1311 2518 Marte
1340 2487 1514 2518 Romanos
1540 2497 1662 2531 aggre-

232 2535 371 2567 dientes
395 2533 588 2578 phalanges
628 2543 750 2566 eorum
778 2532 912 2565 crebris
943 2530 1167 2564 detrimentis
1192 2531 1404 2564 afficiebant.
1430 2532 1541 2565 instar
1566 2533 1662 2566 enim

232 2581 364 2614 densae
398 2580 506 2613 nubis
531 2579 651 2613 subito
689 2579 884 2619 irruentes,
926 2589 1099 2623 equorum
1134 2577 1326 2610 velocitate
1366 2578 1473 2618 freti,
1499 2590 1517 2610 e
1542 2579 1663 2612 medio

234 2626 450 2660 recedebant
470 2625 622 2671 perinde
646 2635 687 2658 ac
711 2626 740 2658 si
772 2630 958 2658 ventorum
995 2624 1082 2657 flatu
1107 2624 1367 2657 attollerentur.
1392 2625 1586 2670 imperator
1601 2636 1664 2658 ve·-

233 2684 271 2706 ro
297 2679 339 2706 ut
361 2673 499 2706 cladem
523 2673 728 2712 resarciret,
753 2672 882 2716 passim
909 2672 944 2704 in
977 2671 1134 2704 exercitu
1163 2681 1350 2714 generosos
1375 2682 1486 2716 equos
1510 2672 1663 2717 conqui-

235 2720 354 2762 rebat3
391 2720 507 2765 iisque
534 2720 628 2753 inter
660 2720 857 2759 Romanos,
893 2719 955 2765 qui
987 2723 1109 2750 contos
1142 2717 1234 2749 forre
1257 2722 1408 2759 norant,
1451 2729 1490 2749 ac
1516 2718 1663 2752 Latino·
