1878 3230
414 225 660 267 ISAACIUS
699 225 945 269 ANGELUS
972 229 1040 270 ET
1077 229 1304 271 ALEXIUS
1342 229 1388 273 F.
1506 231 1612 288 727

181 326 496 381 δυστυχήσασιν
540 326 870 381 αὐτοκράτορας,
915 327 1012 378 τούς
1038 330 1079 370 δ’
1110 328 1263 380 αὐτούς
1290 329 1362 372 καί
1388 326 1620 372 δυσπάλαι-

180 408 278 435 στον
305 393 384 445 μὲν
412 390 487 446 τήν
518 388 699 446 ἀνάγκην
732 393 978 436 ἀνύποιστον
1004 396 1050 436 δὲ
1077 393 1123 436 τὸ
1152 398 1249 449 περί
1274 397 1417 451 ψυχῆς
1445 395 1537 445 δέος
1566 394 1621 438 δι’

181 455 282 500 ὅλου
313 456 543 513 κρίνοντας.
600 454 688 498 ἀλλ’
722 456 745 497 ὅ
777 460 855 510 μὲν
884 455 1040 501 ὥδευεν
1064 458 1114 514 ἢν
1141 462 1357 515 προέθετο,
1386 457 1408 501 ὅ
1438 462 1479 503 δ’
1505 460 1750 515 ε’ντόςΡ.354

181 527 264 567 τῶν
303 525 348 566 ἐν
394 525 661 578 Βλαχέρναις
690 524 890 577 ’ἀρχείων
917 523 1104 578 εὑρεθείς
1129 528 1186 582 τῷ
1210 524 1304 568 τότε
1325 525 1430 576 λεώς
1455 525 1626 584 σφόδρα

143 590 167 631 5
184 584 348 645 ἤνεγκεν
380 586 605 644 ἀφορήτως
635 587 710 642 τὴν
730 587 918 639 Ἀλεξίου
944 589 1191 645 ἀπόδρασιν,
1221 591 1556 648 συστρεφόμενός
1582 609 1627 635 τε

178 655 252 697 καί
274 653 550 709 συγχεόμενος
569 651 644 707 τὴν
670 651 818 708 ψυχήν
851 652 922 695 διὰ
945 653 1020 704 τὰς
1039 657 1350 712 ε’,ιιφαινομένας
1377 659 1461 700 ταῖν
1487 661 1626 700 κακῶν

178 721 374 769 ἐλπίδας·
428 717 502 760 καί
527 717 607 773 γὰρ
636 714 764 775 ᾤοντο
783 721 917 774 μηδὲν
944 719 1228 775 μελλήσαντας
1253 721 1349 772 τούς
1379 726 1625 778 Λατίνους,

179 782 248 829 οἶα
275 787 383 841 μηδὲ
429 787 736 840 σκηνουμένους
777 780 936 827 ἄποθεν
964 782 993 840 ἢ
1018 785 1090 829 τὸν
1119 787 1403 843 ἒπισχήσοντα
1430 788 1626 843 ἔχοντας,

177 854 277 906 μεθ’
322 847 462 892 ὅπλων
505 846 657 892 αὐτίκα
696 852 942 906 ἐπιρρεῦσαι
984 853 1038 909 τῇ
1077 850 1197 894 πόλει
1233 856 1308 896 καί
1345 856 1429 897 τῶν
1456 855 1629 908 τειχέων

121 917 278 960 ιοεῖσω
320 919 628 971 παρεισελθεῖν.
684 917 837 958 ου’κοῧν
879 916 953 959 καί
977 916 1076 967 τούς
1101 921 1179 971 μὲν
1206 921 1316 974 γένει
1342 918 1629 975 προσήκοντας

175 983 344 1040 Ἀλεξίῳ
375 982 448 1024 καί
482 980 582 1031 τούς
617 977 754 1031 ἄλλως
796 984 1039 1038 ἐπιτηδείως
1076 982 1248 1038 ἔχοντας
1284 987 1426 1043 ἐκείνῳ
1453 988 1527 1027 καί
1553 984 1629 1040 την

179 1044 369 1091 ἄνασσαν
392 1044 702 1105 Εὐφροσύνην,
745 1045 949 1104 προδότου
980 1047 1106 1100 δόξαν
1131 1051 1364 1105 λαβόντας,
1394 1051 1446 1092 οιῖ
1475 1066 1626 1106 προσε-

181 1115 411 1156 καλέσαντο
453 1115 513 1163 εἶς
539 1111 614 1167 τὴν
640 1109 790 1168 ἀρχήν.
849 1113 920 1156 διά
954 1116 1001 1156 δὲ
1028 1113 1075 1158 τὸ
1100 1111 1268 1169 ἄμαχον
1305 1118 1381 1170 τῆς
1409 1118 1492 1158 τῶν
1517 1130 1662 1170 upa-13

177 1179 346 1234 γμάτων
374 1181 521 1234 ἀγρίας
555 1180 791 1234 προσβολῆς
817 1179 876 1227 εἰς
911 1177 1041 1221 αὐτὸν
1067 1181 1287 1236 ἀφορῶσιν
1316 1182 1519 1223 Ἰσαάκιον
1549 1179 1624 1222 τὸν

120 1243 365 1296 ιδ’Λλεξίου
386 1245 642 1299 κασίγνητον,
666 1243 724 1293 ὥς
738 1245 798 1293 εἷς
817 1242 892 1299 τήν
925 1247 1183 1301 καλουμένην
1199 1244 1320 1300 ἱεράν
1346 1242 1534 1302 ἄγκυραν
1562 1262 1627 1287 τε-

178 1316 369 1353 λευταῖον
409 1310 448 1352 οἱ
475 1315 559 1361 τοῖς
579 1311 957 1367 ἀκαταστορέστοις
983 1309 1389 1366 περιστοιχιζόμενοι
1417 1310 1628 1364 κύμασιν,

177 1375 300 1419 ἔνδον
318 1378 400 1419 τῶν
425 1376 608 1432 ἀρχείων
631 1374 910 1431 εἱργνύμενον.
930 1377 1003 1419 καί
1022 1375 1073 1432 δη
1094 1379 1169 1419 τοῦ
1191 1379 1382 1430 ἐκτομίου
1400 1381 1628 1419 ,Κωνσταν-

178 1445 307 1497 τίνου,
331 1442 378 1492 ὃς
405 1444 477 1484 ε’πί
501 1445 584 1484 τῶν
599 1444 826 1497 βασιλικῶν
852 1444 1044 1485 ἐτέτακτο
1071 1446 1313 1499 θησαυρῶν,
1337 1441 1434 1492 τούς
1459 1446 1629 1484 πελεκυ-

179 1506 339 1564 φόρους
357 1507 662 1562 συναγαγόντος
689 1510 762 1550 καί
782 1506 946 1557 τούτοις
976 1507 1236 1563 ὥμιληκότος
1265 1507 1317 1550 τοὶ
1335 1509 1506 1560 δέοντα,
1525 1524 1625 1550 συν-

116 1589 167 1616 20
181 1573 425 1629 δραμούσης
451 1575 498 1615 δὲ
527 1576 599 1615 καί
622 1576 862 1628 συμμορίας
901 1576 1021 1615 τινῶν
1049 1574 1092 1615 οἳ
1116 1571 1381 1626 βασιλεύσειν
1405 1568 1532 1622 αὖθις
1554 1572 1625 1616 τὸν
1638 1585 1676 1619 V.
1687 1597 1752 1634 292

178 1639 384 1684 Ἰσαάκιον
408 1638 478 1682 διὰ
511 1640 695 1694 σπουδῆς
724 1639 856 1680 πάλαι
883 1638 1080 1692 ἐτίθεντο,
1112 1637 1138 1694 ἦ
1153 1641 1230 1692 μὲν
1260 1641 1427 1691 βασιλι“ς
1454 1635 1624 1694 Εὔφρο-

179 1704 286 1760 σύνη
315 1703 669 1758 συλλαμβάνεται,
697 1706 914 1760 χειροῦται
950 1707 995 1747 δὲ
1030 1703 1102 1746 καί
1124 1704 1171 1746 τὸ
1205 1706 1396 1758 συγγενὲς
1424 1705 1533 1761 αὐτῇ
1548 1737 1559 1755 ,
1594 1704 1621 1745 ο”

181 1773 221 1813 δ’
247 1771 450 1820 Ἰσαάκιος
477 1768 778 1826 ἀναγορεύεται
818 1769 1090 1825 αύτοκράτωρ
1112 1786 1124 1799 ·
1182 1771 1257 1811 καί
1278 1769 1618 1824 χειραγωγούμε-

180 1851 249 1886 νος
278 1838 333 1878 δι’
370 1833 419 1891 ἣν
452 1836 610 1891 ὖπέστη
650 1836 860 1891 πήρωσιν,
906 1833 1002 1877 ciui
1043 1836 1125 1877 πᾶν
1152 1834 1397 1888 ταττόμενος
1435 1836 1659 1891 έφορᾶν,(;

116 1905 168 1947 25
182 1903 241 1953 εἰς
266 1904 406 1945 θῶκον
434 1899 639 1956 ἀνάγεται
658 1901 731 1943 τὸν
758 1902 984 1956 βασίλειον.
1044 1901 1216 1955 πέμψας
1245 1903 1286 1943 δ’
1313 1903 1472 1951 εὐθέως
1500 1900 1620 1956 ἀγγέ-

274 2039 307 2074 5.
333 2037 684 2084 συνεστρεφόμενος
705 2037 734 2071 Α
747 2061 757 2079 ,
783 2035 1085 2083 εὔστρεφόμενος
1100 2035 1181 2071 PW.

180 2154 220 2186 in
244 2151 370 2185 molles
396 2152 542 2196 ignavos
568 2155 604 2183 et
626 2150 848 2195 voluptarios
874 2151 1106 2195 imperatores
1133 2149 1367 2190 incidissent,
1391 2149 1453 2194 qui
1477 2148 1620 2184 labores

181 2211 254 2233 non
282 2198 449 2233 ferendos
477 2203 514 2230 et
534 2197 629 2230 vitae
652 2197 812 2242 pericula
839 2197 1085 2230 intolerabilia
1109 2196 1330 2229 iudicabant.
1368 2201 1549 2229 caeterum
1568 2208 1620 2230 eo

181 2251 348 2290 coeptum
371 2246 441 2278 iter
464 2250 726 2289 prosequente,
764 2244 919 2289 populus
945 2245 1009 2289 qui
1037 2244 1076 2276 in
1099 2244 1237 2288 palatio
1265 2248 1482 2276 convenerat
1503 2242 1620 2276 Alexii

183 2293 376 2326 discessum
407 2291 610 2337 gravissime
650 2291 760 2331 tulit,
797 2291 925 2324 animis
959 2291 1219 2324 imminentium
1253 2290 1497 2335 periculorum
1519 2295 1619 2323 metu

182 2339 430 2373 consternatis.
455 2337 635 2383 putabant
658 2338 752 2370 enim
779 2337 946 2379 Latinos,
988 2338 1051 2383 qui
1076 2343 1190 2370 castra
1213 2337 1252 2370 in
1276 2336 1481 2381 propinquo
1503 2335 1619 2369 habe-

183 2391 264 2419 rent
285 2397 352 2419 nec
377 2398 397 2418 a
428 2396 610 2430 quoquam
646 2383 941 2429 prohiberentur,
979 2385 1098 2417 statim
1134 2389 1285 2416 armatos
1313 2384 1351 2415 in
1376 2382 1506 2415 urbem·
1525 2383 1619 2415 irru-

181 2437 317 2477 pturos.
344 2433 453 2476 igitur
476 2431 594 2464 Alexii
630 2432 788 2475 cognatis
826 2436 864 2465 et
886 2431 1122 2464 familiaribus
1148 2436 1185 2464 et
1202 2429 1427 2476 imperatrice
1454 2427 1618 2473 Euphro-

183 2489 269 2522 syna
296 2483 337 2511 ut
362 2478 609 2523 proditoribus
634 2478 866 2522 contemptis,
892 2478 938 2511 ob
957 2479 1243 2522 gravissimorum
1268 2477 1509 2522 periculorum
1534 2486 1620 2518 pro-

182 2525 304 2565 cellas,
325 2525 418 2558 intra
444 2525 617 2570 palatium
633 2531 805 2570 tanquam
829 2526 868 2558 in
893 2536 1033 2558 carcere
1055 2525 1187 2558 inclusi
1210 2524 1381 2557 Isaacium
1405 2521 1523 2554 Alexii
1547 2521 1620 2553 sra-

182 2578 273 2605 trem
300 2577 468 2615 tanquam
492 2583 626 2605 sacram
651 2583 817 2606 ancoram
844 2572 1050 2614 intuentur-5
1075 2577 1112 2605 et
1134 2582 1213 2604 cum
1241 2569 1351 2614 spado
1365 2567 1619 2600 Constantinus

183 2618 261 2652 fisci
287 2617 486 2662 praefectus
522 2618 769 2662 bipenniferos
803 2619 978 2662 coegisset
1005 2624 1042 2651 et
1066 2623 1149 2662 apta
1178 2618 1342 2650 oratione
1370 2613 1619 2655 conciliasset,

182 2675 358 2698 concursu
388 2664 493 2696 etiam
521 2664 565 2697 ab
591 2675 632 2697 ea
657 2665 818 2699 factione
844 2676 938 2710 quae
963 2665 1033 2698 iam
1057 2666 1143 2698 olim
1168 2663 1305 2696 Isaacio
1331 2661 1538 2694 restitutum
1557 2671 1618 2693 cu-

183 2712 308 2757 piebat
345 2710 533 2754 imperium
567 2707 687 2752 sacto‚‘
725 2712 934 2756 imperatrix
973 2711 1206 2756 Euphrosyna
1237 2719 1307 2741 una
1343 2719 1421 2740 cum
1460 2707 1619 2750 cognatis

183 2756 522 2803 comprehenditur,
545 2757 699 2790 Isaacius
726 2769 810 2792 vero
844 2759 1039 2802 imperator
1063 2757 1260 2796 salutatum
1289 2758 1327 2787 et
1350 2765 1457 2788 manu
1487 2752 1617 2786 ductus

185 2804 231 2839 ob
257 2804 543 2839 excaecationem
580 2803 610 2837 is
649 2804 707 2838 cui
746 2803 999 2851 prospicienda
1034 2807 1137 2840 erant
1160 2802 1296 2843 onmia,
1322 2801 1362 2837 in
1387 2800 1617 2847 imperatorio
