<?xml version="1.0" encoding="UTF-8"?>
<!DOCTYPE html PUBLIC "-//W3C//DTD XHTML 1.0 Transitional//EN"
    "http://www.w3.org/TR/xhtml1/DTD/xhtml1-transitional.dtd">
<html xmlns="http://www.w3.org/1999/xhtml" xml:lang="en" lang="en">
 <head>
  <title>
</title>
<meta http-equiv="Content-Type" content="text/html;charset=utf-8" />
  <meta name='ocr-system' content='tesseract 3.04.00' />
  <meta name='ocr-capabilities' content='ocr_page ocr_carea ocr_par ocr_line ocrx_word'/>
</head>
<body>
  <div class='ocr_page' id='page_1' title='image "./corpusscriptorum41niebuoft/corpusscriptorum41niebuoft_0539.png"; bbox 0 0 1878 3230; ppageno 0'>
   <div class='ocr_carea' id='block_1_1' title="bbox 543 174 1649 249">
    <p class='ocr_par' dir='ltr' id='par_1_1' title="bbox 543 174 1649 249">
     <span class='ocr_line' id='line_1_1' title="bbox 543 174 1649 249; baseline -0.004 -15"><span class='ocrx_word' id='word_1_1' title='bbox 543 194 613 235; x_wconf 82' lang='lat' dir='ltr'><strong>DE</strong></span> <span class='ocrx_word' id='word_1_2' title='bbox 651 193 865 237; x_wconf 75' lang='lat' dir='ltr'><strong>stAmo</strong></span> <span class='ocrx_word' id='word_1_3' title='bbox 907 195 1124 236; x_wconf 75' lang='lat' dir='ltr'><strong>ANGELo</strong></span> <span class='ocrx_word' id='word_1_4' title='bbox 1165 196 1263 236; x_wconf 76' lang='lat' dir='ltr'><strong>Lm.</strong></span> <span class='ocrx_word' id='word_1_5' title='bbox 1306 198 1338 235; x_wconf 84' lang='lat'><strong>1.</strong></span> <span class='ocrx_word' id='word_1_6' title='bbox 1539 174 1649 249; x_wconf 87' lang='lat'><strong>509</strong></span> 
     </span>
    </p>
   </div>
   <div class='ocr_carea' id='block_1_2' title="bbox 152 292 1698 1723">
    <p class='ocr_par' dir='ltr' id='par_1_2' title="bbox 152 292 1698 1723">
     <span class='ocr_line' id='line_1_2' title="bbox 220 292 1651 350; baseline 0.001 -15"><span class='ocrx_word' id='word_1_7' title='bbox 220 293 397 336; x_wconf 75' lang='grc' dir='ltr'><em>τάθετον</em></span> <span class='ocrx_word' id='word_1_8' title='bbox 433 297 506 335; x_wconf 81' lang='lat' dir='ltr'><strong>ov&#39;x</strong></span> <span class='ocrx_word' id='word_1_9' title='bbox 539 295 732 350; x_wconf 79' lang='grc' dir='ltr'><em>αὐτῆμαρ</em></span> <span class='ocrx_word' id='word_1_10' title='bbox 769 298 1000 347; x_wconf 82' lang='grc' dir='ltr'><em>καταπέψει</em></span> <span class='ocrx_word' id='word_1_11' title='bbox 1045 294 1119 348; x_wconf 77' lang='grc' dir='ltr'><em>τήν</em></span> <span class='ocrx_word' id='word_1_12' title='bbox 1147 292 1414 349; x_wconf 78' lang='grc' dir='ltr'><em>ὀργιλότητα,</em></span> <span class='ocrx_word' id='word_1_13' title='bbox 1442 295 1530 338; x_wconf 74' lang='grc' dir='ltr'><strong>ἀλλ’</strong></span> <span class='ocrx_word' id='word_1_14' title='bbox 1559 296 1651 338; x_wconf 75' lang='grc' dir='ltr'><em>ἐσέ-</em></span> 
     </span>
     <span class='ocr_line' id='line_1_3' title="bbox 219 357 1652 417; baseline 0.003 -17"><span class='ocrx_word' id='word_1_15' title='bbox 219 374 342 401; x_wconf 84' lang='grc' dir='ltr'><em>πειτα</em></span> <span class='ocrx_word' id='word_1_16' title='bbox 371 359 510 414; x_wconf 76' lang='grc' dir='ltr'><em>στήσει</em></span> <span class='ocrx_word' id='word_1_17' title='bbox 537 359 588 401; x_wconf 73' lang='grc' dir='ltr'><em>τά</em></span> <span class='ocrx_word' id='word_1_18' title='bbox 619 357 893 414; x_wconf 80' lang='grc' dir='ltr'><strong><em>ἡμαρτημένα</em></strong></span> <span class='ocrx_word' id='word_1_19' title='bbox 920 359 1065 414; x_wconf 83' lang='grc' dir='ltr'><em>σφίσιν</em></span> <span class='ocrx_word' id='word_1_20' title='bbox 1093 359 1261 413; x_wconf 69' lang='grc' dir='ltr'><em>αὐτοῖς,</em></span> <span class='ocrx_word' id='word_1_21' title='bbox 1291 358 1339 402; x_wconf 77' lang='grc' dir='ltr'><strong>ὃν</strong></span> <span class='ocrx_word' id='word_1_22' title='bbox 1367 359 1552 417; x_wconf 80' lang='grc' dir='ltr'><em>ὖπὲτυφε</em></span> <span class='ocrx_word' id='word_1_23' title='bbox 1580 362 1652 404; x_wconf 85' lang='grc' dir='ltr'><strong>κό-</strong></span> 
     </span>
     <span class='ocr_line' id='line_1_4' title="bbox 218 425 1652 483; baseline 0.003 -17"><span class='ocrx_word' id='word_1_24' title='bbox 218 439 287 466; x_wconf 82' lang='grc' dir='ltr'><strong>τον</strong></span> <span class='ocrx_word' id='word_1_25' title='bbox 317 425 377 474; x_wconf 84' lang='grc' dir='ltr'><em>εἷς</em></span> <span class='ocrx_word' id='word_1_26' title='bbox 403 426 640 479; x_wconf 69' lang='grc' dir='ltr'><em>σπινθῆρας</em></span> <span class='ocrx_word' id='word_1_27' title='bbox 674 425 959 479; x_wconf 72' lang='grc' dir='ltr'><em>ἀναρριπίζων</em></span> <span class='ocrx_word' id='word_1_28' title='bbox 995 426 1162 476; x_wconf 72' lang='grc' dir='ltr'><em>θυμοῦ,</em></span> <span class='ocrx_word' id='word_1_29' title='bbox 1207 427 1280 466; x_wconf 78' lang='grc' dir='ltr'><strong>καί</strong></span> <span class='ocrx_word' id='word_1_30' title='bbox 1308 426 1428 468; x_wconf 72' lang='grc' dir='ltr'><strong>αΰτοί</strong></span> <span class='ocrx_word' id='word_1_31' title='bbox 1451 430 1652 483; x_wconf 56' lang='grc' dir='ltr'><strong>(,οε”ι«*ξοι”ἰνὁ</strong></span> 
     </span>
     <span class='ocr_line' id='line_1_5' title="bbox 220 487 1651 549; baseline 0.002 -18"><span class='ocrx_word' id='word_1_32' title='bbox 220 505 292 531; x_wconf 85' lang='grc' dir='ltr'><strong>ται</strong></span> <span class='ocrx_word' id='word_1_33' title='bbox 335 489 415 531; x_wconf 77' lang='grc' dir='ltr'><strong>ἀπὸ</strong></span> <span class='ocrx_word' id='word_1_34' title='bbox 458 487 679 544; x_wconf 82' lang='grc' dir='ltr'><em>προσώπου</em></span> <span class='ocrx_word' id='word_1_35' title='bbox 715 491 788 530; x_wconf 85' lang='grc' dir='ltr'><strong>τοῦ</strong></span> <span class='ocrx_word' id='word_1_36' title='bbox 825 490 1033 541; x_wconf 78' lang='grc' dir='ltr'><em>βασιλέως</em></span> <span class='ocrx_word' id='word_1_37' title='bbox 1075 488 1148 530; x_wconf 82' lang='grc' dir='ltr'>καί</span> <span class='ocrx_word' id='word_1_38' title='bbox 1177 488 1247 530; x_wconf 85' lang='grc' dir='ltr'><em>τὸν</em></span> <span class='ocrx_word' id='word_1_39' title='bbox 1275 489 1390 546; x_wconf 72' lang='grc' dir='ltr'><em>παρὰ</em></span> <span class='ocrx_word' id='word_1_40' title='bbox 1418 498 1506 541; x_wconf 84' lang='grc' dir='ltr'><em>τοῖς</em></span> <span class='ocrx_word' id='word_1_41' title='bbox 1534 498 1651 549; x_wconf 78' lang='grc' dir='ltr'><strong>φιλε-Ι</strong></span> 
     </span>
     <span class='ocr_line' id='line_1_6' title="bbox 184 553 1653 610; baseline 0.003 -14"><span class='ocrx_word' id='word_1_42' title='bbox 184 564 207 604; x_wconf 89' lang='grc'><strong>5</strong></span> <span class='ocrx_word' id='word_1_43' title='bbox 218 557 425 610; x_wconf 72' lang='grc' dir='ltr'><em>χθροῦσιν</em></span> <span class='ocrx_word' id='word_1_44' title='bbox 446 553 588 597; x_wconf 61' lang='grc' dir='ltr'><em>ἔθνεσι</em></span> <span class='ocrx_word' id='word_1_45' title='bbox 611 554 831 605; x_wconf 85' lang='grc' dir='ltr'><em>Ῥωμαίοις</em></span> <span class='ocrx_word' id='word_1_46' title='bbox 859 554 1103 607; x_wconf 78' lang='grc' dir='ltr'>ζητήσουσιν</span> <span class='ocrx_word' id='word_1_47' title='bbox 1131 553 1309 608; x_wconf 82' lang='grc' dir='ltr'><em>ἔσχατον</em></span> <span class='ocrx_word' id='word_1_48' title='bbox 1335 556 1548 609; x_wconf 72' lang='grc' dir='ltr'><em>σταθμόν,</em></span> <span class='ocrx_word' id='word_1_49' title='bbox 1576 560 1653 600; x_wconf 75' lang='grc' dir='ltr'><em>κοτ’-</em></span> 
     </span>
     <span class='ocr_line' id='line_1_7' title="bbox 219 613 1654 680; baseline 0.003 -20"><span class='ocrx_word' id='word_1_50' title='bbox 219 625 333 662; x_wconf 87' lang='grc' dir='ltr'><em>κεῖνα</em></span> <span class='ocrx_word' id='word_1_51' title='bbox 358 619 588 672; x_wconf 81' lang='grc' dir='ltr'><strong><em>Ῥωμαίους</em></strong></span> <span class='ocrx_word' id='word_1_52' title='bbox 617 616 862 673; x_wconf 75' lang='grc' dir='ltr'><em>ἐργάσονται</em></span> <span class='ocrx_word' id='word_1_53' title='bbox 879 615 960 659; x_wconf 76' lang='grc' dir='ltr'><strong>ὅσα</strong></span> <span class='ocrx_word' id='word_1_54' title='bbox 977 613 1038 667; x_wconf 85' lang='grc' dir='ltr'><em>οἷς</em></span> <span class='ocrx_word' id='word_1_55' title='bbox 1059 621 1378 675; x_wconf 77' lang='grc' dir='ltr'><em>προσερρύησαν</em></span> <span class='ocrx_word' id='word_1_56' title='bbox 1399 624 1504 677; x_wconf 73' lang='grc' dir='ltr'><em>δρᾶν</em></span> <span class='ocrx_word' id='word_1_57' title='bbox 1524 619 1654 680; x_wconf 71' lang='grc' dir='ltr'><em>ὤφει-</em></span> 
     </span>
     <span class='ocr_line' id='line_1_8' title="bbox 218 682 1655 739; baseline 0.003 -13"><span class='ocrx_word' id='word_1_58' title='bbox 218 687 314 737; x_wconf 82' lang='grc' dir='ltr'><em>λον,</em></span> <span class='ocrx_word' id='word_1_59' title='bbox 341 686 434 726; x_wconf 71' lang='grc' dir='ltr'><em>ἐπεὶ</em></span> <span class='ocrx_word' id='word_1_60' title='bbox 454 685 561 738; x_wconf 77' lang='grc' dir='ltr'><strong>μηδὲ</strong></span> <span class='ocrx_word' id='word_1_61' title='bbox 593 682 736 725; x_wconf 83' lang='grc' dir='ltr'><em>καινόν</em></span> <span class='ocrx_word' id='word_1_62' title='bbox 764 685 803 725; x_wconf 81' lang='grc' dir='ltr'><em>εἰ</em></span> <span class='ocrx_word' id='word_1_63' title='bbox 832 682 968 739; x_wconf 75' lang='grc' dir='ltr'><em>διψῴη</em></span> <span class='ocrx_word' id='word_1_64' title='bbox 995 699 1055 732; x_wconf 90' lang='grc' dir='ltr'><em>τις</em></span> <span class='ocrx_word' id='word_1_65' title='bbox 1088 683 1160 726; x_wconf 81' lang='grc' dir='ltr'><em>τόν</em></span> <span class='ocrx_word' id='word_1_66' title='bbox 1190 686 1412 728; x_wconf 80' lang='grc' dir='ltr'><em>α’ντίπαλον</em></span> <span class='ocrx_word' id='word_1_67' title='bbox 1437 691 1511 730; x_wconf 83' lang='grc' dir='ltr'>καί</span> <span class='ocrx_word' id='word_1_68' title='bbox 1531 693 1655 731; x_wconf 83' lang='grc' dir='ltr'><em>κολα-</em></span> 
     </span>
     <span class='ocr_line' id='line_1_9' title="bbox 218 747 1651 807; baseline 0.005 -17"><span class='ocrx_word' id='word_1_69' title='bbox 218 750 360 792; x_wconf 77' lang='grc' dir='ltr'><em>κευσει</em></span> <span class='ocrx_word' id='word_1_70' title='bbox 402 750 564 791; x_wconf 76' lang='grc' dir='ltr'><em>τουτονί</em></span> <span class='ocrx_word' id='word_1_71' title='bbox 605 747 662 797; x_wconf 76' lang='grc' dir='ltr'><strong>ὥς</strong></span> <span class='ocrx_word' id='word_1_72' title='bbox 702 747 865 804; x_wconf 86' lang='grc' dir='ltr'><em>φίλιον,</em></span> <span class='ocrx_word' id='word_1_73' title='bbox 895 747 967 790; x_wconf 87' lang='grc' dir='ltr'><em>τὸν</em></span> <span class='ocrx_word' id='word_1_74' title='bbox 1005 751 1154 792; x_wconf 84' lang='grc' dir='ltr'><em>οἰκεῖον</em></span> <span class='ocrx_word' id='word_1_75' title='bbox 1190 750 1395 806; x_wconf 76' lang='grc' dir='ltr'><em>εὑρίσκων</em></span> <span class='ocrx_word' id='word_1_76' title='bbox 1439 756 1651 807; x_wconf 85' lang='grc' dir='ltr'><em>πολέμιον.</em></span> 
     </span>
     <span class='ocr_line' id='line_1_10' title="bbox 217 813 1654 870; baseline 0.003 -13"><span class='ocrx_word' id='word_1_77' title='bbox 217 815 351 857; x_wconf 78' lang='grc' dir='ltr'><em>ταῦτα</em></span> <span class='ocrx_word' id='word_1_78' title='bbox 393 813 431 856; x_wconf 77' lang='grc' dir='ltr'><em>οἱ</em></span> <span class='ocrx_word' id='word_1_79' title='bbox 455 815 533 867; x_wconf 87' lang='grc' dir='ltr'><strong>μὲν</strong></span> <span class='ocrx_word' id='word_1_80' title='bbox 560 816 756 869; x_wconf 86' lang='grc' dir='ltr'><em>πρέσβεις</em></span> <span class='ocrx_word' id='word_1_81' title='bbox 795 814 1139 870; x_wconf 76' lang='grc' dir='ltr'><em>ὖπετονθόρυσαν</em></span> <span class='ocrx_word' id='word_1_82' title='bbox 1156 828 1169 840; x_wconf 91' lang='grc'>·</span> <span class='ocrx_word' id='word_1_83' title='bbox 1223 815 1421 869; x_wconf 75' lang='grc' dir='ltr'><em>βασιλεὺς</em></span> <span class='ocrx_word' id='word_1_84' title='bbox 1450 819 1498 860; x_wconf 77' lang='grc' dir='ltr'><strong>δὲ</strong></span> <span class='ocrx_word' id='word_1_85' title='bbox 1526 820 1654 862; x_wconf 75' lang='grc' dir='ltr'><em>πᾶσιν</em></span> 
     </span>
     <span class='ocr_line' id='line_1_11' title="bbox 157 878 1655 939; baseline 0.002 -17"><span class='ocrx_word' id='word_1_86' title='bbox 157 881 450 935; x_wconf 78' lang='grc' dir='ltr'><em>ιοᾶμνηστίαν</em></span> <span class='ocrx_word' id='word_1_87' title='bbox 477 879 731 935; x_wconf 81' lang='grc' dir='ltr'><em>ἑβράβευσε,</em></span> <span class='ocrx_word' id='word_1_88' title='bbox 775 882 849 921; x_wconf 79' lang='grc' dir='ltr'><em>καί</em></span> <span class='ocrx_word' id='word_1_89' title='bbox 875 878 972 928; x_wconf 75' lang='grc' dir='ltr'><em>τους</em></span> <span class='ocrx_word' id='word_1_90' title='bbox 991 881 1239 934; x_wconf 82' lang='grc' dir='ltr'><em>προσιόντας</em></span> <span class='ocrx_word' id='word_1_91' title='bbox 1265 879 1451 935; x_wconf 71' lang='grc' dir='ltr'><em>εὐμενῶς</em></span> <span class='ocrx_word' id='word_1_92' title='bbox 1478 885 1655 939; x_wconf 83' lang='grc' dir='ltr'><em>προσδε-</em></span> 
     </span>
     <span class='ocr_line' id='line_1_12' title="bbox 218 943 1698 1003; baseline 0.003 -16"><span class='ocrx_word' id='word_1_93' title='bbox 218 943 392 1000; x_wconf 84' lang='grc' dir='ltr'><em>χόμενος</em></span> <span class='ocrx_word' id='word_1_94' title='bbox 419 945 594 1002; x_wconf 79' lang='grc' dir='ltr'><em>παρῄνει</em></span> <span class='ocrx_word' id='word_1_95' title='bbox 620 946 860 999; x_wconf 81' lang='grc' dir='ltr'><em>ματάμελον</em></span> <span class='ocrx_word' id='word_1_96' title='bbox 891 945 961 987; x_wconf 76' lang='grc' dir='ltr'><strong>ἐπὶ</strong></span> <span class='ocrx_word' id='word_1_97' title='bbox 989 947 1039 1003; x_wconf 81' lang='grc' dir='ltr'><em>τῇ</em></span> <span class='ocrx_word' id='word_1_98' title='bbox 1065 944 1304 1002; x_wconf 77' lang='grc' dir='ltr'><em>παραβάσει</em></span> <span class='ocrx_word' id='word_1_99' title='bbox 1332 950 1416 990; x_wconf 76' lang='grc' dir='ltr'><em>τῶν</em></span> <span class='ocrx_word' id='word_1_100' title='bbox 1442 948 1547 1003; x_wconf 82' lang='grc' dir='ltr'><em>πρὸς</em></span> <span class='ocrx_word' id='word_1_101' title='bbox 1573 950 1698 992; x_wconf 67' lang='lat' dir='ltr'><strong>ati-C</strong></span> 
     </span>
     <span class='ocr_line' id='line_1_13' title="bbox 215 1010 1654 1072; baseline 0.003 -19"><span class='ocrx_word' id='word_1_102' title='bbox 215 1010 291 1053; x_wconf 80' lang='grc' dir='ltr'><em>τὸν</em></span> <span class='ocrx_word' id='word_1_103' title='bbox 319 1010 627 1064; x_wconf 85' lang='grc' dir='ltr'><em>ὄμωμοσμὲνων</em></span> <span class='ocrx_word' id='word_1_104' title='bbox 654 1010 968 1064; x_wconf 75' lang='grc' dir='ltr'><em>ἐνδείκνυσθαι,</em></span> <span class='ocrx_word' id='word_1_105' title='bbox 996 1013 1070 1053; x_wconf 81' lang='grc' dir='ltr'><strong><em>καί</em></strong></span> <span class='ocrx_word' id='word_1_106' title='bbox 1095 1013 1292 1068; x_wconf 84' lang='grc' dir='ltr'><em>α’ρχιερεῖ</em></span> <span class='ocrx_word' id='word_1_107' title='bbox 1314 1011 1572 1056; x_wconf 59' lang='lat' dir='ltr'><strong>duran-suffla</strong></span> <span class='ocrx_word' id='word_1_108' title='bbox 1597 1017 1654 1072; x_wconf 69' lang='grc' dir='ltr'><em>τῷ</em></span> 
     </span>
     <span class='ocr_line' id='line_1_14' title="bbox 214 1073 1655 1138; baseline 0.003 -20"><span class='ocrx_word' id='word_1_109' title='bbox 214 1076 402 1135; x_wconf 78' lang='grc' dir='ltr'><em>μεγάλῳ,</em></span> <span class='ocrx_word' id='word_1_110' title='bbox 433 1075 506 1118; x_wconf 74' lang='grc' dir='ltr'><strong>καὶ</strong></span> <span class='ocrx_word' id='word_1_111' title='bbox 545 1078 677 1131; x_wconf 84' lang='grc' dir='ltr'><em>ζητεῖν</em></span> <span class='ocrx_word' id='word_1_112' title='bbox 703 1078 864 1118; x_wconf 72' lang='grc' dir='ltr'><em>ἐκεῖθεν</em></span> <span class='ocrx_word' id='word_1_113' title='bbox 891 1077 1011 1119; x_wconf 75' lang='grc' dir='ltr'><em>λύσιν</em></span> <span class='ocrx_word' id='word_1_114' title='bbox 1038 1078 1115 1118; x_wconf 82' lang='grc' dir='ltr'><strong>τοῦ</strong></span> <span class='ocrx_word' id='word_1_115' title='bbox 1149 1078 1410 1131; x_wconf 69' lang='grc' dir='ltr'><em>α’ναθέματος</em></span> <span class='ocrx_word' id='word_1_116' title='bbox 1438 1073 1548 1138; x_wconf 78' lang='grc' dir='ltr'><em>ᾧπερ</em></span> <span class='ocrx_word' id='word_1_117' title='bbox 1576 1082 1655 1122; x_wconf 74' lang='grc' dir='ltr'><strong>αό-</strong></span> 
     </span>
     <span class='ocr_line' id='line_1_15' title="bbox 215 1139 1656 1196; baseline 0.001 -13"><span class='ocrx_word' id='word_1_118' title='bbox 215 1141 315 1190; x_wconf 76' lang='grc' dir='ltr'><strong>τούς</strong></span> <span class='ocrx_word' id='word_1_119' title='bbox 344 1141 383 1183; x_wconf 80' lang='grc' dir='ltr'><em>οἱ</em></span> <span class='ocrx_word' id='word_1_120' title='bbox 411 1142 483 1196; x_wconf 79' lang='grc' dir='ltr'><em>τῆς</em></span> <span class='ocrx_word' id='word_1_121' title='bbox 510 1141 668 1190; x_wconf 80' lang='grc' dir='ltr'><em>πόλεως</em></span> <span class='ocrx_word' id='word_1_122' title='bbox 697 1139 907 1196; x_wconf 82' lang='grc' dir='ltr'><em>οἰκήτορες</em></span> <span class='ocrx_word' id='word_1_123' title='bbox 937 1144 1258 1196; x_wconf 78' lang='grc' dir='ltr'><em>καθυπὲβαλον,</em></span> <span class='ocrx_word' id='word_1_124' title='bbox 1286 1140 1448 1186; x_wconf 71' lang='grc' dir='ltr'><em>ἄνωθεν</em></span> <span class='ocrx_word' id='word_1_125' title='bbox 1479 1141 1656 1193; x_wconf 71' lang='grc' dir='ltr'><em>ἑστῶτες</em></span> 
     </span>
     <span class='ocr_line' id='line_1_16' title="bbox 158 1205 1655 1264; baseline 0.001 -14"><span class='ocrx_word' id='word_1_126' title='bbox 158 1209 296 1250; x_wconf 65' lang='lat' dir='ltr'><strong>:Smin</strong></span> <span class='ocrx_word' id='word_1_127' title='bbox 323 1206 619 1262; x_wconf 77' lang='grc' dir='ltr'><em>πυργοβάρεων</em></span> <span class='ocrx_word' id='word_1_128' title='bbox 644 1209 717 1249; x_wconf 84' lang='grc' dir='ltr'><strong><em>καί</em></strong></span> <span class='ocrx_word' id='word_1_129' title='bbox 741 1205 792 1248; x_wconf 81' lang='grc' dir='ltr'><strong>τοὶ</strong></span> <span class='ocrx_word' id='word_1_130' title='bbox 822 1212 920 1261; x_wconf 85' lang='grc' dir='ltr'><em>παρ’</em></span> <span class='ocrx_word' id='word_1_131' title='bbox 947 1208 1086 1249; x_wconf 70' lang='grc' dir='ltr'><em>αὐτῶν</em></span> <span class='ocrx_word' id='word_1_132' title='bbox 1112 1207 1317 1261; x_wconf 73' lang='grc' dir='ltr'><strong>θεώμενοι</strong></span> <span class='ocrx_word' id='word_1_133' title='bbox 1345 1209 1550 1264; x_wconf 71' lang='grc' dir='ltr'><em>δρώμενα.</em></span> <span class='ocrx_word' id='word_1_134' title='bbox 1582 1210 1655 1252; x_wconf 74' lang='grc' dir='ltr'><strong>καὶ</strong></span> 
     </span>
     <span class='ocr_line' id='line_1_17' title="bbox 215 1269 1657 1330; baseline 0.002 -16"><span class='ocrx_word' id='word_1_135' title='bbox 215 1272 363 1315; x_wconf 72' lang='grc' dir='ltr'><em>πολλοὶ</em></span> <span class='ocrx_word' id='word_1_136' title='bbox 385 1274 443 1330; x_wconf 70' lang='grc' dir='ltr'><em>τῷ</em></span> <span class='ocrx_word' id='word_1_137' title='bbox 469 1270 704 1328; x_wconf 79' lang='grc' dir='ltr'><em>πατριάρχῃ</em></span> <span class='ocrx_word' id='word_1_138' title='bbox 727 1272 1031 1327; x_wconf 79' lang='grc' dir='ltr'><em>προσήλθοσαν,</em></span> <span class='ocrx_word' id='word_1_139' title='bbox 1053 1269 1167 1323; x_wconf 82' lang='grc' dir='ltr'><em>ὅσοις</em></span> <span class='ocrx_word' id='word_1_140' title='bbox 1195 1274 1297 1322; x_wconf 85' lang='grc' dir='ltr'><em>τέως</em></span> <span class='ocrx_word' id='word_1_141' title='bbox 1329 1274 1549 1327; x_wconf 54' lang='lat' dir='ltr'><strong>satae-sam</strong></span> <span class='ocrx_word' id='word_1_142' title='bbox 1578 1291 1657 1328; x_wconf 81' lang='grc' dir='ltr'><em>με-</em></span> 
     </span>
     <span class='ocr_line' id='line_1_18' title="bbox 216 1332 1654 1396; baseline 0.001 -16"><span class='ocrx_word' id='word_1_143' title='bbox 216 1340 314 1393; x_wconf 82' lang='grc' dir='ltr'><em>τῆν·</em></span> <span class='ocrx_word' id='word_1_144' title='bbox 372 1336 421 1387; x_wconf 46' lang='grc' dir='ltr'><strong>,οἱ</strong></span> <span class='ocrx_word' id='word_1_145' title='bbox 450 1338 487 1379; x_wconf 78' lang='grc' dir='ltr'><strong>δ’</strong></span> <span class='ocrx_word' id='word_1_146' title='bbox 524 1332 642 1379; x_wconf 72' lang='grc' dir='ltr'><em>ἄλλοι</em></span> <span class='ocrx_word' id='word_1_147' title='bbox 678 1338 730 1394; x_wconf 76' lang='grc' dir='ltr'><em>τῇ</em></span> <span class='ocrx_word' id='word_1_148' title='bbox 757 1337 999 1380; x_wconf 77' lang='grc' dir='ltr'><em>κατανεύσει</em></span> <span class='ocrx_word' id='word_1_149' title='bbox 1029 1339 1105 1393; x_wconf 82' lang='grc' dir='ltr'><em>τῆς</em></span> <span class='ocrx_word' id='word_1_150' title='bbox 1136 1340 1319 1395; x_wconf 78' lang='grc' dir='ltr'><em>κεφαλῆς</em></span> <span class='ocrx_word' id='word_1_151' title='bbox 1346 1338 1392 1381; x_wconf 87' lang='grc' dir='ltr'>τὸ</span> <span class='ocrx_word' id='word_1_152' title='bbox 1420 1341 1552 1394; x_wconf 84' lang='grc' dir='ltr'><em>πέρας</em></span> <span class='ocrx_word' id='word_1_153' title='bbox 1578 1343 1654 1396; x_wconf 83' lang='grc' dir='ltr'><em>τῆς</em></span> 
     </span>
     <span class='ocr_line' id='line_1_19' title="bbox 215 1402 1653 1460; baseline 0.001 -15"><span class='ocrx_word' id='word_1_154' title='bbox 215 1404 519 1460; x_wconf 82' lang='grc' dir='ltr'><em>παραιφάσεως</em></span> <span class='ocrx_word' id='word_1_155' title='bbox 546 1402 909 1459; x_wconf 84' lang='grc' dir='ltr'><em>συμμετρήσαντες</em></span> <span class='ocrx_word' id='word_1_156' title='bbox 928 1402 1132 1460; x_wconf 52' lang='grc' dir='ltr'><em>ὦςῇἧρον</em></span> <span class='ocrx_word' id='word_1_157' title='bbox 1153 1404 1359 1460; x_wconf 75' lang='grc' dir='ltr'><em>ἡγήσαντο</em></span> <span class='ocrx_word' id='word_1_158' title='bbox 1390 1403 1466 1460; x_wconf 82' lang='grc' dir='ltr'><strong>τὴν</strong></span> <span class='ocrx_word' id='word_1_159' title='bbox 1492 1408 1553 1454; x_wconf 82' lang='grc' dir='ltr'><em>εἰς</em></span> <span class='ocrx_word' id='word_1_160' title='bbox 1578 1405 1653 1447; x_wconf 85' lang='grc' dir='ltr'><em>τὸν</em></span> 
     </span>
     <span class='ocr_line' id='line_1_20' title="bbox 216 1465 1655 1526; baseline 0.001 -16"><span class='ocrx_word' id='word_1_161' title='bbox 216 1471 345 1526; x_wconf 78' lang='grc' dir='ltr'><em>μέγαν</em></span> <span class='ocrx_word' id='word_1_162' title='bbox 384 1467 485 1512; x_wconf 75' lang='grc' dir='ltr'><em>νεών</em></span> <span class='ocrx_word' id='word_1_163' title='bbox 528 1465 671 1526; x_wconf 72' lang='grc' dir='ltr'><em>ἄφιξίν</em></span> <span class='ocrx_word' id='word_1_164' title='bbox 697 1485 741 1511; x_wconf 89' lang='grc' dir='ltr'><strong>τε</strong></span> <span class='ocrx_word' id='word_1_165' title='bbox 772 1471 846 1512; x_wconf 82' lang='grc' dir='ltr'><em>καί</em></span> <span class='ocrx_word' id='word_1_166' title='bbox 891 1469 1172 1526; x_wconf 76' lang='grc' dir='ltr'><em>ἐξαγόρευσιν.</em></span> <span class='ocrx_word' id='word_1_167' title='bbox 1245 1471 1302 1513; x_wconf 76' lang='grc' dir='ltr'><strong><em>ἐῶ</em></strong></span> <span class='ocrx_word' id='word_1_168' title='bbox 1327 1470 1407 1526; x_wconf 80' lang='grc' dir='ltr'><strong>γὰρ</strong></span> <span class='ocrx_word' id='word_1_169' title='bbox 1435 1473 1570 1525; x_wconf 78' lang='grc' dir='ltr'><em>λέγειν</em></span> <span class='ocrx_word' id='word_1_170' title='bbox 1597 1471 1655 1519; x_wconf 77' lang='grc' dir='ltr'><strong>ὥς</strong></span> 
     </span>
     <span class='ocr_line' id='line_1_21' title="bbox 152 1530 1654 1590; baseline 0 -14"><span class='ocrx_word' id='word_1_171' title='bbox 152 1550 205 1577; x_wconf 84' lang='lat'><strong>20</strong></span> <span class='ocrx_word' id='word_1_172' title='bbox 219 1530 324 1590; x_wconf 81' lang='grc' dir='ltr'><em>ἦσαν</em></span> <span class='ocrx_word' id='word_1_173' title='bbox 350 1536 393 1577; x_wconf 78' lang='grc' dir='ltr'><em>οἳ</em></span> <span class='ocrx_word' id='word_1_174' title='bbox 416 1536 498 1577; x_wconf 74' lang='grc' dir='ltr'><em>τῶν</em></span> <span class='ocrx_word' id='word_1_175' title='bbox 526 1533 777 1578; x_wconf 73' lang='grc' dir='ltr'><em>α’τασθάλων</em></span> <span class='ocrx_word' id='word_1_176' title='bbox 802 1534 910 1588; x_wconf 84' lang='grc' dir='ltr'><em>μετὰ</em></span> <span class='ocrx_word' id='word_1_177' title='bbox 938 1534 1013 1590; x_wconf 77' lang='grc' dir='ltr'><em>τήν</em></span> <span class='ocrx_word' id='word_1_178' title='bbox 1045 1537 1090 1577; x_wconf 80' lang='grc' dir='ltr'><strong>ἐκ</strong></span> <span class='ocrx_word' id='word_1_179' title='bbox 1106 1533 1333 1590; x_wconf 79' lang='grc' dir='ltr'><em>προσώπου</em></span> <span class='ocrx_word' id='word_1_180' title='bbox 1356 1538 1431 1579; x_wconf 80' lang='grc' dir='ltr'><strong>τοῦ</strong></span> <span class='ocrx_word' id='word_1_181' title='bbox 1448 1537 1654 1588; x_wconf 81' lang='grc' dir='ltr'><em>βασιλέως</em></span> 
     </span>
     <span class='ocr_line' id='line_1_22' title="bbox 217 1598 1651 1656; baseline -0.001 -14"><span class='ocrx_word' id='word_1_182' title='bbox 217 1603 423 1651; x_wconf 78' lang='grc' dir='ltr'><em>ἑξέλευσιν</em></span> <span class='ocrx_word' id='word_1_183' title='bbox 453 1598 724 1653; x_wconf 74' lang='grc' dir='ltr'><em>διεχλευάζον</em></span> <span class='ocrx_word' id='word_1_184' title='bbox 753 1599 884 1642; x_wconf 76' lang='grc' dir='ltr'><em>αὐτὸν</em></span> <span class='ocrx_word' id='word_1_185' title='bbox 913 1600 986 1642; x_wconf 87' lang='grc' dir='ltr'>καί</span> <span class='ocrx_word' id='word_1_186' title='bbox 1011 1602 1351 1656; x_wconf 75' lang='grc' dir='ltr'><em>ἐξεμυκτήριζον,</em></span> <span class='ocrx_word' id='word_1_187' title='bbox 1382 1603 1455 1642; x_wconf 86' lang='grc' dir='ltr'><strong><em>καί</em></strong></span> <span class='ocrx_word' id='word_1_188' title='bbox 1480 1602 1530 1641; x_wconf 78' lang='grc' dir='ltr'><em>οὕ</em></span> <span class='ocrx_word' id='word_1_189' title='bbox 1559 1617 1651 1642; x_wconf 85' lang='grc' dir='ltr'><em>και-</em></span> 
     </span>
     <span class='ocr_line' id='line_1_23' title="bbox 219 1664 1693 1723; baseline -0.001 -16"><span class='ocrx_word' id='word_1_190' title='bbox 219 1666 290 1707; x_wconf 85' lang='grc' dir='ltr'><strong>νὸν</strong></span> <span class='ocrx_word' id='word_1_191' title='bbox 316 1664 453 1720; x_wconf 76' lang='grc' dir='ltr'><em>ἔλεγον</em></span> <span class='ocrx_word' id='word_1_192' title='bbox 471 1667 511 1707; x_wconf 82' lang='grc' dir='ltr'><em>εἰ</em></span> <span class='ocrx_word' id='word_1_193' title='bbox 536 1667 623 1723; x_wconf 74' lang='grc' dir='ltr'><strong>θεῷ</strong></span> <span class='ocrx_word' id='word_1_194' title='bbox 650 1664 850 1721; x_wconf 80' lang='grc' dir='ltr'><em>πρότερον</em></span> <span class='ocrx_word' id='word_1_195' title='bbox 869 1669 1121 1720; x_wconf 74' lang='grc' dir='ltr'><em>κληρωθείς,</em></span> <span class='ocrx_word' id='word_1_196' title='bbox 1150 1667 1242 1707; x_wconf 86' lang='grc' dir='ltr'><strong>ἑπεί</strong></span> <span class='ocrx_word' id='word_1_197' title='bbox 1268 1669 1340 1708; x_wconf 76' lang='grc' dir='ltr'><em>κατ’</em></span> <span class='ocrx_word' id='word_1_198' title='bbox 1366 1668 1492 1708; x_wconf 79' lang='grc' dir='ltr'><em>τοῦτο</em></span> <span class='ocrx_word' id='word_1_199' title='bbox 1521 1674 1693 1722; x_wconf 87' lang='grc' dir='ltr'><em>προσ-1)</em></span> 
     </span>
    </p>
   </div>
   <div class='ocr_carea' id='block_1_3' title="bbox 309 1794 1652 1936">
    <p class='ocr_par' dir='ltr' id='par_1_3' title="bbox 309 1794 1652 1936">
     <span class='ocr_line' id='line_1_24' title="bbox 315 1794 1652 1842; baseline -0.001 -14"><span class='ocrx_word' id='word_1_200' title='bbox 315 1806 343 1828; x_wconf 86' lang='grc' dir='ltr'><strong>ι.</strong></span> <span class='ocrx_word' id='word_1_201' title='bbox 371 1794 592 1842; x_wconf 52' lang='lat' dir='ltr'><strong>mawron]</strong></span> <span class='ocrx_word' id='word_1_202' title='bbox 618 1797 865 1842; x_wconf 79' lang='grc' dir='ltr'><em>παραπέμψει</em></span> <span class='ocrx_word' id='word_1_203' title='bbox 884 1796 921 1829; x_wconf 87' lang='lat' dir='ltr'><strong>A.</strong></span> <span class='ocrx_word' id='word_1_204' title='bbox 1016 1798 1049 1831; x_wconf 84' lang='lat'><strong>6.</strong></span> <span class='ocrx_word' id='word_1_205' title='bbox 1075 1795 1260 1842; x_wconf 71' lang='grc' dir='ltr'><em>ῥωμαίοις</em></span> <span class='ocrx_word' id='word_1_206' title='bbox 1284 1797 1321 1830; x_wconf 82' lang='grc' dir='ltr'><strong>Δ.</strong></span> <span class='ocrx_word' id='word_1_207' title='bbox 1417 1806 1448 1840; x_wconf 78' lang='lat'><strong>7.</strong></span> <span class='ocrx_word' id='word_1_208' title='bbox 1473 1794 1652 1829; x_wconf 79' lang='grc' dir='ltr'><em>κολακεύ-</em></span> 
     </span>
     <span class='ocr_line' id='line_1_25' title="bbox 309 1840 1648 1889; baseline -0.001 -15"><span class='ocrx_word' id='word_1_209' title='bbox 309 1851 344 1874; x_wconf 78' lang='grc' dir='ltr'><em>ει</em></span> <span class='ocrx_word' id='word_1_210' title='bbox 367 1844 407 1876; x_wconf 86' lang='grc' dir='ltr'><strong>Δ.</strong></span> <span class='ocrx_word' id='word_1_211' title='bbox 555 1854 602 1878; x_wconf 87' lang='grc' dir='ltr'><strong>ιο.</strong></span> <span class='ocrx_word' id='word_1_212' title='bbox 627 1842 798 1887; x_wconf 70' lang='grc' dir='ltr'><em>ἐβράβευε</em></span> <span class='ocrx_word' id='word_1_213' title='bbox 823 1845 862 1876; x_wconf 87' lang='lat' dir='ltr'><strong>A.</strong></span> <span class='ocrx_word' id='word_1_214' title='bbox 1031 1855 1078 1889; x_wconf 84' lang='lat'><strong>¹9·</strong></span> <span class='ocrx_word' id='word_1_215' title='bbox 1107 1840 1202 1878; x_wconf 82' lang='grc' dir='ltr'><em>ναὸν</em></span> <span class='ocrx_word' id='word_1_216' title='bbox 1225 1844 1264 1876; x_wconf 84' lang='grc' dir='ltr'><strong>Α.</strong></span> <span class='ocrx_word' id='word_1_217' title='bbox 1415 1852 1471 1874; x_wconf 77' lang='lat'><strong>21.</strong></span> <span class='ocrx_word' id='word_1_218' title='bbox 1495 1843 1560 1874; x_wconf 73' lang='grc' dir='ltr'><em>καὶ</em></span> <span class='ocrx_word' id='word_1_219' title='bbox 1588 1840 1648 1886; x_wconf 75' lang='grc' dir='ltr'><em>ου’]</em></span> 
     </span>
     <span class='ocr_line' id='line_1_26' title="bbox 309 1888 1650 1936; baseline -0.003 -12"><span class='ocrx_word' id='word_1_220' title='bbox 309 1889 477 1933; x_wconf 78' lang='grc' dir='ltr'><em>λέγοντες</em></span> <span class='ocrx_word' id='word_1_221' title='bbox 500 1888 558 1924; x_wconf 83' lang='grc' dir='ltr'><em>δτι</em></span> <span class='ocrx_word' id='word_1_222' title='bbox 582 1891 616 1923; x_wconf 80' lang='grc' dir='ltr'><em>εἰ</em></span> <span class='ocrx_word' id='word_1_223' title='bbox 638 1888 688 1936; x_wconf 77' lang='grc' dir='ltr'><strong>μὴ</strong></span> <span class='ocrx_word' id='word_1_224' title='bbox 713 1891 820 1935; x_wconf 79' lang='grc' dir='ltr'><em>γένης</em></span> <span class='ocrx_word' id='word_1_225' title='bbox 844 1889 1034 1935; x_wconf 80' lang='grc' dir='ltr'><strong>κληρικός,</strong></span> <span class='ocrx_word' id='word_1_226' title='bbox 1058 1892 1146 1935; x_wconf 71' lang='grc' dir='ltr'><em>μεθ’</em></span> <span class='ocrx_word' id='word_1_227' title='bbox 1170 1889 1276 1936; x_wconf 75' lang='grc' dir='ltr'><em>ἡμῶν</em></span> <span class='ocrx_word' id='word_1_228' title='bbox 1299 1888 1346 1924; x_wconf 82' lang='grc' dir='ltr'><em>ου’</em></span> <span class='ocrx_word' id='word_1_229' title='bbox 1372 1893 1589 1934; x_wconf 79' lang='grc' dir='ltr'><em>περιπατεῖς</em></span> <span class='ocrx_word' id='word_1_230' title='bbox 1615 1888 1650 1920; x_wconf 88' lang='lat' dir='ltr'><strong>B.</strong></span> 
     </span>
    </p>
   </div>
   <div class='ocr_carea' id='block_1_4' title="bbox 218 2001 1677 2788">
    <p class='ocr_par' dir='ltr' id='par_1_4' title="bbox 218 2001 1677 2788">
     <span class='ocr_line' id='line_1_27' title="bbox 218 2001 1653 2048; baseline -0.001 -13"><span class='ocrx_word' id='word_1_231' title='bbox 218 2002 503 2047; x_wconf 83' lang='lat' dir='ltr'>pollicebantur,</span> <span class='ocrx_word' id='word_1_232' title='bbox 533 2008 568 2035; x_wconf 90' lang='lat' dir='ltr'><strong>et</strong></span> <span class='ocrx_word' id='word_1_233' title='bbox 592 2004 851 2048; x_wconf 85' lang='lat' dir='ltr'><strong>poenitentiam</strong></span> <span class='ocrx_word' id='word_1_234' title='bbox 883 2014 980 2035; x_wconf 84' lang='lat' dir='ltr'><strong>suam</strong></span> <span class='ocrx_word' id='word_1_235' title='bbox 997 2014 1032 2035; x_wconf 87' lang='lat' dir='ltr'><strong>re</strong></span> <span class='ocrx_word' id='word_1_236' title='bbox 1059 2004 1135 2047; x_wconf 87' lang='lat' dir='ltr'><strong>ipsa</strong></span> <span class='ocrx_word' id='word_1_237' title='bbox 1155 2002 1419 2042; x_wconf 82' lang='lat' dir='ltr'>declaraturos,</span> <span class='ocrx_word' id='word_1_238' title='bbox 1445 2001 1543 2046; x_wconf 89' lang='lat' dir='ltr'><strong>quod</strong></span> <span class='ocrx_word' id='word_1_239' title='bbox 1568 2011 1653 2034; x_wconf 88' lang='lat' dir='ltr'><strong>con-</strong></span> 
     </span>
     <span class='ocr_line' id='line_1_28' title="bbox 219 2047 1655 2094; baseline -0.001 -13"><span class='ocrx_word' id='word_1_240' title='bbox 219 2055 273 2082; x_wconf 87' lang='lat' dir='ltr'><strong>tra</strong></span> <span class='ocrx_word' id='word_1_241' title='bbox 301 2049 485 2081; x_wconf 88' lang='lat' dir='ltr'><strong>dominum</strong></span> <span class='ocrx_word' id='word_1_242' title='bbox 516 2055 552 2082; x_wconf 90' lang='lat' dir='ltr'><strong>et</strong></span> <span class='ocrx_word' id='word_1_243' title='bbox 589 2050 841 2094; x_wconf 84' lang='lat' dir='ltr'><strong>imperatorem</strong></span> <span class='ocrx_word' id='word_1_244' title='bbox 866 2061 961 2082; x_wconf 79' lang='lat' dir='ltr'><strong>arma</strong></span> <span class='ocrx_word' id='word_1_245' title='bbox 987 2051 1175 2094; x_wconf 79' lang='lat' dir='ltr'><strong>cepissent.</strong></span> <span class='ocrx_word' id='word_1_246' title='bbox 1201 2050 1255 2082; x_wconf 86' lang='lat' dir='ltr'><strong>sin</strong></span> <span class='ocrx_word' id='word_1_247' title='bbox 1286 2050 1315 2081; x_wconf 89' lang='lat' dir='ltr'><strong>is</strong></span> <span class='ocrx_word' id='word_1_248' title='bbox 1342 2047 1558 2092; x_wconf 81' lang='lat' dir='ltr'>inexpiabili</span> <span class='ocrx_word' id='word_1_249' title='bbox 1583 2049 1655 2080; x_wconf 85' lang='lat' dir='ltr'><strong>ira-</strong></span> 
     </span>
     <span class='ocr_line' id='line_1_29' title="bbox 218 2095 1654 2141; baseline 0 -14"><span class='ocrx_word' id='word_1_250' title='bbox 218 2095 349 2128; x_wconf 82' lang='lat' dir='ltr'>cundia</span> <span class='ocrx_word' id='word_1_251' title='bbox 384 2095 546 2136; x_wconf 82' lang='lat' dir='ltr'><strong>arderet,</strong></span> <span class='ocrx_word' id='word_1_252' title='bbox 583 2102 692 2141; x_wconf 85' lang='lat' dir='ltr'><strong>atque</strong></span> <span class='ocrx_word' id='word_1_253' title='bbox 730 2097 941 2129; x_wconf 84' lang='lat' dir='ltr'><strong>iniuriarum</strong></span> <span class='ocrx_word' id='word_1_254' title='bbox 971 2097 1179 2129; x_wconf 82' lang='lat' dir='ltr'><strong>memoriam</strong></span> <span class='ocrx_word' id='word_1_255' title='bbox 1207 2101 1382 2140; x_wconf 88' lang='lat' dir='ltr'><strong>perpetuo</strong></span> <span class='ocrx_word' id='word_1_256' title='bbox 1409 2099 1654 2128; x_wconf 81' lang='lat' dir='ltr'><strong>conservatam</strong></span> 
     </span>
     <span class='ocr_line' id='line_1_30' title="bbox 218 2141 1654 2188; baseline -0.001 -14"><span class='ocrx_word' id='word_1_257' title='bbox 218 2153 260 2174; x_wconf 85' lang='lat' dir='ltr'><strong>ac</strong></span> <span class='ocrx_word' id='word_1_258' title='bbox 283 2142 357 2175; x_wconf 89' lang='lat' dir='ltr'><strong>irae</strong></span> <span class='ocrx_word' id='word_1_259' title='bbox 382 2143 556 2176; x_wconf 80' lang='lat' dir='ltr'><strong>scintillas</strong></span> <span class='ocrx_word' id='word_1_260' title='bbox 582 2143 809 2176; x_wconf 86' lang='lat' dir='ltr'><strong>resuscitatas</strong></span> <span class='ocrx_word' id='word_1_261' title='bbox 834 2143 966 2183; x_wconf 86' lang='lat' dir='ltr'><strong>vellet,</strong></span> <span class='ocrx_word' id='word_1_262' title='bbox 1002 2154 1039 2175; x_wconf 82' lang='lat' dir='ltr'><strong>se</strong></span> <span class='ocrx_word' id='word_1_263' title='bbox 1066 2153 1212 2188; x_wconf 88' lang='lat' dir='ltr'><strong>quoque</strong></span> <span class='ocrx_word' id='word_1_264' title='bbox 1238 2146 1468 2187; x_wconf 88' lang='lat' dir='ltr'><strong>conspectum</strong></span> <span class='ocrx_word' id='word_1_265' title='bbox 1494 2142 1572 2174; x_wconf 82' lang='lat' dir='ltr'><strong>eius</strong></span> <span class='ocrx_word' id='word_1_266' title='bbox 1595 2141 1654 2173; x_wconf 82' lang='lat' dir='ltr'><strong>fu-</strong></span> 
     </span>
     <span class='ocr_line' id='line_1_31' title="bbox 218 2188 1654 2234; baseline -0.001 -13"><span class='ocrx_word' id='word_1_267' title='bbox 218 2188 353 2232; x_wconf 83' lang='lat' dir='ltr'><strong>gituros</strong></span> <span class='ocrx_word' id='word_1_268' title='bbox 381 2195 418 2221; x_wconf 91' lang='lat' dir='ltr'><strong>et</strong></span> <span class='ocrx_word' id='word_1_269' title='bbox 442 2195 636 2222; x_wconf 74' lang='lat' dir='ltr'><strong>extremum</strong></span> <span class='ocrx_word' id='word_1_270' title='bbox 662 2195 842 2234; x_wconf 87' lang='lat' dir='ltr'><strong>receptum</strong></span> <span class='ocrx_word' id='word_1_271' title='bbox 867 2189 963 2234; x_wconf 86' lang='lat' dir='ltr'><strong>apud</strong></span> <span class='ocrx_word' id='word_1_272' title='bbox 995 2195 1118 2233; x_wconf 81' lang='lat' dir='ltr'><strong>gentes</strong></span> <span class='ocrx_word' id='word_1_273' title='bbox 1144 2189 1309 2222; x_wconf 86' lang='lat' dir='ltr'><strong>Romanis</strong></span> <span class='ocrx_word' id='word_1_274' title='bbox 1335 2189 1482 2221; x_wconf 67' lang='lat' dir='ltr'><strong>infestas</strong></span> <span class='ocrx_word' id='word_1_275' title='bbox 1509 2188 1654 2232; x_wconf 86' lang='lat' dir='ltr'><strong>quaesi-</strong></span> 
     </span>
     <span class='ocr_line' id='line_1_32' title="bbox 218 2234 1652 2281; baseline -0.001 -14"><span class='ocrx_word' id='word_1_276' title='bbox 218 2240 340 2276; x_wconf 82' lang='lat' dir='ltr'><strong>turos,</strong></span> <span class='ocrx_word' id='word_1_277' title='bbox 367 2240 404 2267; x_wconf 88' lang='lat' dir='ltr'><strong>et</strong></span> <span class='ocrx_word' id='word_1_278' title='bbox 438 2236 475 2268; x_wconf 86' lang='lat' dir='ltr'><strong>in</strong></span> <span class='ocrx_word' id='word_1_279' title='bbox 510 2237 684 2268; x_wconf 85' lang='lat' dir='ltr'><strong>Romanos</strong></span> <span class='ocrx_word' id='word_1_280' title='bbox 719 2247 760 2269; x_wconf 87' lang='lat' dir='ltr'><strong>ea</strong></span> <span class='ocrx_word' id='word_1_281' title='bbox 789 2236 1036 2269; x_wconf 84' lang='lat' dir='ltr'><strong>commissuros</strong></span> <span class='ocrx_word' id='word_1_282' title='bbox 1072 2247 1164 2281; x_wconf 88' lang='lat' dir='ltr'><strong>quae</strong></span> <span class='ocrx_word' id='word_1_283' title='bbox 1190 2236 1263 2268; x_wconf 85' lang='lat' dir='ltr'><strong>illis</strong></span> <span class='ocrx_word' id='word_1_284' title='bbox 1290 2234 1466 2269; x_wconf 86' lang='lat' dir='ltr'><strong>deberent</strong></span> <span class='ocrx_word' id='word_1_285' title='bbox 1492 2235 1538 2267; x_wconf 89' lang='lat' dir='ltr'><strong>ad</strong></span> <span class='ocrx_word' id='word_1_286' title='bbox 1561 2246 1652 2279; x_wconf 87' lang='lat' dir='ltr'><strong>quos</strong></span> 
     </span>
     <span class='ocr_line' id='line_1_33' title="bbox 219 2281 1655 2328; baseline -0.001 -15"><span class='ocrx_word' id='word_1_287' title='bbox 219 2282 471 2326; x_wconf 82' lang='lat' dir='ltr'><strong>confugissent.</strong></span> <span class='ocrx_word' id='word_1_288' title='bbox 498 2293 616 2327; x_wconf 87' lang='lat' dir='ltr'><strong>neque</strong></span> <span class='ocrx_word' id='word_1_289' title='bbox 653 2283 746 2315; x_wconf 84' lang='lat' dir='ltr'><strong>enim</strong></span> <span class='ocrx_word' id='word_1_290' title='bbox 773 2293 850 2315; x_wconf 88' lang='lat' dir='ltr'><strong>esse</strong></span> <span class='ocrx_word' id='word_1_291' title='bbox 874 2293 1025 2323; x_wconf 89' lang='lat' dir='ltr'><strong>novum,</strong></span> <span class='ocrx_word' id='word_1_292' title='bbox 1048 2283 1078 2315; x_wconf 86' lang='lat' dir='ltr'><strong>si</strong></span> <span class='ocrx_word' id='word_1_293' title='bbox 1104 2283 1184 2328; x_wconf 84' lang='lat' dir='ltr'><strong>quis</strong></span> <span class='ocrx_word' id='word_1_294' title='bbox 1210 2293 1291 2315; x_wconf 88' lang='lat' dir='ltr'><strong>suos</strong></span> <span class='ocrx_word' id='word_1_295' title='bbox 1317 2282 1465 2314; x_wconf 83' lang='lat' dir='ltr'><strong>infestos</strong></span> <span class='ocrx_word' id='word_1_296' title='bbox 1491 2281 1655 2326; x_wconf 81' lang='lat' dir='ltr'><strong>experia-</strong></span> 
     </span>
     <span class='ocr_line' id='line_1_34' title="bbox 219 2328 1655 2374; baseline -0.001 -14"><span class='ocrx_word' id='word_1_297' title='bbox 219 2332 300 2369; x_wconf 91' lang='lat' dir='ltr'><strong>tur,</strong></span> <span class='ocrx_word' id='word_1_298' title='bbox 341 2333 380 2360; x_wconf 90' lang='lat' dir='ltr'><strong>ut</strong></span> <span class='ocrx_word' id='word_1_299' title='bbox 410 2328 566 2361; x_wconf 87' lang='lat' dir='ltr'><strong>hostium</strong></span> <span class='ocrx_word' id='word_1_300' title='bbox 599 2329 791 2362; x_wconf 83' lang='lat' dir='ltr'><strong>amicitiam</strong></span> <span class='ocrx_word' id='word_1_301' title='bbox 827 2334 972 2373; x_wconf 84' lang='lat' dir='ltr'><strong>expetat</strong></span> <span class='ocrx_word' id='word_1_302' title='bbox 1010 2340 1141 2374; x_wconf 83' lang='lat' dir='ltr'><strong>eosque</strong></span> <span class='ocrx_word' id='word_1_303' title='bbox 1169 2340 1233 2373; x_wconf 88' lang='lat' dir='ltr'><strong>pro</strong></span> <span class='ocrx_word' id='word_1_304' title='bbox 1270 2328 1390 2361; x_wconf 88' lang='lat' dir='ltr'><strong>amicis</strong></span> <span class='ocrx_word' id='word_1_305' title='bbox 1429 2328 1536 2360; x_wconf 85' lang='lat' dir='ltr'><strong>colat.</strong></span> <span class='ocrx_word' id='word_1_306' title='bbox 1561 2338 1655 2372; x_wconf 89' lang='lat' dir='ltr'><strong>quae</strong></span> 
     </span>
     <span class='ocr_line' id='line_1_35' title="bbox 221 2374 1654 2420; baseline -0.001 -14"><span class='ocrx_word' id='word_1_307' title='bbox 221 2385 299 2407; x_wconf 87' lang='lat' dir='ltr'><strong>cum</strong></span> <span class='ocrx_word' id='word_1_308' title='bbox 326 2375 433 2418; x_wconf 75' lang='lat' dir='ltr'><strong>legati</strong></span> <span class='ocrx_word' id='word_1_309' title='bbox 459 2374 828 2416; x_wconf 75' lang='lat' dir='ltr'><strong>submmmurassent,</strong></span> <span class='ocrx_word' id='word_1_310' title='bbox 859 2376 1053 2420; x_wconf 85' lang='lat' dir='ltr'><strong>imperator</strong></span> <span class='ocrx_word' id='word_1_311' title='bbox 1079 2376 1292 2420; x_wconf 75' lang='lat' dir='ltr'><strong>impunitate</strong></span> <span class='ocrx_word' id='word_1_312' title='bbox 1317 2374 1484 2408; x_wconf 87' lang='lat' dir='ltr'><strong>omnibus</strong></span> <span class='ocrx_word' id='word_1_313' title='bbox 1509 2385 1654 2406; x_wconf 83' lang='lat' dir='ltr'><strong>conces-</strong></span> 
     </span>
     <span class='ocr_line' id='line_1_36' title="bbox 222 2420 1653 2466; baseline -0.001 -14"><span class='ocrx_word' id='word_1_314' title='bbox 222 2431 281 2461; x_wconf 89' lang='lat' dir='ltr'><strong>sa,</strong></span> <span class='ocrx_word' id='word_1_315' title='bbox 311 2431 371 2453; x_wconf 90' lang='lat' dir='ltr'><strong>eos</strong></span> <span class='ocrx_word' id='word_1_316' title='bbox 407 2422 469 2465; x_wconf 89' lang='lat' dir='ltr'><strong>qui</strong></span> <span class='ocrx_word' id='word_1_317' title='bbox 504 2421 723 2455; x_wconf 81' lang='lat' dir='ltr'><strong>accedebant</strong></span> <span class='ocrx_word' id='word_1_318' title='bbox 754 2422 908 2466; x_wconf 83' lang='lat' dir='ltr'><strong>benigne</strong></span> <span class='ocrx_word' id='word_1_319' title='bbox 943 2428 1126 2466; x_wconf 84' lang='lat' dir='ltr'><strong>susceptos</strong></span> <span class='ocrx_word' id='word_1_320' title='bbox 1149 2422 1320 2454; x_wconf 86' lang='lat' dir='ltr'><strong>monebat</strong></span> <span class='ocrx_word' id='word_1_321' title='bbox 1344 2427 1383 2454; x_wconf 90' lang='lat' dir='ltr'><strong>ut</strong></span> <span class='ocrx_word' id='word_1_322' title='bbox 1405 2420 1653 2465; x_wconf 83' lang='lat' dir='ltr'><strong>poenitentiae</strong></span> 
     </span>
     <span class='ocr_line' id='line_1_37' title="bbox 224 2465 1653 2512; baseline -0.001 -14"><span class='ocrx_word' id='word_1_323' title='bbox 224 2465 270 2497; x_wconf 94' lang='lat' dir='ltr'><strong>ob</strong></span> <span class='ocrx_word' id='word_1_324' title='bbox 293 2467 463 2500; x_wconf 86' lang='lat' dir='ltr'><strong>violatum</strong></span> <span class='ocrx_word' id='word_1_325' title='bbox 488 2468 735 2500; x_wconf 84' lang='lat' dir='ltr'><strong>iusiurandum</strong></span> <span class='ocrx_word' id='word_1_326' title='bbox 771 2468 1006 2501; x_wconf 84' lang='lat' dir='ltr'><strong>declarandae</strong></span> <span class='ocrx_word' id='word_1_327' title='bbox 1035 2480 1140 2501; x_wconf 77' lang='lat' dir='ltr'><strong>causa</strong></span> <span class='ocrx_word' id='word_1_328' title='bbox 1164 2467 1401 2512; x_wconf 84' lang='lat' dir='ltr'><strong>patriarcham</strong></span> <span class='ocrx_word' id='word_1_329' title='bbox 1427 2467 1578 2504; x_wconf 88' lang='lat' dir='ltr'><strong>adirent,</strong></span> <span class='ocrx_word' id='word_1_330' title='bbox 1598 2477 1653 2498; x_wconf 90' lang='lat' dir='ltr'><strong>se-</strong></span> 
     </span>
     <span class='ocr_line' id='line_1_38' title="bbox 224 2513 1654 2560; baseline -0.001 -16"><span class='ocrx_word' id='word_1_331' title='bbox 224 2523 295 2556; x_wconf 83' lang='lat' dir='ltr'><strong>que</strong></span> <span class='ocrx_word' id='word_1_332' title='bbox 323 2514 547 2547; x_wconf 69' lang='lat' dir='ltr'><strong>anathemate</strong></span> <span class='ocrx_word' id='word_1_333' title='bbox 576 2515 665 2547; x_wconf 86' lang='lat' dir='ltr'><strong>solvi</strong></span> <span class='ocrx_word' id='word_1_334' title='bbox 688 2520 873 2559; x_wconf 84' lang='lat' dir='ltr'><strong>peterent,</strong></span> <span class='ocrx_word' id='word_1_335' title='bbox 903 2527 974 2560; x_wconf 90' lang='lat' dir='ltr'><strong>quo</strong></span> <span class='ocrx_word' id='word_1_336' title='bbox 1001 2527 1020 2547; x_wconf 86' lang='lat' dir='ltr'><strong>a</strong></span> <span class='ocrx_word' id='word_1_337' title='bbox 1045 2514 1194 2554; x_wconf 87' lang='lat' dir='ltr'><strong>civibus,</strong></span> <span class='ocrx_word' id='word_1_338' title='bbox 1221 2527 1299 2547; x_wconf 90' lang='lat' dir='ltr'><strong>cum</strong></span> <span class='ocrx_word' id='word_1_339' title='bbox 1325 2514 1469 2546; x_wconf 88' lang='lat' dir='ltr'><strong>illorum</strong></span> <span class='ocrx_word' id='word_1_340' title='bbox 1495 2513 1654 2545; x_wconf 85' lang='lat' dir='ltr'><strong>facinora</strong></span> 
     </span>
     <span class='ocr_line' id='line_1_39' title="bbox 226 2557 1677 2605; baseline -0.001 -16"><span class='ocrx_word' id='word_1_341' title='bbox 226 2568 269 2589; x_wconf 80' lang='lat' dir='ltr'><strong>ex</strong></span> <span class='ocrx_word' id='word_1_342' title='bbox 301 2559 457 2593; x_wconf 84' lang='lat' dir='ltr'><strong>turribus</strong></span> <span class='ocrx_word' id='word_1_343' title='bbox 494 2566 715 2605; x_wconf 84' lang='lat' dir='ltr'><strong>spectarent,</strong></span> <span class='ocrx_word' id='word_1_344' title='bbox 748 2561 912 2594; x_wconf 88' lang='lat' dir='ltr'><strong>obstricti</strong></span> <span class='ocrx_word' id='word_1_345' title='bbox 950 2568 1078 2594; x_wconf 82' lang='lat' dir='ltr'><strong>esseut.</strong></span> <span class='ocrx_word' id='word_1_346' title='bbox 1118 2573 1158 2594; x_wconf 82' lang='lat' dir='ltr'><strong>ac</strong></span> <span class='ocrx_word' id='word_1_347' title='bbox 1204 2562 1335 2601; x_wconf 88' lang='lat' dir='ltr'><strong>multi,</strong></span> <span class='ocrx_word' id='word_1_348' title='bbox 1363 2560 1494 2605; x_wconf 88' lang='lat' dir='ltr'><strong>quibus</strong></span> <span class='ocrx_word' id='word_1_349' title='bbox 1527 2557 1677 2600; x_wconf 75' lang='lat' dir='ltr'><strong>religio,</strong></span> 
     </span>
     <span class='ocr_line' id='line_1_40' title="bbox 226 2603 1655 2652; baseline -0.001 -17"><span class='ocrx_word' id='word_1_350' title='bbox 226 2603 325 2636; x_wconf 90' lang='lat' dir='ltr'><strong>cordi</strong></span> <span class='ocrx_word' id='word_1_351' title='bbox 351 2610 447 2646; x_wconf 88' lang='lat' dir='ltr'><strong>erat,</strong></span> <span class='ocrx_word' id='word_1_352' title='bbox 474 2606 523 2639; x_wconf 79' lang='lat' dir='ltr'><strong>ita</strong></span> <span class='ocrx_word' id='word_1_353' title='bbox 549 2608 733 2641; x_wconf 83' lang='lat' dir='ltr'><strong>fecerunt:</strong></span> <span class='ocrx_word' id='word_1_354' title='bbox 757 2609 890 2641; x_wconf 87' lang='lat' dir='ltr'><strong>caeteri</strong></span> <span class='ocrx_word' id='word_1_355' title='bbox 915 2619 998 2641; x_wconf 91' lang='lat' dir='ltr'><strong>vero</strong></span> <span class='ocrx_word' id='word_1_356' title='bbox 1026 2614 1115 2641; x_wconf 90' lang='lat' dir='ltr'><strong>nutu</strong></span> <span class='ocrx_word' id='word_1_357' title='bbox 1141 2608 1268 2652; x_wconf 86' lang='lat' dir='ltr'><strong>capitis</strong></span> <span class='ocrx_word' id='word_1_358' title='bbox 1295 2606 1468 2639; x_wconf 79' lang='lat' dir='ltr'><strong>duntaxat</strong></span> <span class='ocrx_word' id='word_1_359' title='bbox 1491 2603 1655 2636; x_wconf 86' lang='lat' dir='ltr'><strong>admoni-</strong></span> 
     </span>
     <span class='ocr_line' id='line_1_41' title="bbox 225 2650 1652 2699; baseline 0.001 -17"><span class='ocrx_word' id='word_1_360' title='bbox 225 2650 318 2683; x_wconf 85' lang='lat' dir='ltr'><strong>tioni</strong></span> <span class='ocrx_word' id='word_1_361' title='bbox 344 2650 399 2682; x_wconf 90' lang='lat' dir='ltr'><strong>illi</strong></span> <span class='ocrx_word' id='word_1_362' title='bbox 423 2654 555 2685; x_wconf 79' lang='lat' dir='ltr'><strong>assensi</strong></span> <span class='ocrx_word' id='word_1_363' title='bbox 583 2654 701 2698; x_wconf 85' lang='lat' dir='ltr'><strong>magni</strong></span> <span class='ocrx_word' id='word_1_364' title='bbox 739 2654 866 2699; x_wconf 85' lang='lat' dir='ltr'><strong>templi</strong></span> <span class='ocrx_word' id='word_1_365' title='bbox 894 2655 1090 2698; x_wconf 82' lang='lat' dir='ltr'><strong>ingressum</strong></span> <span class='ocrx_word' id='word_1_366' title='bbox 1113 2659 1150 2687; x_wconf 86' lang='lat' dir='ltr'><strong>et</strong></span> <span class='ocrx_word' id='word_1_367' title='bbox 1174 2654 1435 2686; x_wconf 84' lang='lat' dir='ltr'><strong>confessionem</strong></span> <span class='ocrx_word' id='word_1_368' title='bbox 1459 2660 1523 2694; x_wconf 83' lang='lat' dir='ltr'><strong>pro</strong></span> <span class='ocrx_word' id='word_1_369' title='bbox 1550 2650 1652 2693; x_wconf 78' lang='lat' dir='ltr'><strong>nugis</strong></span> 
     </span>
     <span class='ocr_line' id='line_1_42' title="bbox 223 2695 1652 2745; baseline 0.001 -18"><span class='ocrx_word' id='word_1_370' title='bbox 223 2696 445 2738; x_wconf 79' lang='lat' dir='ltr'><strong>habuerunt3</strong></span> <span class='ocrx_word' id='word_1_371' title='bbox 471 2709 515 2730; x_wconf 87' lang='lat' dir='ltr'><strong>ue</strong></span> <span class='ocrx_word' id='word_1_372' title='bbox 544 2699 657 2732; x_wconf 84' lang='lat' dir='ltr'><strong>dicam</strong></span> <span class='ocrx_word' id='word_1_373' title='bbox 684 2701 795 2734; x_wconf 84' lang='lat' dir='ltr'><strong>fuisse</strong></span> <span class='ocrx_word' id='word_1_374' title='bbox 824 2701 997 2745; x_wconf 86' lang='lat' dir='ltr'><strong>quosdam</strong></span> <span class='ocrx_word' id='word_1_375' title='bbox 1029 2701 1252 2744; x_wconf 85' lang='lat' dir='ltr'><strong>petulantes,</strong></span> <span class='ocrx_word' id='word_1_376' title='bbox 1277 2699 1339 2744; x_wconf 88' lang='lat' dir='ltr'><strong>qui</strong></span> <span class='ocrx_word' id='word_1_377' title='bbox 1364 2709 1443 2731; x_wconf 86' lang='lat' dir='ltr'><strong>cum</strong></span> <span class='ocrx_word' id='word_1_378' title='bbox 1470 2695 1652 2735; x_wconf 78' lang='lat' dir='ltr'><strong>exiissent,</strong></span> 
     </span>
     <span class='ocr_line' id='line_1_43' title="bbox 224 2742 1650 2788; baseline 0 -14"><span class='ocrx_word' id='word_1_379' title='bbox 224 2743 472 2788; x_wconf 83' lang='lat' dir='ltr'><strong>imperatorem</strong></span> <span class='ocrx_word' id='word_1_380' title='bbox 512 2743 701 2780; x_wconf 82' lang='lat' dir='ltr'><strong>deriseriut</strong></span> <span class='ocrx_word' id='word_1_381' title='bbox 734 2753 770 2781; x_wconf 91' lang='lat' dir='ltr'><strong>et</strong></span> <span class='ocrx_word' id='word_1_382' title='bbox 809 2747 1082 2788; x_wconf 76' lang='lat' dir='ltr'><strong>subsannarint,</strong></span> <span class='ocrx_word' id='word_1_383' title='bbox 1120 2746 1212 2781; x_wconf 78' lang='lat' dir='ltr'><strong>nihil</strong></span> <span class='ocrx_word' id='word_1_384' title='bbox 1248 2756 1324 2780; x_wconf 73' lang='lat' dir='ltr'><strong>esse</strong></span> <span class='ocrx_word' id='word_1_385' title='bbox 1358 2744 1442 2782; x_wconf 78' lang='lat' dir='ltr'><strong>novi</strong></span> <span class='ocrx_word' id='word_1_386' title='bbox 1466 2742 1650 2783; x_wconf 81' lang='lat' dir='ltr'><strong>dicentes,</strong></span> 
     </span>
    </p>
   </div>
  </div>
 </body>
</html>
