1878 3230
450 163 521 204 ΒΕ
559 164 774 207 isAAmo
815 165 1032 208 ANGELO
1073 164 1172 209 Lm.
1216 169 1286 208 ιιι.
1449 147 1558 222 573

129 263 302 318 φοῦντες
333 264 376 304 ἐν
415 269 512 312 τοῖς
538 265 764 317 τοιούτοις,
802 267 874 307 καί
913 265 964 321 τᾴ
995 266 1212 319 Ῥωμαίων
1241 269 1561 322 μυκτηρίζοντες

129 328 353 383 πράγματα
383 331 456 372 ἐπὶ
481 328 527 371 τὸ
562 330 759 378 κάταντες
786 332 856 372 αἐἰ
882 333 1181 386 προχωροῦντα
1215 330 1288 374 καί
1311 337 1397 381 τοῖς
1419 331 1561 386 χείρο·
1598 381 1602 384 q

127 412 171 438 σι
203 397 371 449 μέρεσιν
399 391 683 436 ὗπενὸιδόντα.
714 394 752 436 οἱ
780 397 819 436 δ’
845 397 968 437 αὐτοὶ
995 398 1067 438 καί
1094 402 1177 445 τοῖς
1207 399 1251 439 ἐκ
1280 395 1436 453 φύτλης
1478 401 1564 440 τῶν

122 461 327 514 Ἀγγέλων
345 458 419 514 τήν
439 461 520 501 τῶν
543 459 760 512 Ῥωμαίων
772 461 1032 514 χειρίζουσιν
1060 460 1194 517 ἀρχὴν
1219 465 1412 513 πολυετὲς
1437 460 1567 518 ἐπηύ-

91 532 115 575 5
127 541 252 579 χοντο
301 522 471 579 κράτος,
510 525 617 579 μηδὲ
645 526 750 566 ἰδεῖν
777 527 873 567 ποτὲ
901 524 1081 567 θάνατον
1098 560 1108 578 ,
1138 528 1179 568 εἰ
1205 527 1409 581 δυνατόν,
1436 530 1567 578 ἐξελι-

128 590 288 645 πάρουν
315 589 359 632 τὸ
385 593 512 642 θεῖον,
542 585 571 643 ἢ
599 586 825 644 ἀφαίρεσιν
851 592 922 644 τῆς
950 593 1166 642 βασιλείας
1191 595 1361 634 παθεῖν·
1390 592 1464 635 καί
1489 591 1565 648 τὴν
1605 615 1608 618 >

129 657 268 698 αἰτίαν
305 655 595 707 προστιθέντες
639 654 968 709 ἑχρηστηριάζον
1016 654 1054 695 οἱ
1084 653 1310 710 κατάρατοι
1340 658 1397 706 ὥς
1424 653 1566 699 αὗτῶν

127 719 432 773 βασιλευόντων
457 717 517 760 ἔτι
543 719 615 759 καί
638 716 701 759 ἔτι
728 717 780 760 τὰ
810 721 891 761 ταῖν
918 717 1102 773 Βλάχων
1131 721 1498 776 προσεπιδώσουσί
1520 737 1566 763 τε

129 786 203 827 καί
234 781 621 838 μεγεθυνθῆσεται,
664 785 737 824 καί
777 781 922 837 χώρας
962 786 1008 827 δὲ
1046 787 1120 827 καί
1164 784 1305 835 πόλεις
1348 788 1566 842 α’λλῑοτρίας

71 868 118 895 10
130 847 438 904 ἑπικτήσονται,
476 847 550 889 καί
586 843 783 902 ἄρχοντες
812 851 855 900 ἐξ
884 848 1025 891 αὗτῶν
1059 850 1132 892 καὶ
1157 851 1379 906 ἡγούμενοι
1411 853 1457 894 ἐκ
1484 854 1566 894 τῶν

128 917 273 970 μηρῶν
298 915 434 956 αὐτῶν
451 910 749 966 ἐξελεύσονται,
778 914 853 955 ου’κ
881 910 960 955 οἶδ’
979 911 1079 956 ὅθεν
1105 916 1180 957 καί
1201 912 1311 965 ὅπως
1335 918 1386 958 τὰ
1416 918 1691 959 §annu->Paeo

95 1026 98 1028 ,
129 982 317 1033 δασμένα
363 981 494 1021 ταῦτα
537 976 766 1028 διεξιόντες.
837 977 957 1022 ἔνθεν
986 995 1052 1021 τοι
1083 979 1156 1022 καί
1178 979 1216 1022 οἱ
1246 983 1323 1034 μὲν
1352 978 1409 1031 ὥς
1434 980 1509 1024 ἐπί
1526 998 1568 1024 τι

129 1045 455 1100 ἑκπορθήσοντες
483 1043 689 1100 φρούριον
735 1041 763 1098 ἢ
794 1042 937 1098 κώμας
966 1045 1256 1101 ἀναρπάστους
1285 1044 1512 1100 θησόμενοι
1539 1042 1568 1102 ἢ

129 1110 272 1160 πόλεις
301 1111 558 1159 ἀναστάτους
601 1110 804 1159 δείξοντες
833 1110 938 1163 μετὰ
969 1109 1179 1166 φάλαγγος
1205 1109 1385 1168 ἐπῄεσαν
1413 1115 1571 1154 Σκυθι-

71 1184 118 1224 15
132 1178 203 1231 κῆς
221 1210 233 1230 ,
262 1175 334 1217 καί
361 1174 407 1217 τὸ
444 1174 682 1229 προστυχὸν
723 1172 835 1216 ἅπαν
859 1177 1070 1229 ἐσίνοντο,
1101 1178 1199 1218 ποτὲ
1229 1177 1308 1228 μὲν
1334 1178 1386 1233 τῇ
1416 1179 1571 1220 Φιλίπ-

131 1258 212 1283 που
239 1239 445 1292 ἐπιόντες,
488 1242 586 1281 ποτὲ
629 1242 675 1282 δὲ
703 1242 752 1297 τῇ
779 1241 969 1298 Σαρὸικῇ
1012 1240 1307 1296 ἐφεδρεύοντες
1323 1274 1336 1295 ,
1363 1242 1495 1284 ἐνίοτε
1522 1243 1570 1284 δὲ

131 1306 238 1348 κατὰ
268 1305 340 1361 τὴν
367 1303 713 1359 Ἀδριανούπολιν
750 1304 1051 1359 ἐπερχόμενοι·
1109 1304 1148 1347 οἱ
1178 1307 1225 1347 δὲ
1246 1303 1456 1360 “Ρωμαῖοι
1488 1323 1570 1349 νω-

131 1374 327 1425 θέστερον
369 1371 616 1426 ἐπεξῄεσαν,
651 1373 692 1412 εἰ
720 1372 767 1412 δὲ
793 1386 887 1412 ποτε
936 1371 1009 1412 καί
1052 1367 1367 1426 ἀντετάχθησαν
1393 1367 1421 1427 ἢ
1449 1387 1569 1414 συνε-

131 1435 369 1491 πλάκησαν,
397 1434 502 1477 κατὰ
533 1436 762 1490 μετρητοὺς
788 1436 961 1477 ἐκάκουν
985 1435 1084 1485 τούς
1113 1437 1373 1486 α’ντιπάλους.

69 1528 120 1555 20
241 1503 278 1544 5.
327 1499 374 1543 ‘O
413 1502 459 1541 δὲ
486 1499 684 1553 βασιλευς
719 1495 836 1550 οὗτος
869 1503 1158 1558 δὀλιχοδρόμῳ
1197 1499 1227 1555 ἢ
1264 1504 1366 1556 γοῦν
1406 1505 1576 1545 madan·

132 1566 385 1621 προσεοικώς
410 1564 543 1614 εὐθὺς
570 1565 674 1620 πρὸς
705 1567 755 1623 τῇ
778 1566 907 1622 νύσσῃ
937 1570 1168 1609 κατέπαυσε
1196 1567 1265 1609 τὸν
1290 1570 1363 1622 τῆς
1396 1569 1569 1624 α’ρίστης
1580 1578 1620 1612 V.
1633 1579 1699 1613 230

131 1635 346 1684 βασιλείας
375 1630 531 1685 δρόμον
556 1633 718 1685 τρέχειν
751 1631 992 1685 ἀρξάμενος·
1049 1632 1147 1674 οὐδὲ
1183 1631 1264 1687 γάρ
1303 1629 1355 1688 ἦν
1393 1632 1570 1682 πολλοὺς

230 1770 279 1792 ¹2.
301 1758 359 1839 ἕῦς
384 1758 460 1837 ‘gal
488 1760 651 1803 συνεχῶς
678 1759 723 1800 ¹7?
858 1770 908 1803 ¹7·
934 1761 1161 1805 νωθέστεροι
1196 1760 1232 1793 Α.
1353 1770 1408 1794 2¹.
1435 1759 1566 1807 εὐθῦς]

226 1818 298 1851 tax
319 1817 366 1842 ως
426 1829 432 1836 .

134 1935 252 1971 verbis
278 1934 484 1968 iracundiae
516 1943 600 1966 suae
635 1932 936 1973 blandiebantur,
967 1940 1001 1967 et
1027 1946 1098 1966 rem
1129 1936 1320 1967 Romanam
1349 1933 1504 1967 subinde
1530 1935 1570 1969 in

136 1983 294 2016 deterius
318 1986 479 2013 ruentem
504 1980 782 2012 subsannabant.
802 1980 984 2025 iidemque
1001 1981 1189 2024 Angelicae
1210 1981 1368 2014 familiae
1387 1990 1472 2014 suae
1488 1981 1570 2014 diu-

134 2035 280 2063 turnum
307 2028 495 2072 imperium
517 2025 776 2071 precabantur,
807 2026 985 2072 deumque
1004 2027 1156 2060 orabant
1181 2038 1227 2060 ue
1253 2038 1422 2072 unquam,
1449 2028 1478 2060 si
1505 2029 1570 2061 fie-

135 2077 166 2109 ri
201 2079 342 2120 posset,
374 2078 598 2107 morerentur
635 2078 698 2105 aut
727 2084 882 2117 unquam
913 2074 1087 2118 privatam
1111 2075 1221 2112 vitam
1248 2079 1403 2118 agerent.
1429 2084 1570 2107 causam

135 2120 403 2166 subiungebant
432 2119 594 2152 homines
634 2119 853 2153 execrabiles
883 2125 919 2153 et
952 2121 1064 2153 veluti
1104 2121 1286 2153 oraculum
1321 2120 1497 2161 edebant,
1524 2122 1570 2154 iis

135 2168 367 2212 regnantibus
394 2166 603 2199 Blachorum
638 2176 784 2210 regnum
822 2178 949 2210 magna
973 2167 1193 2200 incrementa
1216 2173 1401 2212 capturum
1430 2172 1466 2200 et
1486 2178 1569 2201 am-

134 2214 390 2260 plificandum,
430 2213 558 2246 alienis
592 2213 786 2258 provinciis
824 2218 860 2246 et
882 2212 1032 2246 urbibus
1068 2213 1292 2257 augendum,
1321 2214 1501 2258 principes
1525 2225 1571 2247 ex

135 2261 223 2306 ipsis
262 2266 300 2293 et
336 2260 443 2293 duces
470 2270 488 2292 e
512 2259 708 2292 femoribus
738 2270 860 2292 eorum
895 2270 1102 2304 egressuros·
1124 2271 1201 2293 esse
1219 2285 1228 2300 ‚
1252 2259 1350 2293 haud
1374 2260 1447 2293 scio
1472 2260 1570 2293 unde

137 2313 175 2340 et
199 2306 380 2352 quomodo
420 2305 561 2339 erudita
586 2306 683 2338 'haee
709 2305 839 2340 edocti.
898 2306 1022 2339 roinde
1048 2312 1110 2340 aut
1134 2306 1180 2339 ad
1208 2306 1394 2339 castellum
1420 2306 1572 2351 aliquod

137 2353 345 2386 vastandum
376 2358 440 2386 aut
475 2351 520 2385 ad
559 2362 666 2397 pagos
704 2352 861 2396 diripien
889 2363 927 2386 os
963 2358 1025 2386 aut
1048 2352 1094 2385 ad
1118 2353 1224 2386 urbes
1254 2352 1462 2386 evertendas
1490 2364 1571 2386 cum

137 2399 314 2444 phalange
351 2398 514 2443 Scythica
548 2398 886 2443 proficiscebantur3
924 2405 960 2432 et
993 2399 1098 2432 obvia
1142 2410 1307 2444 quaeque
1329 2400 1570 2444 populantes,

140 2445 229 2478 alias
267 2445 544 2490 Philippopolim
576 2445 813 2485 invadebant,
853 2446 941 2478 alias
969 2446 1136 2487 Sardicae
1160 2446 1450 2486 insidiabantur,
1480 2446 1569 2478 alias

139 2491 409 2535 Adrianopolim
441 2492 621 2536 petebant.
682 2493 830 2524 Romani
866 2503 949 2525 vero
984 2493 1126 2536 segnius
1164 2503 1244 2525 cum
1276 2492 1328 2525 eis
1350 2491 1567 2536 pugnabant.

141 2536 271 2582 quodsi
302 2538 444 2581 quando
479 2540 516 2572 in
540 2539 652 2571 aciem
689 2538 956 2572 descendebant
996 2544 1032 2572 et
1066 2550 1219 2584 pugnam
1254 2538 1420 2579 inibant,
1445 2549 1568 2582 parum

140 2583 321 2618 nocebant
345 2583 520 2618 hostibus.
1304 2604 1309 2607 -

234 2631 264 2663 5.
313 2629 391 2673 Ipse
414 2641 497 2662 vero
524 2631 717 2676 imperator
741 2642 820 2663 cum
845 2631 1002 2674 optimae
1029 2629 1297 2674 gubernationis
1335 2641 1475 2663 cursum
1513 2630 1570 2662 in·-

141 2676 341 2715 stituisset,
365 2675 477 2708 instar
501 2676 618 2720 ignavi
644 2677 795 2710 cursoris
825 2688 899 2710 non
921 2678 1046 2721 procul
1071 2676 1115 2709 ab
1150 2677 1237 2721 ipsis
1269 2675 1469 2710 carceribus
1505 2675 1569 2707 de-

142 2723 245 2757 stitit.
274 2732 391 2768 neque
432 2721 526 2756 enirn
551 2723 680 2756 multos
708 2724 848 2759 virtutis
873 2723 1024 2757 circulos
1050 2722 1225 2766 absolvit,
1255 2722 1319 2758 sed
1345 2722 1459 2758 veluti
1484 2721 1567 2756 sati-
