1838 3210
243 211 260 245 1
274 190 346 247 56
641 206 868 249 memma
904 202 1220 247 «οΗοΝιΑΤΑΕ

233 307 543 363 σταδιοδρόμων
575 306 770 359 ἁμίλλαις
794 305 863 347 τὸν
890 304 1112 362 ὄφθαλμὸν
1139 305 1449 357 καθειστιάκεν,
1479 299 1544 346 ὅτε
1587 305 1663 346 καί

230 391 294 423 τις
322 372 424 428 α’νῆρ
454 374 531 425 τῆς
549 366 681 424 ’Ἀγαρ
713 371 923 425 ἀπόγονος,
953 368 1011 420 ὠς
1036 373 1113 424 μὲν
1143 369 1278 412 ἐδόκει
1302 367 1351 411 τα
1381 369 1525 423 πρῶτα
1547 372 1657 411 θαυ-

230 435 477 492 ματοποιός,
508 433 563 485 ὥς
590 436 630 476 δ’
668 432 837 490 ’ὕστερον
863 433 993 487 ἔδειξε
1009 469 1022 489 ,
1059 433 1306 484 ταλάντατος
1331 433 1563 488 ἀνθρώπων
1589 432 1660 475 καί

232 505 447 555 αὔτοέντης
491 496 708 556 ἄντικρρς,
749 499 820 542 ἐπὶ
856 499 927 542 τόν
955 501 1059 542 κατά
1088 499 1134 541 τὸ
1167 501 1347 553 θέατρον
1373 497 1530 553 πύργον
1558 496 1657 540 εἷνα-

231 569 429 619 λάμενος,
457 559 509 605 οὗ
534 565 723 607 κάτωθεν
758 566 836 618 μὲν
863 564 908 607 αἱ
943 568 1023 608 τῶν
1050 564 1121 607 ε’πί
1146 566 1316 607 σταδίου
1344 560 1525 605 θεόντων
1552 564 1694 618 οἶφε-5

228 634 370 686 τηρίαι
398 633 457 679 εἰς
489 627 646 682 ἇψίδας
681 630 972 686 παραλλήλους
1009 632 1254 684 κεχήνασιν,
1284 623 1446 670 ἄνωθεν
1475 629 1516 669 δ’
1541 628 1659 669 ἵπποι

228 693 483 750 χαλκήλατοι
509 693 714 750 πεπήγασι
738 697 913 750 πίσυρες
936 697 1083 752 χρυσῷ
1111 696 1373 750 η’λειμμένοι,
1406 692 1501 742 τούς
1529 693 1658 746 αὕχέ·

226 778 302 810 νας
329 758 552 816 ὖπόγυροι,
586 762 899 814 ἀναβλέποντες
926 760 1117 815 α’λλήλοις
1147 762 1219 802 καί
1245 760 1397 816 δρόμον
1421 758 1660 813 καμπτῆρος

229 828 428 878 πνέοντες,
458 827 679 880 διαπτῆναι
699 824 749 867 τὸ
776 823 944 867 στάδιον
961 826 1241 880 ἐπηγγέλλετο.
1299 822 1475 879 εἱστήκει
1497 817 1572 865 οὖν
1599 821 1656 872 ὥς

193 894 297 946 Οὲφ·
324 887 555 945 ὕσπληγγος
581 891 657 932 τοῦ
682 889 863 945 πύργου,
895 891 1174 946 ἠμφιεσμένος
1199 892 1502 944 ποδηρέστατον
1528 884 1656 942 εὔρέοι
1675 901 1720 928 ιο

228 959 398 1011 χιτῶνα.
469 953 615 1006 λευκὸς
642 957 688 997 δὲ
731 951 783 1010 ἦν
818 954 840 996 ὅ
868 954 1009 1010 χιτών,
1036 955 1154 1010 λύγοι
1179 956 1225 997 δὲ
1254 957 1312 1004 εἰς
1338 955 1485 996 κύκλον
1511 968 1656 1007 περια-

222 1023 396 1074 χθέντες
445 1021 613 1064 ἐποίουν
655 1021 863 1069 κολπῶδες
899 1018 946 1062 τὸ
986 1015 1180 1076 ὕφασμα.
1248 1014 1298 1076 ἦν
1338 1022 1384 1062 δὲ
1419 1016 1572 1067 σκοπὸς
1598 1019 1659 1075 τῷ,

219 1086 434 1143 ’Λγαρηνῷ
470 1083 610 1141 ὥσπερ
667 1084 783 1142 ἱστίῳ
824 1089 925 1135 ναῦς
969 1087 1234 1141 πτερωθῆναι
1277 1088 1334 1143 τῷ
1365 1086 1524 1142 πέπλῳ,
1563 1088 1678 1137 ταῖς,

224 1153 377 1194 τούτου
420 1148 633 1207 κοιλότησι
670 1152 746 1193 τοῦ
786 1149 1021 1205 πνεύματος
1065 1151 1393 1207 ἐμφωλεύοντος.
1461 1151 1542 1197 πᾶς
1583 1142 1655 1190 οὖν

224 1218 479 1272 ἐπέστραπτο
504 1215 610 1272 πρὸς
642 1214 771 1258 αὐτὸν
810 1215 1064 1273 ὀφθαλμός,
1095 1215 1167 1258 καί
1191 1216 1355 1268 ἐμειδία
1382 1213 1426 1257 τὸ
1453 1213 1654 1269 θέατρον,
1670 1214 1718 1255 15

224 1280 297 1322 καί
321 1279 451 1323 πυκνοὶ
480 1279 736 1337 ἐκραύγαζον
785 1280 824 1323 οἱ
850 1279 1053 1335 θεώμενοι
1078 1282 1301 1334 ,,πε’τασον,
1330 1282 1506 1322 πέτασον
1519 1282 1559 1332 ‚''
1585 1281 1658 1322 καί

224 1348 330 1399 ,,ἓως
375 1347 484 1395 τίνος
525 1344 660 1402 αἴρεις
697 1345 1020 1403 Σαρακηνὲτὰς
1045 1345 1191 1400 ψυχάς
1228 1343 1367 1400 ἡμῶν,
1394 1343 1656 1387 ταλαντεύων

225 1412 270 1453 ἐκ
301 1413 378 1457 τοῦ
404 1409 562 1468 πύργου
609 1411 683 1454 τὸν
708 1407 901 1466 ἅνεμον;”
940 1411 1139 1465 βασιλεύς
1165 1412 1212 1454 δὲ
1236 1413 1406 1465 πέμψας
1434 1408 1655 1452 διεκώλυεν

227 1472 356 1518 αὖτόν
383 1480 460 1519 τοῦ
485 1475 737 1533 ὅρμήματος.
762 1475 920 1532 θεατής
950 1479 987 1520 δ’
1016 1473 1074 1520 ὦν
1092 1479 1175 1520 τῶν
1193 1477 1416 1532 δρωμένων
1433 1478 1506 1518 καί
1529 1479 1655 1518 σουλ-

222 1539 345 1590 τοίνος
377 1540 506 1591 αὐτὸς
532 1544 595 1584 ἐπ’
633 1541 857 1601 ἀμφιβόλῳ
883 1544 939 1601 τῷ
979 1543 1276 1596 α’ποτελέσματι
1300 1539 1490 1596 ἀνεκήκιέ
1514 1556 1557 1583 τε
1585 1540 1657 1582 καί
1667 1553 1720 1579 20

223 1604 441 1663 ἐσεσήρει,
468 1609 673 1662 μετέωρος
700 1602 758 1650 ιόν
786 1606 859 1663 τήν
887 1608 1054 1662 γνώμην
1079 1606 1151 1649 καί
1178 1605 1326 1656 δεδιώς
1353 1607 1450 1662 περὶ
1471 1607 1527 1663 τῷ
1554 1605 1652 1658 ὅμο-

179 1680 212 1713 D
223 1677 346 1727 γενεῖ.
423 1670 446 1713 ὅ
488 1674 535 1715 δὲ
571 1673 836 1728 περιχάσκων
878 1672 950 1715 τὸν
987 1673 1093 1728 ἀέρα
1118 1672 1277 1726 συχνά,
1316 1673 1386 1714 καί
1414 1670 1459 1714 τὸ
1489 1673 1652 1724 πνεῦμα

226 1738 590 1794 διακριβούμενος,
635 1737 712 1788 τὰς
751 1741 836 1781 τῶν
867 1739 1033 1781 θεατῶν
1078 1739 1249 1787 ἐλπίδας
1286 1738 1524 1782 ὖπέκλεπτε.
1584 1739 1656 1780 καὶ

223 1801 422 1853 πολλάκις
450 1801 601 1860 διάρας
628 1803 704 1853 τὰς
728 1809 875 1860 χεῖρας
911 1803 983 1846 καὶ
1008 1803 1267 1858 σχηματίσας
1292 1802 1449 1852 ταύτας
1478 1802 1534 1851 ὥς
1560 1805 1652 1845 πτέ-

313 1929 345 1953 2.
368 1912 671 1966 θαυματοποιός]
700 1914 1044 1976 παροφθαλμιστῆς
1067 1919 1103 1950 Β.
1205 1919 1237 1963 4.
1263 1916 1509 1964 ἄναλάμενοςῙ
1534 1910 1654 1952 «indu

313 1966 354 2001 Δ,
451 1976 503 1999 ιο.
531 1965 825 2013 ποδηρέστατον]
848 1966 1001 2011 ἷματιον
1026 1963 1177 2012 ἄσπρον
1201 1963 1344 2000 πλατύν
1371 1964 1407 1996 Β.
1488 1973 1538 1995 12.
1564 1965 1653 1998 κολ-

312 2010 450 2058 πῶδες]
475 2013 719 2046 κολποῦσθαι
745 2010 785 2046 τό
817 2010 966 2058 ἄμφιον
992 2011 1030 2045 Δ.

222 2111 319 2140 ratus
352 2105 565 2150 spectaculis
603 2106 830 2139 Circensibus
855 2112 910 2140 est
939 2106 1150 2140 oblectatus.
1175 2110 1253 2138 tum
1275 2106 1456 2148 Agarenus
1480 2104 1653 2149 quidam,

219 2152 398 2199 principio
411 2153 662 2196 praestigiator
676 2152 845 2193 habitus,
869 2158 911 2186 ut
925 2163 1008 2186 vero
1030 2158 1113 2197 post
1136 2151 1349 2191 declaravit,
1373 2151 1532 2184 omnium
1556 2162 1652 2184 mor-

219 2199 348 2234 talium
373 2198 609 2239 miserrimus,
634 2209 698 2232 sua
724 2204 852 2243 sponte
880 2198 1116 2244 Hippodromi
1140 2198 1232 2231 turri
1255 2208 1466 2239 conscensa,
1489 2197 1555 2230 sub
1580 2209 1652 2243 qua

221 2255 378 2279 carceres
402 2250 486 2278 sunt
511 2244 608 2277 unde
629 2245 842 2278 emittuntur
869 2246 977 2290 equi,
1014 2256 1120 2289 supra
1142 2255 1226 2278 vero
1252 2250 1407 2288 quatuor
1430 2244 1515 2288 equi
1535 2244 1652 2279 aurati

219 2296 340 2332 stant,
364 2291 468 2324 collis
505 2291 679 2332 incurvis,
713 2291 855 2325 obversi
888 2291 958 2324 sibi
981 2291 1020 2324 in
1058 2291 1191 2330 vicem,
1221 2290 1415 2323 alacritatis
1439 2290 1485 2322 ad
1510 2301 1652 2328 cursum

219 2338 332 2383 pleni,
357 2348 395 2370 se
409 2336 563 2370 stadium
580 2338 879 2371 transvolaturum
902 2338 1022 2370 iactat.
1038 2337 1157 2370 stabat
1173 2336 1281 2380 igitur
1303 2337 1343 2369 in
1370 2337 1458 2369 turri
1479 2341 1651 2381 tanquam

220 2385 259 2418 in
281 2383 483 2417 carceribus
497 2408 506 2424 ‚
549 2384 667 2428 ampla
704 2390 740 2417 et
758 2384 932 2428 promissa
963 2383 1154 2416 admodum
1181 2388 1278 2417 veste
1302 2382 1455 2415 candida
1478 2382 1625 2415 indutus
1639 2408 1650 2423 ,

219 2441 313 2476 quae
348 2430 500 2463 vinculis
537 2431 573 2463 in
597 2430 719 2463 orbem
748 2430 927 2464 succincta
960 2430 1103 2463 sinuosa
1124 2429 1353 2463 efficiebatur.
1377 2428 1530 2473 putabat
1555 2429 1652 2462 enim

220 2488 258 2511 se
283 2477 397 2511 veluti
420 2477 502 2510 velo
526 2488 672 2517 navem,
697 2477 748 2509 ita
767 2477 909 2510 laciniis
933 2476 1033 2509 illius
1056 2487 1138 2509 aere
1163 2476 1314 2520 expletis
1339 2474 1386 2508 ad
1405 2475 1564 2508 volatum
1593 2475 1650 2508 in-

219 2528 393 2557 structum
438 2523 525 2556 sore.
573 2524 731 2556 omnium
764 2522 872 2567 igitur
903 2523 999 2556 oculi
1036 2523 1075 2555 in
1108 2533 1189 2555 eum
1219 2525 1497 2561 convertuntur,
1530 2520 1650 2557 rident

220 2574 459 2614 spectatores,
480 2580 521 2602 ac
549 2569 702 2602 subinde
742 2569 896 2602 clamant
918 2569 1086 2610 „volato‚
1114 2569 1255 2602 volato''
1281 2573 1318 2600 et
1339 2578 1470 2611 „quam
1495 2565 1557 2600 diu
1582 2577 1649 2600 nos

220 2626 409 2661 suspensos
443 2621 568 2658 tenes,
606 2617 816 2656 Saramene,
851 2621 888 2648 et
921 2626 1037 2648 aerem
1063 2626 1108 2647 ex
1137 2615 1227 2647 turri
1251 2613 1360 2647 libras
1372 2614 1407 2646 ?’'
1434 2614 1649 2657 imperatore

220 2662 403 2696 hominem
432 2662 477 2695 ab
507 2673 548 2695 eo
579 2667 707 2695 conatu
733 2662 958 2702 deterrente,
984 2662 1061 2706 ipso
1088 2672 1171 2694 vero
1196 2660 1346 2693 Sultano
1370 2659 1466 2693 iuter
1489 2669 1587 2703 spem
1610 2663 1649 2692 et

220 2714 355 2743 metum
379 2719 571 2754 suspensO‚
598 2719 644 2742 ne
669 2707 757 2754 quid
782 2709 948 2753 populari
973 2719 1036 2741 suo
1061 2706 1248 2740 accideret.
1273 2707 1302 2739 is
1314 2716 1397 2739 vero
1424 2716 1541 2738 aerem
1561 2703 1647 2739 sub-

221 2755 306 2791 inde
347 2761 489 2803 eaptans
528 2761 564 2789 et
593 2761 738 2793 ventum
774 2755 960 2801 explorans
998 2759 1237 2800 spectatorum
1266 2763 1366 2800 spem
1390 2751 1581 2792 eludebat,
1605 2761 1646 2784 ae
