<?xml version="1.0" encoding="UTF-8"?>
<!DOCTYPE html PUBLIC "-//W3C//DTD XHTML 1.0 Transitional//EN"
    "http://www.w3.org/TR/xhtml1/DTD/xhtml1-transitional.dtd">
<html xmlns="http://www.w3.org/1999/xhtml" xml:lang="en" lang="en">
 <head>
  <title>
</title>
<meta http-equiv="Content-Type" content="text/html;charset=utf-8" />
  <meta name='ocr-system' content='tesseract 3.04.00' />
  <meta name='ocr-capabilities' content='ocr_page ocr_carea ocr_par ocr_line ocrx_word'/>
</head>
<body>
  <div class='ocr_page' id='page_1' title='image "./corpusscriptorum41niebuoft/corpusscriptorum41niebuoft_0771.png"; bbox 0 0 1878 3230; ppageno 0'>
   <div class='ocr_carea' id='block_1_1' title="bbox 446 199 1639 275">
    <p class='ocr_par' dir='ltr' id='par_1_1' title="bbox 446 199 1639 275">
     <span class='ocr_line' id='line_1_1' title="bbox 446 199 1639 275; baseline 0 -20"><span class='ocrx_word' id='word_1_1' title='bbox 446 213 690 257; x_wconf 73' lang='lat' dir='ltr'>1sAAc1th</span> <span class='ocrx_word' id='word_1_2' title='bbox 725 214 974 258; x_wconf 64' lang='lat' dir='ltr'>Anonos</span> <span class='ocrx_word' id='word_1_3' title='bbox 1015 217 1084 257; x_wconf 83' lang='lat' dir='ltr'><em>ET</em></span> <span class='ocrx_word' id='word_1_4' title='bbox 1123 215 1347 260; x_wconf 71' lang='lat' dir='ltr'>ALExms</span> <span class='ocrx_word' id='word_1_5' title='bbox 1384 221 1430 260; x_wconf 79' lang='lat' dir='ltr'><em>F.</em></span> <span class='ocrx_word' id='word_1_6' title='bbox 1538 199 1639 275; x_wconf 71' lang='lat'><em>74¹</em></span> 
     </span>
    </p>
   </div>
   <div class='ocr_carea' id='block_1_2' title="bbox 146 311 1782 1809">
    <p class='ocr_par' dir='ltr' id='par_1_2' title="bbox 146 311 1782 1809">
     <span class='ocr_line' id='line_1_2' title="bbox 211 311 1650 372; baseline 0.002 -18"><span class='ocrx_word' id='word_1_7' title='bbox 211 313 315 367; x_wconf 84' lang='grc' dir='ltr'><em>πρὸς</em></span> <span class='ocrx_word' id='word_1_8' title='bbox 351 313 727 368; x_wconf 75' lang='grc' dir='ltr'><em>βρῶσινιῖτεχνῶς</em></span> <span class='ocrx_word' id='word_1_9' title='bbox 763 316 1043 370; x_wconf 78' lang='grc' dir='ltr'><em>προβέβληντο</em></span> <span class='ocrx_word' id='word_1_10' title='bbox 1082 320 1171 365; x_wconf 84' lang='grc' dir='ltr'><em>τοῖς</em></span> <span class='ocrx_word' id='word_1_11' title='bbox 1201 316 1320 370; x_wconf 81' lang='grc' dir='ltr'><em>κυσί,</em></span> <span class='ocrx_word' id='word_1_12' title='bbox 1350 319 1422 359; x_wconf 80' lang='grc' dir='ltr'><em>καί</em></span> <span class='ocrx_word' id='word_1_13' title='bbox 1445 318 1560 371; x_wconf 82' lang='grc' dir='ltr'><em>μῖξις</em></span> <span class='ocrx_word' id='word_1_14' title='bbox 1598 311 1650 372; x_wconf 75' lang='grc' dir='ltr'><em>ἦν</em></span> 
     </span>
     <span class='ocr_line' id='line_1_3' title="bbox 209 376 712 431; baseline -0.004 -11"><span class='ocrx_word' id='word_1_15' title='bbox 209 380 294 420; x_wconf 73' lang='grc' dir='ltr'><em>τῶν</em></span> <span class='ocrx_word' id='word_1_16' title='bbox 321 379 507 431; x_wconf 81' lang='grc' dir='ltr'><em>οἷμίκτων</em></span> <span class='ocrx_word' id='word_1_17' title='bbox 534 376 712 427; x_wconf 86' lang='grc' dir='ltr'><em>α’νόσιος.</em></span> 
     </span>
     <span class='ocr_line' id='line_1_4' title="bbox 320 440 1649 502; baseline 0.001 -16"><span class='ocrx_word' id='word_1_18' title='bbox 320 445 360 498; x_wconf 76' lang='grc'><em>4.</em></span> <span class='ocrx_word' id='word_1_19' title='bbox 412 442 540 486; x_wconf 77' lang='grc' dir='ltr'><em>Ἀλλὰ</em></span> <span class='ocrx_word' id='word_1_20' title='bbox 558 445 629 485; x_wconf 81' lang='grc' dir='ltr'><em>καί</em></span> <span class='ocrx_word' id='word_1_21' title='bbox 644 443 798 486; x_wconf 81' lang='grc' dir='ltr'><em>τούτων</em></span> <span class='ocrx_word' id='word_1_22' title='bbox 824 440 934 486; x_wconf 74' lang='grc' dir='ltr'><em>οὕτω</em></span> <span class='ocrx_word' id='word_1_23' title='bbox 961 446 1185 498; x_wconf 77' lang='grc' dir='ltr'><em>γινομένων</em></span> <span class='ocrx_word' id='word_1_24' title='bbox 1211 446 1286 489; x_wconf 79' lang='grc' dir='ltr'><strong><em>καί</em></strong></span> <span class='ocrx_word' id='word_1_25' title='bbox 1310 445 1527 502; x_wconf 70' lang='grc' dir='ltr'><em>προδήλως</em></span> <span class='ocrx_word' id='word_1_26' title='bbox 1554 447 1649 489; x_wconf 77' lang='grc' dir='ltr'><em>ιῖνο-</em></span> 
     </span>
     <span class='ocr_line' id='line_1_5' title="bbox 208 506 1690 567; baseline 0.003 -17"><span class='ocrx_word' id='word_1_27' title='bbox 208 512 428 562; x_wconf 83' lang='grc' dir='ltr'><em>μουμὲνων</em></span> <span class='ocrx_word' id='word_1_28' title='bbox 467 509 588 550; x_wconf 79' lang='grc' dir='ltr'><em>οὐδὲν</em></span> <span class='ocrx_word' id='word_1_29' title='bbox 614 510 869 561; x_wconf 83' lang='grc' dir='ltr'><em>ἐπεραίνετο.</em></span> <span class='ocrx_word' id='word_1_30' title='bbox 943 506 1168 563; x_wconf 76' lang='grc' dir='ltr'><em>ἠβούλοντο</em></span> <span class='ocrx_word' id='word_1_31' title='bbox 1192 511 1272 566; x_wconf 73' lang='grc' dir='ltr'><em>γὰρ</em></span> <span class='ocrx_word' id='word_1_32' title='bbox 1303 511 1340 554; x_wconf 84' lang='grc' dir='ltr'><em>οἱ</em></span> <span class='ocrx_word' id='word_1_33' title='bbox 1373 515 1456 554; x_wconf 75' lang='grc' dir='ltr'><em>τῶν</em></span> <span class='ocrx_word' id='word_1_34' title='bbox 1484 511 1649 567; x_wconf 77' lang='grc' dir='ltr'><em>χρημά-</em></span> <span class='ocrx_word' id='word_1_35' title='bbox 1667 524 1690 555; x_wconf 86' lang='grc' dir='ltr'><strong>Β</strong></span> 
     </span>
     <span class='ocr_line' id='line_1_6' title="bbox 172 571 1650 633; baseline 0.002 -17"><span class='ocrx_word' id='word_1_36' title='bbox 172 577 290 617; x_wconf 68' lang='grc' dir='ltr'><em>ὅτων</em></span> <span class='ocrx_word' id='word_1_37' title='bbox 313 571 629 627; x_wconf 78' lang='grc' dir='ltr'><em>εἷσπράκτορες,</em></span> <span class='ocrx_word' id='word_1_38' title='bbox 667 574 743 627; x_wconf 77' lang='grc' dir='ltr'><em>τῆς</em></span> <span class='ocrx_word' id='word_1_39' title='bbox 775 574 859 614; x_wconf 77' lang='grc' dir='ltr'><em>τῶν</em></span> <span class='ocrx_word' id='word_1_40' title='bbox 880 573 1100 626; x_wconf 82' lang='grc' dir='ltr'><em>Ῥωμαίων</em></span> <span class='ocrx_word' id='word_1_41' title='bbox 1126 577 1323 631; x_wconf 71' lang='grc' dir='ltr'><em>εὐηθείας</em></span> <span class='ocrx_word' id='word_1_42' title='bbox 1350 579 1650 633; x_wconf 80' lang='grc' dir='ltr'><em>κατατρυφῶν-</em></span> 
     </span>
     <span class='ocr_line' id='line_1_7' title="bbox 208 635 1651 695; baseline 0.001 -15"><span class='ocrx_word' id='word_1_43' title='bbox 208 653 277 688; x_wconf 83' lang='grc' dir='ltr'><em>τες</em></span> <span class='ocrx_word' id='word_1_44' title='bbox 307 639 381 680; x_wconf 85' lang='grc' dir='ltr'>καί</span> <span class='ocrx_word' id='word_1_45' title='bbox 404 638 478 692; x_wconf 82' lang='grc' dir='ltr'><em>τῆς</em></span> <span class='ocrx_word' id='word_1_46' title='bbox 504 639 587 679; x_wconf 79' lang='grc' dir='ltr'><em>τῶν</em></span> <span class='ocrx_word' id='word_1_47' title='bbox 608 635 869 688; x_wconf 80' lang='grc' dir='ltr'><em>κρατούντων</em></span> <span class='ocrx_word' id='word_1_48' title='bbox 900 638 1164 694; x_wconf 77' lang='grc' dir='ltr'><em>ἠλιθιότητος</em></span> <span class='ocrx_word' id='word_1_49' title='bbox 1190 644 1526 695; x_wconf 81' lang='grc' dir='ltr'><em>καταπαίζοντες,</em></span> <span class='ocrx_word' id='word_1_50' title='bbox 1553 642 1651 692; x_wconf 74' lang='grc' dir='ltr'><em>τούς</em></span> 
     </span>
     <span class='ocr_line' id='line_1_8' title="bbox 207 699 1651 760; baseline 0.002 -14"><span class='ocrx_word' id='word_1_51' title='bbox 207 705 286 756; x_wconf 81' lang='grc' dir='ltr'><em>μὲν</em></span> <span class='ocrx_word' id='word_1_52' title='bbox 308 702 384 751; x_wconf 83' lang='grc' dir='ltr'><em>τὰς</em></span> <span class='ocrx_word' id='word_1_53' title='bbox 419 704 559 756; x_wconf 81' lang='grc' dir='ltr'><strong><em>τιμίας</em></strong></span> <span class='ocrx_word' id='word_1_54' title='bbox 601 699 705 751; x_wconf 71' lang='grc' dir='ltr'><em>ὕλας</em></span> <span class='ocrx_word' id='word_1_55' title='bbox 747 703 1111 759; x_wconf 72' lang='grc' dir='ltr'><em>ἀποφορτίζεσθαι</em></span> <span class='ocrx_word' id='word_1_56' title='bbox 1153 709 1250 760; x_wconf 88' lang='grc' dir='ltr'><em>παρ’</em></span> <span class='ocrx_word' id='word_1_57' title='bbox 1281 709 1448 759; x_wconf 65' lang='grc' dir='ltr'><em>αὐτοῖς,</em></span> <span class='ocrx_word' id='word_1_58' title='bbox 1478 706 1576 756; x_wconf 67' lang='grc' dir='ltr'><em>τούς</em></span> <span class='ocrx_word' id='word_1_59' title='bbox 1604 709 1651 749; x_wconf 86' lang='grc' dir='ltr'><em>δὲ</em></span> 
     </span>
     <span class='ocr_line' id='line_1_9' title="bbox 207 763 1648 827; baseline 0.003 -17"><span class='ocrx_word' id='word_1_60' title='bbox 207 767 467 824; x_wconf 79' lang='grc' dir='ltr'><em>παρεστάναι</em></span> <span class='ocrx_word' id='word_1_61' title='bbox 499 767 871 823; x_wconf 72' lang='grc' dir='ltr'><em>ἀχθοφοροῦντας,</em></span> <span class='ocrx_word' id='word_1_62' title='bbox 902 763 1055 818; x_wconf 69' lang='grc' dir='ltr'><em>ἄλλους</em></span> <span class='ocrx_word' id='word_1_63' title='bbox 1082 772 1303 826; x_wconf 77' lang='grc' dir='ltr'><em>προσιέναι</em></span> <span class='ocrx_word' id='word_1_64' title='bbox 1329 771 1648 827; x_wconf 75' lang='grc' dir='ltr'><em>χρυσαγωγούς,</em></span> 
     </span>
     <span class='ocr_line' id='line_1_10' title="bbox 209 831 1650 894; baseline 0.003 -18"><span class='ocrx_word' id='word_1_65' title='bbox 209 834 346 883; x_wconf 78' lang='grc' dir='ltr'><em>ἐνίους</em></span> <span class='ocrx_word' id='word_1_66' title='bbox 370 835 408 875; x_wconf 88' lang='grc' dir='ltr'><em>δ’</em></span> <span class='ocrx_word' id='word_1_67' title='bbox 436 834 764 884; x_wconf 75' lang='grc' dir='ltr'><em>ἐνσκευάζεσθαι</em></span> <span class='ocrx_word' id='word_1_68' title='bbox 792 833 894 889; x_wconf 87' lang='grc' dir='ltr'><em>πρὸς</em></span> <span class='ocrx_word' id='word_1_69' title='bbox 923 835 998 889; x_wconf 75' lang='grc' dir='ltr'><em>τήν</em></span> <span class='ocrx_word' id='word_1_70' title='bbox 1022 831 1188 891; x_wconf 75' lang='grc' dir='ltr'><em>ἄφιξιν,</em></span> <span class='ocrx_word' id='word_1_71' title='bbox 1216 839 1431 879; x_wconf 70' lang='grc' dir='ltr'><em>καὶτοῦτο</em></span> <span class='ocrx_word' id='word_1_72' title='bbox 1465 840 1650 894; x_wconf 78' lang='grc' dir='ltr'><em>δρᾶσθαι</em></span> 
     </span>
     <span class='ocr_line' id='line_1_11' title="bbox 150 895 1651 959; baseline 0.003 -19"><span class='ocrx_word' id='word_1_73' title='bbox 150 912 198 940; x_wconf 78' lang='lat'><em>10</em></span> <span class='ocrx_word' id='word_1_74' title='bbox 211 898 282 941; x_wconf 79' lang='grc' dir='ltr'><em>διὰ</em></span> <span class='ocrx_word' id='word_1_75' title='bbox 304 896 464 948; x_wconf 88' lang='grc' dir='ltr'><em>παντός.</em></span> <span class='ocrx_word' id='word_1_76' title='bbox 531 895 630 940; x_wconf 81' lang='grc' dir='ltr'><em>ὅθεν</em></span> <span class='ocrx_word' id='word_1_77' title='bbox 650 905 736 949; x_wconf 87' lang='grc' dir='ltr'><em>τοῖς</em></span> <span class='ocrx_word' id='word_1_78' title='bbox 775 903 874 954; x_wconf 76' lang='grc' dir='ltr'><em>περί</em></span> <span class='ocrx_word' id='word_1_79' title='bbox 898 899 972 956; x_wconf 70' lang='grc' dir='ltr'><em>τήν</em></span> <span class='ocrx_word' id='word_1_80' title='bbox 1002 900 1282 955; x_wconf 82' lang='grc' dir='ltr'><em>μεγαλόπολιν</em></span> <span class='ocrx_word' id='word_1_81' title='bbox 1305 907 1535 959; x_wconf 76' lang='grc' dir='ltr'><em>τρυφηλοῖς</em></span> <span class='ocrx_word' id='word_1_82' title='bbox 1563 919 1651 956; x_wconf 82' lang='grc' dir='ltr'><em>χω-</em></span> 
     </span>
     <span class='ocr_line' id='line_1_12' title="bbox 210 963 1651 1023; baseline 0.001 -16"><span class='ocrx_word' id='word_1_83' title='bbox 210 964 316 1019; x_wconf 87' lang='grc' dir='ltr'><em>ρίοις</em></span> <span class='ocrx_word' id='word_1_84' title='bbox 343 963 417 1006; x_wconf 74' lang='grc' dir='ltr'><em>καί</em></span> <span class='ocrx_word' id='word_1_85' title='bbox 447 969 532 1013; x_wconf 84' lang='grc' dir='ltr'><em>τοῖς</em></span> <span class='ocrx_word' id='word_1_86' title='bbox 563 963 691 1020; x_wconf 79' lang='grc' dir='ltr'><em>ἱεροῖς</em></span> <span class='ocrx_word' id='word_1_87' title='bbox 712 966 756 1006; x_wconf 82' lang='grc' dir='ltr'><em>ἐν</em></span> <span class='ocrx_word' id='word_1_88' title='bbox 785 969 1042 1020; x_wconf 81' lang='grc' dir='ltr'><em>Προποντίδι</em></span> <span class='ocrx_word' id='word_1_89' title='bbox 1068 970 1259 1020; x_wconf 83' lang='grc' dir='ltr'><em>τεμένεσι</em></span> <span class='ocrx_word' id='word_1_90' title='bbox 1286 974 1372 1018; x_wconf 83' lang='grc' dir='ltr'><em>τοῖς</em></span> <span class='ocrx_word' id='word_1_91' title='bbox 1391 985 1435 1010; x_wconf 85' lang='grc' dir='ltr'><em>τε</em></span> <span class='ocrx_word' id='word_1_92' title='bbox 1463 973 1651 1023; x_wconf 78' lang='grc' dir='ltr'><em>λαμπρο-·</em></span> 
     </span>
     <span class='ocr_line' id='line_1_13' title="bbox 207 1029 1652 1089; baseline 0.001 -16"><span class='ocrx_word' id='word_1_93' title='bbox 207 1029 344 1078; x_wconf 79' lang='grc' dir='ltr'><em>τάτοις</em></span> <span class='ocrx_word' id='word_1_94' title='bbox 383 1031 612 1079; x_wconf 79' lang='grc' dir='ltr'><em>οἰκοπέδοις</em></span> <span class='ocrx_word' id='word_1_95' title='bbox 646 1032 730 1072; x_wconf 75' lang='grc' dir='ltr'><em>τῶν</em></span> <span class='ocrx_word' id='word_1_96' title='bbox 751 1034 958 1084; x_wconf 81' lang='grc' dir='ltr'><em>βασιλέων</em></span> <span class='ocrx_word' id='word_1_97' title='bbox 995 1031 1214 1088; x_wconf 76' lang='grc' dir='ltr'><em>παραλλάξ</em></span> <span class='ocrx_word' id='word_1_98' title='bbox 1242 1034 1281 1075; x_wconf 82' lang='grc' dir='ltr'><em>οῖ</em></span> <span class='ocrx_word' id='word_1_99' title='bbox 1308 1033 1532 1089; x_wconf 71' lang='grc' dir='ltr'><em>στρατηγοί</em></span> <span class='ocrx_word' id='word_1_100' title='bbox 1558 1036 1652 1089; x_wconf 79' lang='grc' dir='ltr'><em>ἐφι-</em></span> 
     </span>
     <span class='ocr_line' id='line_1_14' title="bbox 208 1092 1652 1153; baseline 0.001 -14"><span class='ocrx_word' id='word_1_101' title='bbox 208 1092 407 1149; x_wconf 81' lang='grc' dir='ltr'><em>στάμενοι</em></span> <span class='ocrx_word' id='word_1_102' title='bbox 423 1128 435 1148; x_wconf 86' lang='grc'><strong><em>,</em></strong></span> <span class='ocrx_word' id='word_1_103' title='bbox 478 1097 551 1137; x_wconf 84' lang='grc' dir='ltr'><em>καί</em></span> <span class='ocrx_word' id='word_1_104' title='bbox 577 1095 692 1151; x_wconf 78' lang='grc' dir='ltr'><em>παρὰ</em></span> <span class='ocrx_word' id='word_1_105' title='bbox 733 1096 914 1152; x_wconf 82' lang='grc' dir='ltr'><em>θάτερον</em></span> <span class='ocrx_word' id='word_1_106' title='bbox 943 1094 1086 1153; x_wconf 77' lang='grc' dir='ltr'><em>ἅτερος</em></span> <span class='ocrx_word' id='word_1_107' title='bbox 1117 1097 1400 1151; x_wconf 80' lang='grc' dir='ltr'><em>ὃπλιζόμενοι,</em></span> <span class='ocrx_word' id='word_1_108' title='bbox 1428 1097 1652 1141; x_wconf 74' lang='grc' dir='ltr'><em>ἐσκύλευόν</em></span> 
     </span>
     <span class='ocr_line' id='line_1_15' title="bbox 208 1159 1782 1220; baseline 0.002 -17"><span class='ocrx_word' id='word_1_109' title='bbox 208 1176 252 1203; x_wconf 88' lang='grc' dir='ltr'><em>τε</em></span> <span class='ocrx_word' id='word_1_110' title='bbox 279 1160 332 1203; x_wconf 76' lang='grc' dir='ltr'><em>τά</em></span> <span class='ocrx_word' id='word_1_111' title='bbox 361 1159 506 1203; x_wconf 78' lang='grc' dir='ltr'><em>ἐνόντα</em></span> <span class='ocrx_word' id='word_1_112' title='bbox 532 1161 606 1203; x_wconf 83' lang='grc' dir='ltr'><strong><em>καί</em></strong></span> <span class='ocrx_word' id='word_1_113' title='bbox 642 1159 750 1203; x_wconf 70' lang='grc' dir='ltr'><em>αὐτὰ</em></span> <span class='ocrx_word' id='word_1_114' title='bbox 779 1164 885 1215; x_wconf 83' lang='grc' dir='ltr'><em>πυρὶ</em></span> <span class='ocrx_word' id='word_1_115' title='bbox 909 1164 1215 1218; x_wconf 83' lang='grc' dir='ltr'><em>παρεδίδοσαν,</em></span> <span class='ocrx_word' id='word_1_116' title='bbox 1247 1164 1490 1218; x_wconf 77' lang='grc' dir='ltr'><em>φειδόμενοι</em></span> <span class='ocrx_word' id='word_1_117' title='bbox 1520 1166 1649 1218; x_wconf 84' lang='grc' dir='ltr'><em>μηδε-</em></span> <span class='ocrx_word' id='word_1_118' title='bbox 1662 1172 1703 1206; x_wconf 87' lang='lat' dir='ltr'><em>V.</em></span> <span class='ocrx_word' id='word_1_119' title='bbox 1717 1185 1782 1220; x_wconf 79' lang='lat'><em>297</em></span> 
     </span>
     <span class='ocr_line' id='line_1_16' title="bbox 150 1225 1650 1284; baseline 0.001 -15"><span class='ocrx_word' id='word_1_120' title='bbox 150 1227 199 1269; x_wconf 85' lang='lat'><em>15</em></span> <span class='ocrx_word' id='word_1_121' title='bbox 213 1225 283 1275; x_wconf 85' lang='grc' dir='ltr'><em>νός</em></span> <span class='ocrx_word' id='word_1_122' title='bbox 309 1229 517 1282; x_wconf 76' lang='grc' dir='ltr'><em>παραλίου</em></span> <span class='ocrx_word' id='word_1_123' title='bbox 547 1225 880 1281; x_wconf 82' lang='grc' dir='ltr'><em>οἰκοδομήματος</em></span> <span class='ocrx_word' id='word_1_124' title='bbox 902 1225 941 1268; x_wconf 83' lang='grc' dir='ltr'><em>οἱ</em></span> <span class='ocrx_word' id='word_1_125' title='bbox 971 1230 1048 1269; x_wconf 78' lang='grc' dir='ltr'><em>τοῦ</em></span> <span class='ocrx_word' id='word_1_126' title='bbox 1073 1230 1206 1270; x_wconf 79' lang='grc' dir='ltr'><em>καλοῦ</em></span> <span class='ocrx_word' id='word_1_127' title='bbox 1234 1225 1456 1283; x_wconf 72' lang='grc' dir='ltr'><em>ἀνέραστοι</em></span> <span class='ocrx_word' id='word_1_128' title='bbox 1484 1245 1650 1284; x_wconf 82' lang='grc' dir='ltr'><em>κηρεσι-</em></span> 
     </span>
     <span class='ocr_line' id='line_1_17' title="bbox 210 1288 1694 1351; baseline 0.004 -19"><span class='ocrx_word' id='word_1_129' title='bbox 210 1290 388 1348; x_wconf 83' lang='grc' dir='ltr'><em>φόρητοι</em></span> <span class='ocrx_word' id='word_1_130' title='bbox 427 1291 648 1347; x_wconf 81' lang='grc' dir='ltr'><em>βάρβαροι.</em></span> <span class='ocrx_word' id='word_1_131' title='bbox 716 1297 889 1334; x_wconf 85' lang='grc' dir='ltr'><em>πλεῖστα</em></span> <span class='ocrx_word' id='word_1_132' title='bbox 930 1293 977 1333; x_wconf 81' lang='grc' dir='ltr'><em>δὲ</em></span> <span class='ocrx_word' id='word_1_133' title='bbox 1013 1288 1091 1334; x_wconf 82' lang='grc' dir='ltr'><em>κᾶν</em></span> <span class='ocrx_word' id='word_1_134' title='bbox 1130 1300 1224 1343; x_wconf 87' lang='grc' dir='ltr'><em>ταῖς</em></span> <span class='ocrx_word' id='word_1_135' title='bbox 1267 1290 1366 1351; x_wconf 79' lang='grc' dir='ltr'><em>ᾗόσι</em></span> <span class='ocrx_word' id='word_1_136' title='bbox 1392 1295 1468 1349; x_wconf 78' lang='grc' dir='ltr'><em>τῆς</em></span> <span class='ocrx_word' id='word_1_137' title='bbox 1493 1293 1694 1343; x_wconf 84' lang='grc' dir='ltr'><em>πόλεωςο</em></span> 
     </span>
     <span class='ocr_line' id='line_1_18' title="bbox 208 1353 1653 1414; baseline 0.001 -15"><span class='ocrx_word' id='word_1_138' title='bbox 208 1359 467 1405; x_wconf 76' lang='grc' dir='ltr'><em>ἐπιπλέοντες</em></span> <span class='ocrx_word' id='word_1_139' title='bbox 492 1357 694 1400; x_wconf 73' lang='grc' dir='ltr'><em>συνίστων</em></span> <span class='ocrx_word' id='word_1_140' title='bbox 715 1355 905 1411; x_wconf 89' lang='grc' dir='ltr'><em>πόλεμον.</em></span> <span class='ocrx_word' id='word_1_141' title='bbox 935 1356 1009 1399; x_wconf 78' lang='grc' dir='ltr'><em>καὶ</em></span> <span class='ocrx_word' id='word_1_142' title='bbox 1041 1353 1093 1413; x_wconf 77' lang='grc' dir='ltr'><em>ἦν</em></span> <span class='ocrx_word' id='word_1_143' title='bbox 1124 1355 1151 1413; x_wconf 81' lang='grc' dir='ltr'><em>ἦ</em></span> <span class='ocrx_word' id='word_1_144' title='bbox 1179 1361 1268 1414; x_wconf 82' lang='grc' dir='ltr'><em>νίκη</em></span> <span class='ocrx_word' id='word_1_145' title='bbox 1296 1358 1531 1412; x_wconf 81' lang='grc' dir='ltr'><em>α’μοιβαδὸν</em></span> <span class='ocrx_word' id='word_1_146' title='bbox 1560 1361 1653 1401; x_wconf 80' lang='grc' dir='ltr'><em>ἐπι-</em></span> 
     </span>
     <span class='ocr_line' id='line_1_19' title="bbox 208 1422 1652 1481; baseline 0.002 -18"><span class='ocrx_word' id='word_1_147' title='bbox 208 1422 417 1476; x_wconf 80' lang='grc' dir='ltr'><em>μειδιῶσά</em></span> <span class='ocrx_word' id='word_1_148' title='bbox 446 1438 542 1466; x_wconf 85' lang='grc' dir='ltr'><em>ποτε</em></span> <span class='ocrx_word' id='word_1_149' title='bbox 586 1425 659 1466; x_wconf 81' lang='grc' dir='ltr'><em>καί</em></span> <span class='ocrx_word' id='word_1_150' title='bbox 679 1423 907 1477; x_wconf 84' lang='grc' dir='ltr'><em>Ῥωμαίοις</em></span> <span class='ocrx_word' id='word_1_151' title='bbox 940 1422 1015 1465; x_wconf 79' lang='grc' dir='ltr'><em>καί</em></span> <span class='ocrx_word' id='word_1_152' title='bbox 1037 1422 1098 1478; x_wconf 74' lang='grc' dir='ltr'><em>μή</em></span> <span class='ocrx_word' id='word_1_153' title='bbox 1138 1427 1303 1466; x_wconf 76' lang='grc' dir='ltr'><em>τιθεῖσα</em></span> <span class='ocrx_word' id='word_1_154' title='bbox 1332 1424 1460 1481; x_wconf 77' lang='grc' dir='ltr'><em>πάντῃ</em></span> <span class='ocrx_word' id='word_1_155' title='bbox 1487 1423 1536 1466; x_wconf 76' lang='grc' dir='ltr'><em>τὰ</em></span> <span class='ocrx_word' id='word_1_156' title='bbox 1567 1427 1652 1467; x_wconf 75' lang='grc' dir='ltr'><em>τῶν</em></span> 
     </span>
     <span class='ocr_line' id='line_1_20' title="bbox 207 1488 1652 1544; baseline -0.001 -13"><span class='ocrx_word' id='word_1_157' title='bbox 207 1489 403 1531; x_wconf 76' lang='grc' dir='ltr'><em>ἐναντίων</em></span> <span class='ocrx_word' id='word_1_158' title='bbox 433 1490 714 1544; x_wconf 83' lang='grc' dir='ltr'><em>α’πρόσμαχα,</em></span> <span class='ocrx_word' id='word_1_159' title='bbox 750 1488 875 1531; x_wconf 81' lang='grc' dir='ltr'><em>ὁπότε</em></span> <span class='ocrx_word' id='word_1_160' title='bbox 899 1488 972 1530; x_wconf 77' lang='grc' dir='ltr'><em>καὶ</em></span> <span class='ocrx_word' id='word_1_161' title='bbox 997 1489 1045 1530; x_wconf 84' lang='grc' dir='ltr'><em>τὸ</em></span> <span class='ocrx_word' id='word_1_162' title='bbox 1074 1491 1262 1544; x_wconf 78' lang='grc' dir='ltr'><em>δημώδες</em></span> <span class='ocrx_word' id='word_1_163' title='bbox 1285 1492 1358 1544; x_wconf 73' lang='grc' dir='ltr'><em>τῆς</em></span> <span class='ocrx_word' id='word_1_164' title='bbox 1385 1489 1543 1538; x_wconf 78' lang='grc' dir='ltr'><em>πόλεως</em></span> <span class='ocrx_word' id='word_1_165' title='bbox 1574 1491 1652 1531; x_wconf 67' lang='lat' dir='ltr'>tiv-</span> 
     </span>
     <span class='ocr_line' id='line_1_21' title="bbox 146 1552 1654 1610; baseline -0.001 -13"><span class='ocrx_word' id='word_1_166' title='bbox 146 1570 199 1597; x_wconf 81' lang='lat'><em>20</em></span> <span class='ocrx_word' id='word_1_167' title='bbox 211 1552 449 1609; x_wconf 86' lang='grc' dir='ltr'><em>δριζόμενοι</em></span> <span class='ocrx_word' id='word_1_168' title='bbox 477 1556 675 1597; x_wconf 80' lang='grc' dir='ltr'><em>ἐνέκειντο</em></span> <span class='ocrx_word' id='word_1_169' title='bbox 693 1553 764 1597; x_wconf 89' lang='grc' dir='ltr'><em>τὸν</em></span> <span class='ocrx_word' id='word_1_170' title='bbox 782 1557 960 1608; x_wconf 77' lang='grc' dir='ltr'><em>βασιλέα</em></span> <span class='ocrx_word' id='word_1_171' title='bbox 990 1553 1232 1607; x_wconf 78' lang='grc' dir='ltr'><em>αἰτούμενοι</em></span> <span class='ocrx_word' id='word_1_172' title='bbox 1259 1552 1534 1609; x_wconf 79' lang='grc' dir='ltr'><em>συνάρασθαί</em></span> <span class='ocrx_word' id='word_1_173' title='bbox 1554 1572 1654 1610; x_wconf 78' lang='grc' dir='ltr'><em>σφι-</em></span> 
     </span>
     <span class='ocr_line' id='line_1_22' title="bbox 209 1618 1653 1674; baseline -0.001 -12"><span class='ocrx_word' id='word_1_174' title='bbox 209 1636 254 1662; x_wconf 90' lang='grc' dir='ltr'><em>σι</em></span> <span class='ocrx_word' id='word_1_175' title='bbox 279 1619 384 1674; x_wconf 79' lang='grc' dir='ltr'><em>μετιὶ</em></span> <span class='ocrx_word' id='word_1_176' title='bbox 411 1622 724 1674; x_wconf 85' lang='grc' dir='ltr'><em>στρατεύματος</em></span> <span class='ocrx_word' id='word_1_177' title='bbox 753 1619 860 1661; x_wconf 82' lang='grc' dir='ltr'><em>κατὰ</em></span> <span class='ocrx_word' id='word_1_178' title='bbox 884 1621 958 1674; x_wconf 80' lang='grc' dir='ltr'><em>τῆς</em></span> <span class='ocrx_word' id='word_1_179' title='bbox 985 1622 1068 1661; x_wconf 71' lang='grc' dir='ltr'><em>τῶν</em></span> <span class='ocrx_word' id='word_1_180' title='bbox 1085 1620 1293 1672; x_wconf 81' lang='grc' dir='ltr'><em>πολεμίων</em></span> <span class='ocrx_word' id='word_1_181' title='bbox 1321 1618 1653 1673; x_wconf 79' lang='grc' dir='ltr'><em>ἆντιμαχήσεως,</em></span> 
     </span>
     <span class='ocr_line' id='line_1_23' title="bbox 210 1680 1653 1740; baseline -0.001 -13"><span class='ocrx_word' id='word_1_182' title='bbox 210 1691 369 1734; x_wconf 81' lang='grc' dir='ltr'><em>πιστοῖς</em></span> <span class='ocrx_word' id='word_1_183' title='bbox 397 1680 492 1727; x_wconf 72' lang='grc' dir='ltr'><em>οὖσι</em></span> <span class='ocrx_word' id='word_1_184' title='bbox 531 1684 605 1727; x_wconf 82' lang='grc' dir='ltr'><em>καί</em></span> <span class='ocrx_word' id='word_1_185' title='bbox 630 1685 914 1739; x_wconf 81' lang='grc' dir='ltr'><em>πατριώταις,</em></span> <span class='ocrx_word' id='word_1_186' title='bbox 955 1683 1070 1740; x_wconf 82' lang='grc' dir='ltr'><em>εἴπερ</em></span> <span class='ocrx_word' id='word_1_187' title='bbox 1097 1684 1155 1739; x_wconf 77' lang='grc' dir='ltr'><em>μὴ</em></span> <span class='ocrx_word' id='word_1_188' title='bbox 1182 1687 1341 1738; x_wconf 80' lang='grc' dir='ltr'><em>χείλεσι</em></span> <span class='ocrx_word' id='word_1_189' title='bbox 1369 1686 1449 1737; x_wconf 83' lang='grc' dir='ltr'><em>μὲν</em></span> <span class='ocrx_word' id='word_1_190' title='bbox 1470 1683 1653 1737; x_wconf 86' lang='grc' dir='ltr'><em>Ῥωμαί-</em></span> 
     </span>
     <span class='ocr_line' id='line_1_24' title="bbox 211 1744 1652 1809; baseline -0.001 -17"><span class='ocrx_word' id='word_1_191' title='bbox 211 1765 276 1800; x_wconf 88' lang='grc' dir='ltr'><em>οις</em></span> <span class='ocrx_word' id='word_1_192' title='bbox 301 1752 574 1807; x_wconf 86' lang='grc' dir='ltr'><em>προστίθεται</em></span> <span class='ocrx_word' id='word_1_193' title='bbox 588 1783 601 1804; x_wconf 88' lang='grc'><strong><em>,</em></strong></span> <span class='ocrx_word' id='word_1_194' title='bbox 629 1753 680 1808; x_wconf 84' lang='grc' dir='ltr'><em>τῇ</em></span> <span class='ocrx_word' id='word_1_195' title='bbox 710 1753 757 1793; x_wconf 80' lang='grc' dir='ltr'><em>δὲ</em></span> <span class='ocrx_word' id='word_1_196' title='bbox 782 1750 935 1809; x_wconf 72' lang='grc' dir='ltr'><em>καρδίᾳ</em></span> <span class='ocrx_word' id='word_1_197' title='bbox 959 1751 1161 1801; x_wconf 88' lang='grc' dir='ltr'><em>Λατίνοις</em></span> <span class='ocrx_word' id='word_1_198' title='bbox 1189 1751 1492 1805; x_wconf 85' lang='grc' dir='ltr'><em>προσνένευκεν.</em></span> <span class='ocrx_word' id='word_1_199' title='bbox 1545 1744 1652 1805; x_wconf 74' lang='grc' dir='ltr'><em>ἦσαν</em></span> 
     </span>
    </p>
   </div>
   <div class='ocr_carea' id='block_1_3' title="bbox 211 1930 1656 2818">
    <p class='ocr_par' dir='ltr' id='par_1_3' title="bbox 211 1930 1656 2818">
     <span class='ocr_line' id='line_1_25' title="bbox 212 1930 1651 1978; baseline -0.001 -11"><span class='ocrx_word' id='word_1_200' title='bbox 212 1935 407 1970; x_wconf 83' lang='lat' dir='ltr'>multorum</span> <span class='ocrx_word' id='word_1_201' title='bbox 433 1934 610 1968; x_wconf 81' lang='lat' dir='ltr'><strong>talentum</strong></span> <span class='ocrx_word' id='word_1_202' title='bbox 634 1939 671 1968; x_wconf 88' lang='lat' dir='ltr'><em>et</em></span> <span class='ocrx_word' id='word_1_203' title='bbox 696 1933 855 1978; x_wconf 82' lang='lat' dir='ltr'>argentei</span> <span class='ocrx_word' id='word_1_204' title='bbox 889 1931 1010 1978; x_wconf 80' lang='lat' dir='ltr'><strong>lychni</strong></span> <span class='ocrx_word' id='word_1_205' title='bbox 1045 1944 1117 1966; x_wconf 89' lang='lat' dir='ltr'><em>una</em></span> <span class='ocrx_word' id='word_1_206' title='bbox 1145 1932 1286 1978; x_wconf 81' lang='lat' dir='ltr'>abrepti</span> <span class='ocrx_word' id='word_1_207' title='bbox 1320 1930 1585 1972; x_wconf 85' lang='lat' dir='ltr'>conflabantur,</span> <span class='ocrx_word' id='word_1_208' title='bbox 1614 1938 1651 1967; x_wconf 82' lang='lat' dir='ltr'><em>et</em></span> 
     </span>
     <span class='ocr_line' id='line_1_26' title="bbox 211 1979 1602 2029; baseline -0.004 -14"><span class='ocrx_word' id='word_1_209' title='bbox 211 1984 320 2029; x_wconf 86' lang='lat' dir='ltr'>plane</span> <span class='ocrx_word' id='word_1_210' title='bbox 340 1981 488 2014; x_wconf 81' lang='lat' dir='ltr'>canibus</span> <span class='ocrx_word' id='word_1_211' title='bbox 511 1981 780 2013; x_wconf 86' lang='lat' dir='ltr'>obiiciebantur</span> <span class='ocrx_word' id='word_1_212' title='bbox 801 1979 906 2013; x_wconf 86' lang='lat' dir='ltr'>rebus</span> <span class='ocrx_word' id='word_1_213' title='bbox 928 1991 1000 2012; x_wconf 91' lang='lat' dir='ltr'><em>non</em></span> <span class='ocrx_word' id='word_1_214' title='bbox 1020 1980 1212 2013; x_wconf 80' lang='lat' dir='ltr'><strong>miscendis</strong></span> <span class='ocrx_word' id='word_1_215' title='bbox 1239 1979 1377 2012; x_wconf 84' lang='lat' dir='ltr'>nefarie</span> <span class='ocrx_word' id='word_1_216' title='bbox 1397 1979 1602 2012; x_wconf 82' lang='lat' dir='ltr'><strong>commistis.</strong></span> 
     </span>
     <span class='ocr_line' id='line_1_27' title="bbox 305 2025 1649 2072; baseline -0.002 -12"><span class='ocrx_word' id='word_1_217' title='bbox 305 2030 337 2072; x_wconf 77' lang='grc'><em>4.</em></span> <span class='ocrx_word' id='word_1_218' title='bbox 385 2028 514 2072; x_wconf 85' lang='lat' dir='ltr'>Neque</span> <span class='ocrx_word' id='word_1_219' title='bbox 538 2034 657 2060; x_wconf 80' lang='lat' dir='ltr'>tamen</span> <span class='ocrx_word' id='word_1_220' title='bbox 681 2027 880 2060; x_wconf 82' lang='lat' dir='ltr'><strong>manifestis</strong></span> <span class='ocrx_word' id='word_1_221' title='bbox 906 2027 1046 2059; x_wconf 88' lang='lat' dir='ltr'>iniuriis</span> <span class='ocrx_word' id='word_1_222' title='bbox 1070 2027 1146 2059; x_wconf 88' lang='lat' dir='ltr'>istis</span> <span class='ocrx_word' id='word_1_223' title='bbox 1166 2027 1359 2071; x_wconf 88' lang='lat' dir='ltr'>quicquam</span> <span class='ocrx_word' id='word_1_224' title='bbox 1382 2025 1649 2071; x_wconf 76' lang='lat' dir='ltr'>proficiebatur.</span> 
     </span>
     <span class='ocr_line' id='line_1_28' title="bbox 212 2072 1652 2120; baseline -0.003 -12"><span class='ocrx_word' id='word_1_225' title='bbox 212 2087 295 2109; x_wconf 87' lang='lat' dir='ltr'><em>nam</em></span> <span class='ocrx_word' id='word_1_226' title='bbox 317 2075 492 2120; x_wconf 87' lang='lat' dir='ltr'>pecuniae</span> <span class='ocrx_word' id='word_1_227' title='bbox 519 2080 701 2107; x_wconf 81' lang='lat' dir='ltr'>exactores</span> <span class='ocrx_word' id='word_1_228' title='bbox 726 2075 963 2106; x_wconf 83' lang='lat' dir='ltr'>Romanorum</span> <span class='ocrx_word' id='word_1_229' title='bbox 994 2073 1217 2118; x_wconf 87' lang='lat' dir='ltr'>simplicitati</span> <span class='ocrx_word' id='word_1_230' title='bbox 1241 2073 1457 2106; x_wconf 86' lang='lat' dir='ltr'>insultantes</span> <span class='ocrx_word' id='word_1_231' title='bbox 1476 2077 1514 2105; x_wconf 85' lang='lat' dir='ltr'><em>et</em></span> <span class='ocrx_word' id='word_1_232' title='bbox 1537 2072 1652 2116; x_wconf 86' lang='lat' dir='ltr'>impe·-</span> 
     </span>
     <span class='ocr_line' id='line_1_29' title="bbox 214 2118 1650 2165; baseline -0.004 -9"><span class='ocrx_word' id='word_1_233' title='bbox 214 2128 373 2156; x_wconf 84' lang='lat' dir='ltr'>ratorum</span> <span class='ocrx_word' id='word_1_234' title='bbox 400 2120 589 2154; x_wconf 82' lang='lat' dir='ltr'>vecordiae</span> <span class='ocrx_word' id='word_1_235' title='bbox 617 2119 814 2153; x_wconf 83' lang='lat' dir='ltr'>illudentes</span> <span class='ocrx_word' id='word_1_236' title='bbox 839 2120 1072 2165; x_wconf 78' lang='lat' dir='ltr'>postulabant</span> <span class='ocrx_word' id='word_1_237' title='bbox 1099 2125 1142 2154; x_wconf 84' lang='lat' dir='ltr'><em>ut</em></span> <span class='ocrx_word' id='word_1_238' title='bbox 1165 2120 1228 2152; x_wconf 88' lang='lat' dir='ltr'>alii</span> <span class='ocrx_word' id='word_1_239' title='bbox 1248 2120 1431 2152; x_wconf 79' lang='lat' dir='ltr'>materiam</span> <span class='ocrx_word' id='word_1_240' title='bbox 1455 2118 1650 2163; x_wconf 82' lang='lat' dir='ltr'>pretiosam</span> 
     </span>
     <span class='ocr_line' id='line_1_30' title="bbox 213 2165 1650 2215; baseline -0.003 -13"><span class='ocrx_word' id='word_1_241' title='bbox 213 2169 312 2215; x_wconf 84' lang='lat' dir='ltr'>apud</span> <span class='ocrx_word' id='word_1_242' title='bbox 335 2179 373 2201; x_wconf 90' lang='lat' dir='ltr'>se</span> <span class='ocrx_word' id='word_1_243' title='bbox 398 2167 638 2213; x_wconf 83' lang='lat' dir='ltr'>deponerent,</span> <span class='ocrx_word' id='word_1_244' title='bbox 666 2167 730 2199; x_wconf 86' lang='lat' dir='ltr'>alii</span> <span class='ocrx_word' id='word_1_245' title='bbox 758 2178 868 2199; x_wconf 83' lang='lat' dir='ltr'>onera</span> <span class='ocrx_word' id='word_1_246' title='bbox 895 2167 1114 2200; x_wconf 80' lang='lat' dir='ltr'>sustinentes</span> <span class='ocrx_word' id='word_1_247' title='bbox 1139 2171 1315 2206; x_wconf 84' lang='lat' dir='ltr'>astarent,</span> <span class='ocrx_word' id='word_1_248' title='bbox 1343 2166 1405 2198; x_wconf 89' lang='lat' dir='ltr'>alii</span> <span class='ocrx_word' id='word_1_249' title='bbox 1432 2166 1510 2198; x_wconf 83' lang='lat' dir='ltr'>auri</span> <span class='ocrx_word' id='word_1_250' title='bbox 1534 2165 1650 2198; x_wconf 85' lang='lat' dir='ltr'>baiuli</span> 
     </span>
     <span class='ocr_line' id='line_1_31' title="bbox 215 2212 1649 2258; baseline -0.003 -10"><span class='ocrx_word' id='word_1_251' title='bbox 215 2215 452 2255; x_wconf 84' lang='lat' dir='ltr'>accederent,</span> <span class='ocrx_word' id='word_1_252' title='bbox 483 2215 544 2247; x_wconf 81' lang='lat' dir='ltr'>alii</span> <span class='ocrx_word' id='word_1_253' title='bbox 580 2225 618 2247; x_wconf 85' lang='lat' dir='ltr'>se</span> <span class='ocrx_word' id='word_1_254' title='bbox 652 2213 697 2246; x_wconf 83' lang='lat' dir='ltr'><em>ad</em></span> <span class='ocrx_word' id='word_1_255' title='bbox 731 2225 908 2246; x_wconf 85' lang='lat' dir='ltr'>accessum</span> <span class='ocrx_word' id='word_1_256' title='bbox 945 2218 1132 2258; x_wconf 88' lang='lat' dir='ltr'>pararent,</span> <span class='ocrx_word' id='word_1_257' title='bbox 1155 2212 1264 2258; x_wconf 86' lang='lat' dir='ltr'>idque</span> <span class='ocrx_word' id='word_1_258' title='bbox 1290 2212 1515 2246; x_wconf 85' lang='lat' dir='ltr'>continenter</span> <span class='ocrx_word' id='word_1_259' title='bbox 1537 2212 1649 2244; x_wconf 66' lang='lat' dir='ltr'>fie&#39;ret.</span> 
     </span>
     <span class='ocr_line' id='line_1_32' title="bbox 214 2258 1649 2304; baseline -0.003 -9"><span class='ocrx_word' id='word_1_260' title='bbox 214 2262 312 2295; x_wconf 81' lang='lat' dir='ltr'>unde</span> <span class='ocrx_word' id='word_1_261' title='bbox 333 2261 488 2294; x_wconf 79' lang='lat' dir='ltr'>hostium</span> <span class='ocrx_word' id='word_1_262' title='bbox 518 2260 624 2294; x_wconf 87' lang='lat' dir='ltr'>duces</span> <span class='ocrx_word' id='word_1_263' title='bbox 665 2260 864 2293; x_wconf 84' lang='lat' dir='ltr'>suburbana</span> <span class='ocrx_word' id='word_1_264' title='bbox 899 2260 1044 2304; x_wconf 86' lang='lat' dir='ltr'>praedia</span> <span class='ocrx_word' id='word_1_265' title='bbox 1069 2260 1312 2292; x_wconf 81' lang='lat' dir='ltr'>amoenissima</span> <span class='ocrx_word' id='word_1_266' title='bbox 1348 2265 1385 2292; x_wconf 90' lang='lat' dir='ltr'><em>et</em></span> <span class='ocrx_word' id='word_1_267' title='bbox 1406 2270 1518 2291; x_wconf 82' lang='lat' dir='ltr'>sacras</span> <span class='ocrx_word' id='word_1_268' title='bbox 1542 2258 1649 2290; x_wconf 82' lang='lat' dir='ltr'>aedes</span> 
     </span>
     <span class='ocr_line' id='line_1_33' title="bbox 214 2305 1650 2354; baseline -0.003 -12"><span class='ocrx_word' id='word_1_269' title='bbox 214 2307 439 2354; x_wconf 85' lang='lat' dir='ltr'>Propontidis</span> <span class='ocrx_word' id='word_1_270' title='bbox 468 2313 506 2341; x_wconf 83' lang='lat' dir='ltr'><em>et</em></span> <span class='ocrx_word' id='word_1_271' title='bbox 530 2306 814 2352; x_wconf 82' lang='lat' dir='ltr'>splendidissima</span> <span class='ocrx_word' id='word_1_272' title='bbox 840 2307 1089 2351; x_wconf 86' lang='lat' dir='ltr'>imperatorum</span> <span class='ocrx_word' id='word_1_273' title='bbox 1112 2307 1267 2351; x_wconf 87' lang='lat' dir='ltr'>palatia,</span> <span class='ocrx_word' id='word_1_274' title='bbox 1291 2306 1353 2339; x_wconf 88' lang='lat' dir='ltr'>alii</span> <span class='ocrx_word' id='word_1_275' title='bbox 1379 2305 1423 2337; x_wconf 92' lang='lat' dir='ltr'>ab</span> <span class='ocrx_word' id='word_1_276' title='bbox 1446 2306 1524 2338; x_wconf 80' lang='lat' dir='ltr'>aliis</span> <span class='ocrx_word' id='word_1_277' title='bbox 1549 2305 1650 2337; x_wconf 86' lang='lat' dir='ltr'>insti-</span> 
     </span>
     <span class='ocr_line' id='line_1_34' title="bbox 216 2351 1649 2400; baseline -0.003 -12"><span class='ocrx_word' id='word_1_278' title='bbox 216 2356 307 2399; x_wconf 81' lang='lat' dir='ltr'>gati,</span> <span class='ocrx_word' id='word_1_279' title='bbox 331 2355 480 2400; x_wconf 85' lang='lat' dir='ltr'>direptis</span> <span class='ocrx_word' id='word_1_280' title='bbox 512 2365 576 2399; x_wconf 87' lang='lat' dir='ltr'><em>per</em></span> <span class='ocrx_word' id='word_1_281' title='bbox 610 2355 704 2388; x_wconf 87' lang='lat' dir='ltr'>vices</span> <span class='ocrx_word' id='word_1_282' title='bbox 728 2354 770 2387; x_wconf 89' lang='lat' dir='ltr'><em>iis</em></span> <span class='ocrx_word' id='word_1_283' title='bbox 792 2364 884 2398; x_wconf 86' lang='lat' dir='ltr'>quae</span> <span class='ocrx_word' id='word_1_284' title='bbox 910 2353 1069 2394; x_wconf 80' lang='lat' dir='ltr'>inerant,</span> <span class='ocrx_word' id='word_1_285' title='bbox 1104 2352 1329 2393; x_wconf 86' lang='lat' dir='ltr'>cremabant,</span> <span class='ocrx_word' id='word_1_286' title='bbox 1361 2352 1454 2385; x_wconf 89' lang='lat' dir='ltr'>nulli</span> <span class='ocrx_word' id='word_1_287' title='bbox 1477 2351 1649 2384; x_wconf 82' lang='lat' dir='ltr'>maritimo</span> 
     </span>
     <span class='ocr_line' id='line_1_35' title="bbox 217 2397 1651 2446; baseline -0.004 -12"><span class='ocrx_word' id='word_1_288' title='bbox 217 2401 381 2435; x_wconf 82' lang='lat' dir='ltr'>aedificio</span> <span class='ocrx_word' id='word_1_289' title='bbox 413 2407 621 2446; x_wconf 84' lang='lat' dir='ltr'>parcentes,</span> <span class='ocrx_word' id='word_1_290' title='bbox 652 2400 815 2434; x_wconf 85' lang='lat' dir='ltr'>homines</span> <span class='ocrx_word' id='word_1_291' title='bbox 846 2399 986 2433; x_wconf 83' lang='lat' dir='ltr'>barbari</span> <span class='ocrx_word' id='word_1_292' title='bbox 1020 2399 1063 2432; x_wconf 84' lang='lat' dir='ltr'>ab</span> <span class='ocrx_word' id='word_1_293' title='bbox 1090 2401 1184 2432; x_wconf 86' lang='lat' dir='ltr'>omni</span> <span class='ocrx_word' id='word_1_294' title='bbox 1212 2399 1389 2444; x_wconf 82' lang='lat' dir='ltr'>elegantia</span> <span class='ocrx_word' id='word_1_295' title='bbox 1424 2399 1532 2431; x_wconf 86' lang='lat' dir='ltr'>alieni</span> <span class='ocrx_word' id='word_1_296' title='bbox 1556 2397 1651 2429; x_wconf 86' lang='lat' dir='ltr'>etin</span> 
     </span>
     <span class='ocr_line' id='line_1_36' title="bbox 221 2446 1652 2492; baseline -0.005 -12"><span class='ocrx_word' id='word_1_297' title='bbox 221 2449 414 2492; x_wconf 82' lang='lat' dir='ltr'>perniciem</span> <span class='ocrx_word' id='word_1_298' title='bbox 437 2448 620 2481; x_wconf 80' lang='lat' dir='ltr'>hominum</span> <span class='ocrx_word' id='word_1_299' title='bbox 639 2449 725 2481; x_wconf 83' lang='lat' dir='ltr'>nati.</span> <span class='ocrx_word' id='word_1_300' title='bbox 749 2447 853 2480; x_wconf 84' lang='lat' dir='ltr'>multi</span> <span class='ocrx_word' id='word_1_301' title='bbox 877 2447 983 2479; x_wconf 85' lang='lat' dir='ltr'>etiam</span> <span class='ocrx_word' id='word_1_302' title='bbox 1006 2446 1142 2479; x_wconf 83' lang='lat' dir='ltr'>urbana</span> <span class='ocrx_word' id='word_1_303' title='bbox 1168 2447 1290 2479; x_wconf 86' lang='lat' dir='ltr'>littora</span> <span class='ocrx_word' id='word_1_304' title='bbox 1314 2446 1472 2489; x_wconf 82' lang='lat' dir='ltr'>legentes</span> <span class='ocrx_word' id='word_1_305' title='bbox 1500 2454 1652 2488; x_wconf 79' lang='lat' dir='ltr'>pugnam</span> 
     </span>
     <span class='ocr_line' id='line_1_37' title="bbox 218 2491 1655 2539; baseline -0.004 -13"><span class='ocrx_word' id='word_1_306' title='bbox 218 2494 380 2535; x_wconf 82' lang='lat' dir='ltr'>ciebant,</span> <span class='ocrx_word' id='word_1_307' title='bbox 406 2495 552 2528; x_wconf 83' lang='lat' dir='ltr'>victoria</span> <span class='ocrx_word' id='word_1_308' title='bbox 575 2506 648 2527; x_wconf 92' lang='lat' dir='ltr'><em>non</em></span> <span class='ocrx_word' id='word_1_309' title='bbox 673 2494 756 2539; x_wconf 88' lang='lat' dir='ltr'>ipsis</span> <span class='ocrx_word' id='word_1_310' title='bbox 786 2499 960 2539; x_wconf 81' lang='lat' dir='ltr'>perpetuo</span> <span class='ocrx_word' id='word_1_311' title='bbox 986 2492 1148 2534; x_wconf 73' lang='lat' dir='ltr'>addicta,</span> <span class='ocrx_word' id='word_1_312' title='bbox 1187 2492 1251 2526; x_wconf 86' lang='lat' dir='ltr'><em>sed</em></span> <span class='ocrx_word' id='word_1_313' title='bbox 1281 2492 1425 2525; x_wconf 87' lang='lat' dir='ltr'>alternis</span> <span class='ocrx_word' id='word_1_314' title='bbox 1453 2491 1557 2523; x_wconf 86' lang='lat' dir='ltr'>etiam</span> <span class='ocrx_word' id='word_1_315' title='bbox 1583 2491 1655 2520; x_wconf 82' lang='lat' dir='ltr'>Ro·-</span> 
     </span>
     <span class='ocr_line' id='line_1_38' title="bbox 220 2535 1655 2586; baseline -0.005 -13"><span class='ocrx_word' id='word_1_316' title='bbox 220 2541 332 2574; x_wconf 87' lang='lat' dir='ltr'>manis</span> <span class='ocrx_word' id='word_1_317' title='bbox 358 2541 551 2586; x_wconf 85' lang='lat' dir='ltr'>aliquando</span> <span class='ocrx_word' id='word_1_318' title='bbox 576 2542 728 2574; x_wconf 80' lang='lat' dir='ltr'>favente.</span> <span class='ocrx_word' id='word_1_319' title='bbox 756 2546 794 2574; x_wconf 85' lang='lat' dir='ltr'><em>et</em></span> <span class='ocrx_word' id='word_1_320' title='bbox 815 2540 970 2573; x_wconf 89' lang='lat' dir='ltr'>urbanus</span> <span class='ocrx_word' id='word_1_321' title='bbox 991 2540 1167 2584; x_wconf 86' lang='lat' dir='ltr'>populus,</span> <span class='ocrx_word' id='word_1_322' title='bbox 1195 2539 1324 2572; x_wconf 85' lang='lat' dir='ltr'>fiducia</span> <span class='ocrx_word' id='word_1_323' title='bbox 1349 2542 1498 2580; x_wconf 81' lang='lat' dir='ltr'>sumpta,</span> <span class='ocrx_word' id='word_1_324' title='bbox 1521 2535 1565 2567; x_wconf 82' lang='lat' dir='ltr'>ab</span> <span class='ocrx_word' id='word_1_325' title='bbox 1589 2535 1655 2567; x_wconf 88' lang='lat' dir='ltr'><em>im-</em></span> 
     </span>
     <span class='ocr_line' id='line_1_39' title="bbox 220 2583 1656 2632; baseline -0.005 -13"><span class='ocrx_word' id='word_1_326' title='bbox 220 2592 385 2632; x_wconf 81' lang='lat' dir='ltr'>peratore</span> <span class='ocrx_word' id='word_1_327' title='bbox 426 2588 619 2631; x_wconf 84' lang='lat' dir='ltr'>postulavit</span> <span class='ocrx_word' id='word_1_328' title='bbox 651 2593 692 2620; x_wconf 89' lang='lat' dir='ltr'><em>ut</em></span> <span class='ocrx_word' id='word_1_329' title='bbox 726 2587 816 2628; x_wconf 79' lang='lat' dir='ltr'>sibi,</span> <span class='ocrx_word' id='word_1_330' title='bbox 855 2587 919 2632; x_wconf 87' lang='lat' dir='ltr'><em>qui</em></span> <span class='ocrx_word' id='word_1_331' title='bbox 945 2585 1072 2620; x_wconf 80' lang='lat' dir='ltr'>fideles</span> <span class='ocrx_word' id='word_1_332' title='bbox 1097 2586 1164 2630; x_wconf 84' lang='lat' dir='ltr'>ipsi</span> <span class='ocrx_word' id='word_1_333' title='bbox 1192 2592 1228 2619; x_wconf 84' lang='lat' dir='ltr'><em>et</em></span> <span class='ocrx_word' id='word_1_334' title='bbox 1250 2584 1438 2630; x_wconf 84' lang='lat' dir='ltr'>populares</span> <span class='ocrx_word' id='word_1_335' title='bbox 1466 2583 1575 2626; x_wconf 88' lang='lat' dir='ltr'>ipsius</span> <span class='ocrx_word' id='word_1_336' title='bbox 1599 2592 1656 2613; x_wconf 78' lang='lat' dir='ltr'>es-</span> 
     </span>
     <span class='ocr_line' id='line_1_40' title="bbox 221 2628 1655 2676; baseline -0.005 -10"><span class='ocrx_word' id='word_1_337' title='bbox 221 2639 321 2673; x_wconf 82' lang='lat' dir='ltr'>sent,</span> <span class='ocrx_word' id='word_1_338' title='bbox 349 2645 427 2666; x_wconf 86' lang='lat' dir='ltr'><em>cum</em></span> <span class='ocrx_word' id='word_1_339' title='bbox 460 2634 615 2670; x_wconf 72' lang='lat' dir='ltr'>exercitu</span> <span class='ocrx_word' id='word_1_340' title='bbox 651 2634 696 2666; x_wconf 88' lang='lat' dir='ltr'><em>ad</em></span> <span class='ocrx_word' id='word_1_341' title='bbox 735 2633 969 2668; x_wconf 83' lang='lat' dir='ltr'>resistendum</span> <span class='ocrx_word' id='word_1_342' title='bbox 1006 2632 1167 2671; x_wconf 75' lang='lat' dir='ltr'>hostibus</span> <span class='ocrx_word' id='word_1_343' title='bbox 1192 2643 1295 2676; x_wconf 87' lang='lat' dir='ltr'>opem</span> <span class='ocrx_word' id='word_1_344' title='bbox 1322 2630 1448 2668; x_wconf 81' lang='lat' dir='ltr'>ferret,</span> <span class='ocrx_word' id='word_1_345' title='bbox 1472 2629 1540 2661; x_wconf 86' lang='lat' dir='ltr'>nisi</span> <span class='ocrx_word' id='word_1_346' title='bbox 1562 2628 1655 2660; x_wconf 76' lang='lat' dir='ltr'>forte</span> 
     </span>
     <span class='ocr_line' id='line_1_41' title="bbox 222 2674 1654 2721; baseline -0.004 -10"><span class='ocrx_word' id='word_1_347' title='bbox 222 2679 326 2712; x_wconf 86' lang='lat' dir='ltr'>labiis</span> <span class='ocrx_word' id='word_1_348' title='bbox 348 2679 519 2712; x_wconf 80' lang='lat' dir='ltr'>duntaxat</span> <span class='ocrx_word' id='word_1_349' title='bbox 542 2681 702 2713; x_wconf 88' lang='lat' dir='ltr'>Romanis</span> <span class='ocrx_word' id='word_1_350' title='bbox 728 2681 879 2721; x_wconf 79' lang='lat' dir='ltr'>faveret,</span> <span class='ocrx_word' id='word_1_351' title='bbox 918 2680 1036 2713; x_wconf 90' lang='lat' dir='ltr'>animo</span> <span class='ocrx_word' id='word_1_352' title='bbox 1058 2690 1141 2712; x_wconf 90' lang='lat' dir='ltr'>vero</span> <span class='ocrx_word' id='word_1_353' title='bbox 1167 2679 1211 2711; x_wconf 88' lang='lat' dir='ltr'><em>ad</em></span> <span class='ocrx_word' id='word_1_354' title='bbox 1236 2676 1378 2710; x_wconf 83' lang='lat' dir='ltr'>Latinos</span> <span class='ocrx_word' id='word_1_355' title='bbox 1402 2674 1654 2719; x_wconf 75' lang='lat' dir='ltr'>propenderet.</span> 
     </span>
     <span class='ocr_line' id='line_1_42' title="bbox 221 2720 1654 2770; baseline -0.005 -11"><span class='ocrx_word' id='word_1_356' title='bbox 221 2737 343 2760; x_wconf 73' lang='lat' dir='ltr'>verum</span> <span class='ocrx_word' id='word_1_357' title='bbox 390 2726 475 2758; x_wconf 81' lang='lat' dir='ltr'>illae</span> <span class='ocrx_word' id='word_1_358' title='bbox 507 2726 764 2770; x_wconf 84' lang='lat' dir='ltr'>postulationes</span> <span class='ocrx_word' id='word_1_359' title='bbox 806 2732 908 2759; x_wconf 85' lang='lat' dir='ltr'>erant</span> <span class='ocrx_word' id='word_1_360' title='bbox 944 2726 1074 2760; x_wconf 79' lang='lat' dir='ltr'>irritae.</span> <span class='ocrx_word' id='word_1_361' title='bbox 1106 2736 1187 2758; x_wconf 87' lang='lat' dir='ltr'><em>nam</em></span> <span class='ocrx_word' id='word_1_362' title='bbox 1223 2729 1259 2756; x_wconf 87' lang='lat' dir='ltr'><em>et</em></span> <span class='ocrx_word' id='word_1_363' title='bbox 1290 2722 1432 2755; x_wconf 80' lang='lat' dir='ltr'>Alexius</span> <span class='ocrx_word' id='word_1_364' title='bbox 1467 2720 1513 2753; x_wconf 89' lang='lat' dir='ltr'>ab</span> <span class='ocrx_word' id='word_1_365' title='bbox 1551 2721 1654 2753; x_wconf 84' lang='lat' dir='ltr'>armis</span> 
     </span>
     <span class='ocr_line' id='line_1_43' title="bbox 222 2767 1656 2818; baseline -0.004 -11"><span class='ocrx_word' id='word_1_366' title='bbox 222 2779 346 2807; x_wconf 81' lang='lat' dir='ltr'>contra</span> <span class='ocrx_word' id='word_1_367' title='bbox 370 2772 514 2807; x_wconf 75' lang='lat' dir='ltr'>Latinos</span> <span class='ocrx_word' id='word_1_368' title='bbox 537 2772 715 2807; x_wconf 74' lang='lat' dir='ltr'>sumendis</span> <span class='ocrx_word' id='word_1_369' title='bbox 734 2771 972 2813; x_wconf 80' lang='lat' dir='ltr'>abhorrebat,</span> <span class='ocrx_word' id='word_1_370' title='bbox 1005 2771 1115 2818; x_wconf 78' lang='lat' dir='ltr'>idque</span> <span class='ocrx_word' id='word_1_371' title='bbox 1160 2770 1288 2804; x_wconf 84' lang='lat' dir='ltr'>inutile</span> <span class='ocrx_word' id='word_1_372' title='bbox 1323 2779 1399 2803; x_wconf 82' lang='lat' dir='ltr'>esse</span> <span class='ocrx_word' id='word_1_373' title='bbox 1422 2767 1570 2813; x_wconf 78' lang='lat' dir='ltr'>putabat</span> <span class='ocrx_word' id='word_1_374' title='bbox 1582 2779 1598 2812; x_wconf 57' lang='grc' dir='ltr'><em>ᾗ,</em></span> <span class='ocrx_word' id='word_1_375' title='bbox 1616 2773 1656 2801; x_wconf 65' lang='lat' dir='ltr'><em>et</em></span> 
     </span>
    </p>
   </div>
  </div>
 </body>
</html>
