1838 3210
461 198 531 237 DE
570 195 826 238 MANUELE
873 194 1138 239 COMNENO
1177 197 1275 238 Lm.
1302 198 1392 237 vn.
1533 175 1643 232 283

198 295 332 344 στεως
346 295 513 336 δικαίαν
531 292 724 348 ἐπιθήσει
740 295 857 347 δίκην
874 295 932 350 τῷ
951 295 1053 335 κατὰ
1071 294 1264 348 Χριστοῦ
1287 295 1434 349 κυρίου
1467 291 1648 347 ἐρυγγά-

200 375 309 402 νοντι
333 359 580 416 βλάσφημα,
605 356 635 414 ἢ
659 360 923 413 κατακριθείς
951 358 1011 408 ὥς
1038 361 1177 414 ἕτερον
1203 356 1390 411 δοξάζων
1417 357 1521 400 ’θεὸν
1544 360 1648 411 παρ’

200 423 249 466 ὃν
280 424 318 467 οἱ
360 427 406 467 ἐκ
446 426 637 481 Χριστοῦ
676 421 926 476 καλούμενοι
964 426 1159 477 σέβονται
1198 423 1545 479 μεταμαθήσεται
1570 423 1646 477 τὴν

200 488 432 546 ἀλήθειαν,
463 493 537 532 καί
556 490 689 544 χάριν
717 488 875 531 εἴσεται
903 491 956 531 ου’
981 488 1138 544 μικρὰν
1166 493 1224 547 τῷ
1250 492 1326 544 τῆς
1353 492 1541 544 χείρονος
1567 489 1648 531 αὖ-

167 555 267 601 5τόν
302 555 611 611 μεταστήσαντι
651 553 773 609 δόξης
801 552 874 596 καί
908 555 1116 609 μυήσαντι
1154 554 1229 610 τήν
1262 553 1483 609 α’λήθειαν.
1539 553 1644 607 paeni

195 621 337 678 βραχύ
370 623 418 663 δὲ’
456 621 532 664 τοῦ
567 617 833 675 πατριάρχου
877 620 936 669 εἷς
966 621 1075 662 θέαν
1112 620 1253 678 ἐκείνῳ
1290 619 1541 674 ἐληλυθότος
1572 622 1647 662 καί

194 686 501 746 κατεπᾴσαντος
522 685 574 729 τὰ
605 683 745 728 εἰκότα
777 689 853 728 τοῦ
877 701 922 728 τε
951 688 1097 739 θυμοῦ·
1122 685 1263 741 ἔληξε,
1293 688 1366 728 καί
1391 687 1450 743 τῷ
1477 687 1645 728 Edam-

194 755 276 811 θίῳ
307 750 554 808 συγγνώμην
583 754 817 806 παρέσχετο
844 753 911 807 ἐφ’
936 748 1000 801 οἷς
1027 753 1373 808 παρεφθέγξατο,
1406 749 1647 801 ἐνδεδωκώς

193 815 312 876 αύτῷ
356 814 434 861 ὅσα
470 818 614 875 ᾑρεῖτο
644 812 1017 872 ἀπολογήσασθαι,
1063 821 1301 860 τελευταῖον
1340 819 1389 860 δὲ
1416 818 1490 858 καί
1517 815 1646 866 αὐτὸς

135 883 375 935 ιοέπειπών
419 884 473 934 ὥς
511 885 609 937 ,,δεῖ
630 898 676 925 σε
717 881 852 939 σοφόν
894 878 996 925 ὄντα
1024 881 1082 938 μὴ
1114 881 1458 938 αἰσχρορρήμονα
1484 883 1646 923 δείκνυ-

190 953 297 994 σθαι
336 951 447 1005 μηδὲ
494 953 805 1005 θρασυστομεῖν
846 951 1152 1004 παρακαιρια.”
1216 948 1287 991 ἐπὶ
1316 950 1362 990 δὲ
1393 946 1556 997 τούτοις
1585 947 1645 997 εἰς

190 1015 332 1071 κοινὴν
365 1017 556 1065 δοθέντος
581 1012 788 1070 ,ἀκρόασιν
817 1016 892 1057 τοῦ
918 1017 1020 1069 περί
1041 1015 1119 1056 τοῦ
1146 1011 1355 1068 δόγματος
1383 1013 1516 1065 τόμον
1534 1045 1547 1066 ,
1572 1011 1680 1054 καίΒ

190 1079 355 1124 πάντων
380 1081 688 1123 ἐπαινεσάντων
715 1078 767 1122 td
795 1081 1062 1135 γεγραμμένα
1102 1077 1159 1130 ὥς
1187 1075 1374 1132 εύσεβιὶῖς
1403 1078 1643 1133 ὄρθοτομη-

190 1150 341 1201 θέντα,
378 1147 451 1189 καί
485 1148 725 1202 περιχαρῶς
759 1147 804 1188 ἐν
835 1142 954 1203 αύτῷ
993 1143 1240 1200 ὑπογράψαι
1269 1147 1585 1198 καταθεμένων,
1616 1143 1640 1186 ὅ

131 1215 179 1256 15
191 1211 392 1268 σύλλογος
420 1214 642 1255 διελέλυτο.
699 1215 774 1255 καί
805 1211 843 1254 οἱ
869 1213 948 1266 μὲν
973 1212 1163 1269 α’πῄεσαν
1198 1207 1473 1266 ἀγαλλόμενοι
1505 1209 1562 1259 ὥς
1587 1211 1643 1267 τῇ

189 1279 319 1336 οἰκείᾳ
345 1275 530 1321 ἐνοτοῖσει
554 1276 627 1320 τὸν
652 1280 830 1332 βασιλέα
857 1277 1114 1333 νενικηκότες
1132 1294 1142 1305 ·
1175 1276 1196 1318 ὁ
1227 1278 1273 1319 δὲ
1304 1274 1474 1330 ἔχαιρεν
1506 1274 1564 1326 ὥς
1590 1278 1642 1333 τῇ

186 1341 345 1387 ἐαυτοῦ
359 1346 671 1394 καθυποκλίνας
684 1343 860 1395 τούτους
873 1346 1017 1401 βουλῇ,
1041 1342 1114 1385 καί
1130 1341 1248 1397 σχών
1269 1343 1339 1384 διὰ
1350 1342 1639 1396 βραχυλογίας

187 1406 318 1467 οὗπερ
351 1408 421 1453 διὰ
452 1411 531 1453 τοῦ
554 1411 809 1464 πολυστίχου
842 1410 1044 1466 πρότερον
1068 1407 1200 1462 τόμου
1224 1410 1421 1461 ου’δαμαῖς
1449 1410 1633 1463 ἐφίκετο.

185 1474 293 1519 κατὰ
324 1477 373 1518 δὲ
398 1473 475 1531 τῆν
492 1478 586 1529 μετ’
615 1477 775 1531 ἐκείνην
802 1475 965 1531 ἡμέραν
997 1476 1057 1525 εἷς
1083 1473 1161 1530 τὴν
1187 1473 1498 1530 πατριαρχικην
1522 1470 1637 1516 ἐστι’-

122 1556 174 1583 20
186 1558 238 1583 αν
277 1540 304 1597 ἦ
346 1540 520 1590 σύνοδος
561 1542 866 1596 ἀθροισθεῖσα,
911 1540 1025 1590 ὅπως
1066 1540 1170 1583 κατὰ
1211 1539 1262 1583 τὰ
1293 1541 1632 1596 συμφωνηθέντα

184 1598 397 1663 δράσωσιν
436 1603 545 1663 (ἅμα
582 1605 663 1663 γὰρ
693 1608 748 1664 ἕῳ
776 1609 971 1663 παρῆσαν
1000 1605 1040 1648 οἱ
1077 1607 1124 1648 ἐκ
1148 1607 1357 1660 βασιλέως
1386 1603 1543 1653 αὐτούς
1573 1605 1633 1654 εἷς
1645 1611 1685 1645 V.
1705 1611 1770 1647 116

183 1674 259 1715 ἕνα
286 1673 523 1727 α’θροισμόν
561 1675 916 1730 συναγείροντες),
955 1671 994 1715 οἶ
1023 1674 1063 1714 δ’
1098 1673 1230 1714 οὕκέτ’
1273 1667 1382 1726 ἦσαν
1418 1669 1456 1712 οἱ
1485 1670 1631 1723 αὐτοί,

185 1736 279 1779 ἄλλ’
305 1738 500 1780 ἀνένευον
525 1737 678 1787 πάντες
707 1736 832 1780 πάλιν
872 1737 946 1779 καί
970 1737 1199 1792 ἀπεπήδων
1231 1736 1290 1786 ὥς
1316 1736 1366 1794 τῇ
1394 1736 1631 1792 ὑπηγορευ-

184 1805 287 1861 μένῃ
313 1805 459 1860 γραφῇ
486 1801 547 1845 ἔτι
574 1804 818 1858 ἐγκειμένων
855 1805 1125 1859 ἐπιληψίμων
1157 1800 1359 1859 ῥημάτων
1385 1803 1530 1856 τινῶν,
1557 1800 1668 1844 καίῦ

275 1917 309 1949 8.
333 1926 422 1960 παρ.
451 1909 586 1961 οἷσπερ
610 1915 821 1961 ἐφθέγξατο
843 1917 884 1950 Α.
982 1938 986 1941 -
1008 1916 1060 1952 16.
1086 1915 1307 1957 νικήσαντες
1327 1915 1367 1948 A.
1484 1923 1541 1949 20.
1565 1925 1631 1948 xa-

274 1957 323 1996 τὰ
349 1964 630 2009 συμφωνοῦντα
653 1963 693 1996 Α.
811 1964 869 1998 23.
894 1961 1200 2010 ὕπαγορευθείσῃ
1224 1964 1359 2009 γραφῇ
1384 1962 1450 1995 καὶ
1472 1961 1529 1997 ἔτι
1545 1962 1586 1995 A.

183 2062 356 2103 sentiret,
381 2073 419 2096 se
445 2063 556 2096 iustas
579 2074 714 2108 poenas
740 2062 785 2096 ‹le
820 2073 864 2096 eo
893 2067 1144 2108 sumpturum,
1170 2063 1235 2108 qui
1262 2063 1525 2096 contumeliosa
1548 2074 1631 2096 ver-

183 2110 230 2144 ba
257 2110 294 2143 in
319 2115 466 2142 unctum
491 2109 629 2143 domini
654 2110 832 2151 effutiret3
857 2115 943 2151 aut,
970 2110 999 2143 si
1028 2110 1286 2143 condemnatus
1310 2115 1406 2143 esset
1431 2110 1535 2155 quasi
1562 2110 1630 2143 ali-

183 2169 243 2190 um
267 2167 375 2201 quam
388 2156 584 2190 Christiani
609 2156 717 2190 deum
740 2157 886 2197 coleret,
903 2157 1095 2190 veritatem
1119 2157 1213 2190 velle
1238 2157 1389 2198 discere,
1414 2162 1452 2190 et
1477 2157 1628 2201 gratiam

183 2204 218 2236 ei
243 2214 317 2236 non
340 2215 485 2247 parvam
511 2203 740 2244 habiturum,
768 2204 832 2248 qui
858 2202 929 2237 sibi
954 2215 1110 2237 errorem
1140 2204 1350 2237 extorsisset
1377 2209 1414 2237 et
1438 2203 1630 2237 veritatem

182 2250 407 2295 explicasset.
430 2250 539 2294 paulo
559 2255 642 2295 post
662 2250 865 2296 patriarcha
892 2250 931 2283 iu
964 2251 1042 2284 eius
1071 2256 1303 2295 conspectum
1325 2251 1445 2291 venit,
1474 2256 1511 2284 et
1535 2262 1631 2296 quae

184 2307 239 2330 res
266 2296 477 2341 postulabat
500 2297 642 2330 locutus
659 2322 669 2338 ,
709 2297 829 2330 effecit
867 2301 908 2330 ut
937 2297 1126 2331 iracundia
1149 2298 1291 2342 placata
1314 2298 1455 2330 veniam
1481 2297 1631 2331 habitae

182 2343 357 2377 orationis
389 2348 427 2376 et
465 2343 686 2382 defendendi
725 2344 781 2376 sui
811 2349 1028 2388 potestatem
1053 2345 1370 2378 Thessalonicensi
1395 2344 1517 2385 daret,
1547 2356 1630 2378 cum

182 2388 251 2422 hac
274 2395 395 2423 tamen
419 2391 674 2434 castigatione,
711 2396 878 2436 oportere
903 2402 983 2424 eum
998 2417 1008 2432 ,
1043 2397 1084 2425 ut
1103 2392 1221 2425 virum
1244 2392 1466 2436 sapientem,
1491 2391 1537 2424 ab
1562 2391 1630 2424 ob-

182 2437 383 2470 scoenitate
407 2437 597 2470 verborum
629 2436 700 2469 sibi
730 2442 954 2482 temperare,
983 2449 1051 2470 nec
1089 2439 1230 2471 effutire
1254 2444 1389 2472 temere
1414 2449 1509 2484 quae
1533 2438 1629 2471 nihil

183 2481 232 2514 ad
257 2493 331 2515 rem
352 2483 586 2528 pertinerent.
611 2489 736 2528 postea
763 2495 843 2516 cum
868 2484 1041 2529 scriptum
1066 2484 1111 2518 ‹le
1138 2496 1180 2517 eo
1207 2484 1373 2530 dogmate
1397 2485 1545 2530 publice
1570 2496 1628 2517 re-

183 2529 378 2570 citaretur,
409 2535 446 2563 et
470 2529 516 2562 ab
553 2530 720 2563 omnibus
748 2536 790 2564 ut
811 2531 872 2575 pie
909 2531 1126 2576 explicatum
1153 2532 1380 2572 laudaretur,
1405 2543 1443 2564 se
1469 2532 1630 2564 libenter

182 2573 445 2620 subscripturos
477 2576 758 2620 pollicentibus,
793 2577 983 2610 consilium
1010 2584 1066 2611 est
1102 2578 1300 2612 dimissum.
1328 2590 1368 2612 ac
1394 2579 1450 2611 illi
1475 2577 1630 2611 abibant

183 2620 291 2662 laeti,
330 2622 428 2666 quod
453 2622 702 2656 adversatione
743 2634 807 2657 sua
834 2624 1087 2669 imperatorem
1112 2626 1303 2660 vicissent:
1330 2626 1359 2658 is
1383 2636 1467 2658 vero
1492 2623 1630 2668 gaude-

171 2667 270 2708 ·bat,
306 2667 404 2712 quod
440 2678 500 2702 eos
525 2669 572 2702 ad
607 2681 707 2702 suam
741 2671 962 2704 voluntatem
992 2671 1180 2714 flexisset,
1220 2683 1263 2705 ac
1298 2672 1421 2717 paucis
1445 2670 1564 2704 verbis
1587 2669 1628 2703 id

175 2719 398 2746 ·c0nsec11tus
422 2720 515 2748 esset
540 2715 639 2760 quod
662 2721 768 2750 antea
793 2717 946 2751 verboso
973 2719 1106 2764 scripto
1129 2719 1322 2763 impetrare
1349 2728 1421 2750 non
1437 2715 1625 2761 potuisset.

183 2759 359 2807 postridie
384 2760 576 2802 concilium
598 2762 712 2809 prima
738 2763 819 2797 luce
846 2764 946 2798 iusm
971 2765 1198 2812 imperatoris
1218 2765 1256 2799 in
1271 2762 1495 2811 patriarchae
1524 2762 1625 2798 aedi-
