1878 3230
247 191 357 258 540
651 205 878 248 NlcETAE
918 204 1230 250 cuoNrATAE

242 308 414 361 κάμψας
445 306 502 355 εἷς
532 306 631 359 γῆν,
664 303 708 346 εἴ
730 320 769 346 τι
796 306 1027 360 βιωφελές,
1057 302 1101 345 εἴ
1130 319 1171 345 τι
1197 305 1349 357 ψυχῶν
1376 303 1594 359 σωτήριον,
1626 308 1672 349 ἐκ

242 376 318 415 τοῦ
340 375 423 413 τῶν
450 367 558 411 ὅλων
586 369 806 425 κηδεμόνος
834 370 939 411 θεοῦ
957 368 1030 411 καὶ
1053 367 1210 424 πατρὸς
1232 369 1559 424 ἑπικαταπτῆναι
1580 373 1671 412 τού-

242 453 330 486 τοις
354 436 585 488 ἱκέτευσεν,
616 434 802 477 ἐπειπών·
829 434 885 483 ὥς
912 437 951 477 εἰ
978 437 1248 488 Χριστιανοῖς
1275 436 1476 484 τοιούτοις
1503 436 1675 490 ἐνευθη·

241 508 350 543 νεῖτο
379 500 644 555 ἦ“Ρωμαι”ων
667 502 722 554 γῆ
749 502 821 542 καί
840 497 1111 553 εὐγνωμόνως
1138 495 1248 540 οὕτω
1268 498 1367 549 τούς
1391 501 1465 542 τοῦ
1485 503 1675 555 Χριστοῦ

114 576 148 608 Ρ.
161 576 226 620 264
239 566 411 614 ὁπλίτας
436 566 797 618 καθυπεδέχοντο,
834 564 1015 606 κάκεῖνοι
1053 563 1124 606 τὸν
1164 563 1461 620 ἐπιφερόμενον
1500 567 1713 611 πλοῦτον5

236 632 382 687 σφίσιν
408 631 627 686 ἀγαπηταῖς
652 631 925 672 ἐδεδώκεισαν
955 625 1026 682 ἄν,
1058 628 1109 670 τά
1140 628 1356 684 ἐπιτήδεια
1385 631 1471 683 μετ’
1507 628 1674 685 εἰρήνης

234 698 504 751 παρέχοντες,
529 696 601 738 καί
627 694 753 741 αύτοί
777 694 825 738 τὰ
857 692 955 750 ὅρια
979 694 1204 748 ζΡωμαίων
1229 693 1359 736 πάλαι
1386 694 1672 751 παρήλθοσαν,

234 762 467 814 ἀγεύστους
497 763 766 816 Χριστιανῶν
802 762 975 814 αἵματος
1012 759 1084 802 καί
1122 758 1334 810 ὖπνούσας
1378 760 1450 803 ἐπὶ
1492 763 1673 803 κουλεῶν

233 826 310 876 τὰς
337 826 491 881 λόγχας
523 828 730 883 φέροντες.

338 891 575 946 Ἀψάμενοι
603 894 649 935 δὲ
677 895 751 947 τῆς
779 888 866 935 ἄνω
896 896 1066 947 πορείας
1096 894 1195 934 ου’ὃὲ
1232 891 1328 942 τούς
1361 892 1571 948 Τούρκους
1601 889 1738 939 sil-10

235 973 380 1012 ρισκον
406 955 540 1013 ἧπίως
582 959 724 1007 αὐτοῖς
761 960 1149 1014 προσφερομένους,
1190 957 1299 999 ἀλλὰ
1337 961 1410 1000 καί
1445 952 1561 1001 οὗτοι
1596 957 1673 1013 τὴν

235 1024 408 1065 ἐνώπιον
437 1023 577 1078 μάχην
604 1024 852 1072 ἐκκλίνοντες
879 1022 1098 1079 ἐλῄστευον
1118 1020 1198 1078 ὅπη
1225 1025 1326 1064 ποτὲ
1352 1021 1514 1077 ἴσχυον,
1537 1025 1674 1065 καίτοι

229 1086 453 1141 Ῥωμαίοις
483 1089 546 1131 ἐπ’
574 1087 667 1143 ἴσης
695 1092 945 1142 συνθέμενοι
975 1087 1043 1140 διὰ
1083 1091 1158 1143 τῆς
1181 1090 1326 1144 χώρας
1353 1091 1472 1145 σφῶν
1502 1087 1674 1137 τούτους

237 1153 429 1207 ἀμαχητὶ
455 1157 704 1208 παρελθεῖν,
729 1157 802 1196 καί
832 1154 966 1196 πάντα
993 1152 1245 1208 χορηγήσειν
1273 1153 1435 1196 ὁπόσων
1465 1152 1504 1195 οἱ
1542 1169 1673 1209 παρο-

236 1220 424 1268 δεύοντες
447 1221 670 1275 χρῄζουσι.
728 1221 799 1261 καί
822 1215 875 1274 ἦν
908 1215 961 1261 ἄν
990 1219 1042 1259 ού
1065 1217 1173 1274 πρὸς
1199 1221 1328 1262 κακοῦ
1355 1218 1427 1260 καί
1451 1219 1605 1274 αὐτοῖς,
1635 1220 1676 1262 εἰ
1689 1225 1737 1266 15

233 1283 310 1334 τὰς
346 1284 556 1339 συνθήκας
586 1283 818 1339 ἐτήρησαν·
877 1286 953 1326 νῦν
983 1285 1021 1325 δ’
1050 1285 1188 1326 ἐλπίσι
1216 1289 1352 1332 κεναῖς
1377 1284 1673 1340 κουφιζόμενοι

195 1348 339 1404 Βπρὸς
366 1352 579 1404 προῦπτον
607 1348 908 1404 ἦρρενιόθησαν
935 1348 1126 1402 πόλεμον.
1182 1351 1240 1405 τῷ
1280 1364 1344 1390 τοι
1382 1349 1455 1391 καί
1491 1348 1588 1403 περὶ
1623 1348 1668 1391 τό

104 1419 218 1465 V.217
233 1413 409 1469 κάστρον
439 1414 483 1456 τὸ
512 1414 732 1468 λεγόμενον
772 1416 1018 1466 Φιλομίλιον
1054 1412 1387 1469 συγκεκροτηκώς
1426 1413 1605 1467 πόλεμον
1649 1413 1673 1456 ὅ

233 1479 309 1535 ῥήξ
334 1479 440 1532 μετὰ
468 1482 550 1521 τῶν
577 1481 739 1521 παίδων
766 1482 840 1521 τοῦ
865 1479 1063 1528 Ἰκονιὲως
1091 1479 1336 1532 σουλτοὶνου,
1371 1481 1514 1532 οἵτινες
1542 1480 1671 1521 αύτὸν

231 1547 310 1587 τοῦ
335 1541 479 1599 ἄρχειν
506 1544 579 1587 καί
601 1543 845 1597 βασιλεύειν
884 1546 1124 1600 παρέλυσαν
1153 1547 1226 1587 καί
1254 1545 1328 1587 τοῦ
1355 1544 1529 1587 Ἰκονίου
1569 1545 1669 1590 α’πε-
1683 1565 1735 1590 20

232 1610 415 1662 ὤσαντο,
444 1610 519 1663 τήν
546 1612 751 1665 προτέραν
782 1609 985 1665 πατρικήν
1015 1612 1238 1665 εύκληρίαν
1277 1612 1338 1658 εἰς
1368 1613 1500 1665 γῆρας
1539 1626 1670 1663 μετα-

232 1678 402 1726 θέμενοι
434 1675 677 1728 δύσδαιμον,
712 1674 868 1723 αύτούς
895 1691 940 1716 τε
973 1675 1106 1731 ῥᾷστα
1139 1676 1346 1730 ἐτρέψατο
1375 1674 1447 1716 καὶ
1472 1674 1515 1716 τὸ
1541 1677 1669 1716 Φιλο-

229 1740 368 1791 μίλιον
398 1742 674 1800 πολιορκήσας
702 1741 937 1794 ἐνέπρησεν.
995 1739 1100 1782 daie}
1132 1742 1204 1782 καί
1234 1739 1337 1782 κατὰ
1367 1738 1412 1782 τὸ
1452 1737 1670 1795 λεγόμενον

327 1867 376 1890 12.
406 1857 543 1899 καίπερ
563 1860 640 1893 τοῖς
665 1855 850 1902 ρωμαίοις
867 1856 903 1889 Α.
961 1857 1011 1892 13.
1037 1855 1206 1903 τούτους]
1233 1856 1397 1893 ἐκείνους
1423 1855 1565 1902 ἀμαχεὶ
1592 1867 1665 1890 πα-

322 1901 571 1946 ρελεύσεσθαι
599 1903 637 1935 Α.
715 1904 764 1938 18-
791 1902 996 1947 λεγόμενον
1021 1912 1078 1934 om
1101 1905 1140 1935 A.
1216 1913 1264 1947 ¹9·
1290 1900 1451 1938 σουλιάν
1473 1905 1511 1936 Α.
1606 1915 1661 1939 21.

320 1951 580 1994 μεταθέμενον
603 1949 642 1981 A.
739 1950 793 1984 23.
821 1959 859 1982 π.
890 1947 1071 1993 ἀνέτρεψε
1098 1950 1158 1982 καὶ
1183 1949 1387 1994 ἐνέπρησεν
1413 1950 1452 1983 Α.

231 2069 273 2102 ut
300 2065 475 2109 quiequid
501 2066 596 2099 vitae
621 2065 829 2110 prodesset,
855 2065 1030 2110 quicquid
1057 2066 1183 2098 animis
1212 2065 1364 2099 salutem
1389 2067 1554 2106 afferret,
1578 2066 1616 2101 id
1642 2078 1664 2099 a

230 2111 468 2154 gubernatore
497 2112 738 2148 universitatis
758 2112 827 2144 deo
851 2118 951 2157 patre
974 2112 1047 2144 illis
1061 2111 1293 2151 tribueretur,
1313 2112 1380 2146 hac
1403 2111 1542 2145 adiecta
1565 2112 1664 2144 clau-

229 2157 309 2191 sula
325 2182 334 2197 ‚
360 2158 390 2189 si
415 2159 593 2190 Romanae
621 2159 826 2202 provinciae
853 2159 1066 2192 Christianis
1089 2158 1295 2193 huiusmodi
1321 2158 1489 2193 florerent
1511 2163 1548 2190 et
1572 2158 1664 2191 adeo

228 2203 384 2246 benigne
410 2203 543 2241 Christi
567 2204 701 2239 milites
725 2206 970 2249 susciperent,
998 2216 1035 2237 se
1062 2208 1099 2237 et
1125 2204 1201 2236 illis
1230 2214 1316 2248 opes
1344 2215 1431 2248 quas
1456 2203 1666 2240 attulissent

229 2249 387 2283 libenter
411 2249 522 2282 fuisse
551 2249 717 2291 daturos,
741 2256 939 2284 commeatu
964 2256 1092 2295 pacate
1117 2254 1285 2294 accepim,
1312 2255 1348 2282 et
1372 2250 1460 2282 fines
1486 2251 1664 2283 Romano-

229 2307 307 2328 rum
332 2295 544 2339 iampridem
569 2297 679 2331 fuisse
704 2298 917 2331 transituros
933 2323 943 2338 ,
970 2297 1082 2330 hastis
1107 2297 1242 2332 nullius
1271 2295 1466 2332 Christiani
1489 2297 1662 2341 sanguine

229 2342 491 2375 contaminatis.

321 2387 410 2421 Cum
434 2388 542 2421 altius
568 2388 826 2429 ascenderent,
847 2399 914 2421 nec
942 2389 1078 2421 Turcos
1103 2388 1277 2432 benignos
1301 2391 1385 2420 sunt
1409 2388 1564 2432 experti:
1597 2388 1663 2424 sed

230 2438 268 2467 et
293 2434 333 2467 hi
359 2439 519 2478 apertam
542 2445 695 2478 pugnam
720 2435 942 2468 declinantes
967 2434 1164 2468 latrociniis
1190 2445 1270 2473 eos,
1303 2433 1365 2468 ubi
1391 2439 1582 2478 poterant,
1604 2435 1662 2467 in-

229 2481 437 2521 festabant‚
463 2491 668 2525 quanquam
693 2492 808 2525 aeque
834 2486 874 2513 ut
898 2481 1071 2520 Romani,
1106 2481 1220 2524 pacti,
1247 2480 1276 2512 si
1312 2479 1448 2525 absque
1484 2481 1661 2513 maleficio

228 2528 441 2568 transirent,
479 2538 515 2559 se
553 2527 604 2559 eis
645 2528 764 2563 omnia
798 2537 890 2571 quae
924 2527 1169 2570 praetereunti
1207 2527 1382 2561 exercitui
1416 2532 1535 2560 essent
1572 2538 1664 2571 opus

230 2573 534 2618 suppeditaturus.
559 2584 599 2605 ac
629 2584 714 2607 sane
740 2574 790 2605 eis
830 2583 976 2617 quoque
1011 2573 1225 2616 profuisset,
1263 2573 1294 2605 si
1318 2573 1432 2617 pactis
1467 2573 1661 2607 stetissent.

229 2632 326 2655 nunc
352 2620 451 2652 inani
487 2630 548 2664 spe
574 2620 660 2652 elati
685 2620 723 2652 in
755 2625 917 2663 apertum
950 2618 1086 2651 bellum
1125 2624 1329 2662 eruperunt.
1367 2619 1490 2663 itaque
1527 2630 1589 2652 rex
1615 2619 1662 2653 ad

231 2671 385 2699 castrum
411 2666 660 2701 Philomelium
683 2666 820 2710 praelio
845 2677 923 2698 cum
947 2665 1143 2698 Iconiensis
1163 2665 1303 2701 Sultani
1329 2666 1454 2698 liberis
1473 2666 1660 2700 commisso

231 2714 353 2757 (quem
389 2724 496 2756 regno
527 2719 648 2756 erepto
676 2713 798 2746 Iconio
827 2712 1064 2756 expulerunt,
1103 2712 1254 2756 pristina
1293 2713 1369 2744 eius
1409 2712 1583 2745 felicitate
1622 2713 1662 2746 in

231 2770 475 2798 aerumnosam
511 2763 729 2794 senectutem
765 2759 916 2805 mutata)
952 2770 1030 2792 cum
1057 2758 1153 2804 ipsos
1189 2757 1294 2793 facile
1329 2758 1552 2804 profligavit,
1584 2763 1661 2792 tum
