1838 3210
233 173 249 206 1
263 154 335 218 34
654 168 880 209 ΝιοΕΤΑΕ
929 164 1238 206 cuoNiA'rAE

220 283 316 320 γας,
347 271 419 308 καί
447 266 567 316 δόξας
596 260 707 314 ἄξιον
739 265 850 317 νίκης
874 261 982 316 ἔχειν
998 260 1189 317 στρατόν,
1219 266 1302 308 τοῖς
1325 256 1520 315 Οὔγγροις
1541 277 1646 312 συμ-

221 334 423 373 πλέκεται.
493 332 563 370 καί
606 326 709 381 πρὸς
740 326 878 380 βραχὺ
909 329 985 380 μὲν
1011 325 1317 380 κατηγωνίσατο
1346 324 1391 366 τό
1423 327 1614 377 πολέμιον
1635 342 1643 351 ·

223 397 539 448 ἐπαναστραφὲν
566 395 612 434 δὲ
633 392 687 440 ὥς
716 393 973 441 α’συντάκτως
1001 391 1080 433 ὑπὸ
1103 389 1319 443 Ῥωμαίων
1346 387 1648 441 καταδιωκὸμεο

119 467 152 498 P.
166 467 211 500 68
223 475 315 512 νον,
345 458 370 499 ὃ
397 461 602 499 πέπονθεν
632 455 783 512 ἔδρασε
819 457 1109 512 γενναιότερον.
1162 453 1359 509 βασιλεὺς
1384 456 1520 496 τοίνυν
1552 454 1648 495 ἐνω-

220 522 433 576 τισάμενος
452 524 585 563 ταῦτα
610 521 686 576 τήν
702 524 832 563 ἐκεῖσε
852 523 1022 576 πορείαν
1048 522 1261 573 ἐπέτεινεν,
1288 517 1331 560 εἴ
1349 535 1435 567 πως
1460 517 1497 560 οἱ
1512 521 1687 571 Halo-5

220 604 287 636 νες
319 584 418 641 πρὸς
445 587 517 640 τὴν
535 583 668 628 αὐτοῦ
695 589 1042 641 διαταραχθέντες
1072 582 1214 641 ἄφιξιν
1242 586 1321 627 τῶν
1349 586 1476 626 ἐκεῖθι
1499 584 1651 637 χωρῶν

220 652 526 693 ἀπανασταῖεν·
594 649 619 692 ὃ
658 649 731 693 καί
755 646 863 705 ἦσαν
905 648 1255 706 διαπραξάμενοι,
1293 650 1650 702 συμβιβασθέντες

217 716 321 768 μετὰ
348 718 423 758 τοῦ
447 719 675 769 βασιλέως,
702 715 758 764 ὥς
799 716 821 756 ὃ
861 714 1002 770 καιρὸς
1035 715 1124 757 τότε
1150 713 1315 756 ἔδωκεν.
1370 712 1495 762 αὐτὸς
1521 713 1567 753 δὲ·
1595 710 1651 761 ὥς

219 778 307 834 εἶχε
344 780 395 822 τὰ
439 780 542 822 κατὰ
584 783 871 836 Βρανίτζοβαν
910 781 984 821 καί
1025 782 1248 835 Βέλγραδα
1293 777 1651 833 καταστησάμενος

218 843 440 899 πράγματα
450 879 461 898 ,
489 847 548 893 εἰς
577 845 653 900 τὴν
679 847 879 898 βασιλίδα
910 842 1030 886 πόλιν
1058 850 1320 900 μετασκηνοῖ.
1670 857 1715 881 10

332 912 495 952 Ου’κοῦν
513 913 585 952 καί
601 913 683 952 τῶν
705 911 915 962 δυσμικῶν
930 911 1096 964 ἐχθρῶν
1111 908 1402 963 ἠρεμησάντων
1421 909 1491 951 ἐπὶ
1507 907 1646 962 βραχύ

220 977 271 1016 δι’
294 975 512 1028 ὁμολογίας
529 974 602 1017 καί
622 974 868 1030 φιλιώσεως,
898 977 969 1015 καί
993 976 1154 1028 μηδένα
1171 973 1279 1027 ἔχων
1302 977 1359 1030 τῷ
1375 976 1477 1022 τέως
1503 973 1650 1015 ‹zv-352.-

218 1056 342 1081 κοντα
361 1042 404 1091 έξ
424 1037 600 1094 ἑσπέρας
623 1041 773 1092 α’ντίμα
773 1055 850 1093 χον
871 1038 1019 1091 ἀξιόμα
1020 1055 1108 1092 χον,
1130 1046 1255 1092 κυροῖ
1266 1038 1338 1094 τὴν
1358 1041 1417 1088 εἰς
1429 1036 1651 1093 Ἀρμενίαν

220 1104 438 1156 ἀνάβασιν.
492 1103 656 1160 ἀπάρας
688 1101 761 1146 οὖν
789 1106 831 1153 ἐς
847 1105 1012 1158 Ταρσὸν
1040 1107 1113 1146 καί
1140 1105 1365 1160 ἀφιγμένος
1387 1106 1446 1152 εἰς
1464 1100 1652 1147 ’Ἀδαναν

182 1171 291 1210 Βκαί
319 1166 397 1211 ὅσα
424 1172 475 1226 τῇ
501 1169 613 1212 κάτω
638 1171 835 1226 Ἀρμενία
857 1170 1111 1224 πρόσχωρα,
1139 1172 1212 1210 καί
1240 1172 1373 1211 ταῦτα
1401 1171 1649 1222 κακοδαιμο·
1668 1170 1715 1211 15

217 1237 368 1276 νοῦντα
396 1234 479 1276 ὑπὸ
512 1237 587 1277 τοῦ
612 1236 800 1289 Τορούση
819 1233 1062 1288 διαθάλψας
1078 1235 1151 1277 καί
1172 1235 1405 1290 ἀσφαλείας
1432 1236 1503 1289 τῆς
1531 1233 1650 1276 δεού-

216 1315 293 1353 σης
320 1298 527 1354 ἦξιωκώς,
576 1302 650 1341 καί
677 1297 937 1354 καταπλήξας
974 1302 1027 1356 τῇ
1053 1303 1262 1356 παρουσίᾳ
1291 1298 1360 1342 τὸν
1385 1299 1466 1353 οὔχ
1494 1299 1652 1341 ἁπλοῦν

216 1363 291 1418 τήν
331 1365 497 1420 γνώμην
528 1364 633 1406 α’λλοὶ
668 1366 899 1420 κρυψίνουν
944 1364 1016 1405 καί
1043 1361 1208 1420 ὕφαλον
1236 1365 1474 1418 Ἀρμένιον,
1503 1364 1652 1418 σχάζει

218 1426 262 1470 τό
306 1429 549 1484 πρόθυμον,
589 1429 687 1471 οὐδὲ
726 1429 825 1485 περὶ
849 1433 920 1484 τῆς
962 1426 1058 1484 ὅλης
1086 1430 1306 1483 Ἀρμενίας
1335 1430 1651 1483 διαγωνίζεται,

218 1494 292 1536 τόν
321 1495 469 1536 οἶκεῖον
496 1496 655 1549 πατέρα
682 1495 919 1550 ἐζηλωκώς,
960 1490 990 1549 ἢ
1018 1496 1119 1547 γοῦν
1144 1491 1222 1537 ὅσα
1248 1496 1399 1544 ἐκεῖνος
1427 1494 1653 1549 ὑπηγάγετο
1665 1511 1720 1546 202

221 1559 407 1614 φρούρια
445 1561 656 1613 πολεμῶν,
685 1561 817 1602 ταῦτα
854 1560 911 1607 ὥς
939 1561 984 1601 ἐκ
1005 1559 1217 1614 φάρυγγος
1245 1558 1371 1601 λύκου
1399 1558 1554 1614 ποιμὴν
1582 1563 1650 1601 λο-

218 1622 297 1677 βὸν
337 1620 493 1678 ἥπατος
523 1627 822 1680 προσαπαιτῶν
867 1627 941 1666 καί
965 1623 1187 1677 λαμβάνων
1215 1623 1260 1666 ἐκ
1288 1627 1365 1667 τοῦ
1395 1625 1477 1666 ταῖν
1503 1625 1651 1680 Ἀρμε-

218 1689 318 1729 νίων
341 1681 634 1743 κατάρχοντος·
666 1688 771 1731 ἀλλὰ
797 1693 849 1746 τῇ
877 1690 1024 1746 διπλόῃ
1046 1692 1120 1731 καί
1144 1688 1279 1746 ἀπάτῃ
1310 1691 1392 1731 τῶν
1421 1688 1553 1744 λόγων
1579 1693 1653 1732 τοῦ

226 1752 412 1808 Τορούση
442 1756 710 1808 φενακισθείς
734 1753 807 1795 καί
832 1756 885 1811 τῇ
905 1753 1079 1811 αἱμυλίᾳ
1106 1756 1191 1796 τῶν
1213 1757 1433 1809 συνθηκῶν
1462 1753 1650 1797 ἆπαλυν-

313 1843 346 1874 5.
364 1841 547 1888 Παίονες]
579 1837 688 1875 οὖνοι
714 1844 754 1876 A.
847 1855 880 1887 9.
905 1841 1114 1887 βελοῖγραδα
1138 1843 1178 1875 Α.
1258 1854 1307 1875 ιι.
1333 1841 1503 1889 ἐχθρῶν]
1527 1842 1651 1877 ἐθνῶν

310 1887 351 1919 Α.
449 1889 497 1931 ι4.
524 1887 699 1932 διάβασιν
725 1890 765 1921 Α.
883 1890 934 1922 16.
956 1892 1024 1922 τοῦ
1049 1888 1165 1934 ρούση
1189 1886 1436 1933 εὐεργετήσας
1460 1890 1521 1935 A.u
1595 1900 1651 1923 20.

311 1932 421 1977 ὑπηγ.
445 1953 491 1959 -
523 1934 790 1981 κατάρχοντος]
817 1934 958 1978 κάστρα
994 1937 1058 1968 καὶ
1079 1934 1204 1980 χώρας
1227 1935 1449 1978 ἐκράτησεν,
1475 1936 1585 1972 οὑτος
1607 1936 1651 1969 ἐκ

310 1978 428 2011 λύκου
458 1979 642 2025 στόματος
668 1980 853 2024 ἠβουλήθη
889 1981 1058 2025 ἐκβαλεῖν
1082 1981 1188 2025 vulgo
1212 1991 1255 2013 ex
1274 1982 1310 2015 Β.
1404 1982 1460 2026 24.
1484 1981 1649 2028 αἱμυλίςι]

312 2025 486 2069 κολακείᾳ
510 2038 538 2058 τ.
564 2035 597 2058 σ.
627 2029 838 2070 χαυνωθεὶς
862 2027 901 2059 Α.

223 2119 283 2140 eos
308 2109 428 2141 mittit.
454 2109 483 2140 is
509 2109 623 2141 milite
662 2111 698 2142 in
724 2109 887 2143 cohortes
924 2116 960 2143 et
982 2110 1176 2154 phalanges
1202 2111 1402 2155 descripto,
1431 2122 1510 2144 cum
1532 2123 1570 2144 se
1595 2113 1652 2145 in-

221 2155 356 2186 vietum
388 2155 581 2187 exercitum
604 2155 737 2188 habere
765 2162 929 2200 putaret,
969 2157 1152 2200 Hungaros
1177 2157 1344 2197 adortus,
1368 2158 1553 2190 victoriam
1578 2169 1652 2191 non

223 2200 428 2232 diuturnam
456 2207 510 2233 est
532 2201 701 2245 adeptus:
726 2214 806 2234 nam
831 2203 950 2235 hostes
976 2203 1014 2235 in
1038 2205 1212 2236 Romanos
1239 2209 1372 2236 temere
1395 2210 1652 2248 persequentes

221 2248 382 2279 conversi
405 2252 585 2291 acceptam
611 2247 748 2280 cladem
773 2248 969 2281 illustriore
992 2250 1142 2282 victoria
1166 2255 1372 2293 pensarunt.
1398 2261 1470 2294 quo
1498 2251 1652 2295 impera-

219 2298 277 2325 tor
300 2292 422 2325 audito
451 2294 520 2325 iter
545 2293 670 2326 eodem
694 2294 869 2335 intendit,
911 2301 952 2327 ut
976 2296 1131 2328 Paeones
1155 2308 1218 2328 suo
1246 2295 1400 2328 adventu
1425 2297 1542 2329 territi
1568 2307 1652 2341 pro-

218 2339 345 2372 vinciis
385 2339 457 2371 illis
496 2340 673 2372 cederent.
713 2341 811 2384 quod
834 2352 912 2373 cum
956 2341 1144 2382 fecissent,
1176 2343 1221 2374 iis
1257 2342 1528 2375 conditionibus
1552 2342 1651 2375 bello

218 2385 417 2429 composito
442 2397 529 2430 quas
555 2392 693 2430 teinpus
720 2387 882 2427 ferebat,
907 2388 1124 2420 Branizobae
1153 2393 1189 2421 et
1213 2387 1406 2432 Belligradi
1432 2387 1539 2421 rebus
1565 2399 1652 2422 con-

217 2432 355 2464 stitutis
383 2431 527 2464 domum
553 2432 656 2465 redit.

311 2477 398 2510 Cum
423 2477 543 2510 hostes
567 2479 749 2524 paulisper
776 2479 1031 2523 conquiessent
1052 2490 1118 2512 nec
1141 2479 1250 2512 ullius
1276 2490 1361 2523 opes
1390 2480 1429 2512 in
1453 2479 1650 2514 Occidente

215 2523 430 2556 metuendae
456 2524 680 2565 viderentur,
706 2525 972 2569 expeditionem
999 2526 1038 2557 in
1061 2526 1263 2558 Armeniam
1291 2526 1464 2559 decernit.
1499 2526 1650 2559 Tarsum

215 2569 323 2612 igitur
352 2574 388 2602 et
421 2569 580 2603 Adanam
605 2572 808 2615 profectus,
848 2577 884 2604 et
906 2571 1088 2612 finitImis‚
1113 2572 1294 2604 inferioris
1330 2572 1519 2604 Armeniae
1539 2572 1648 2612 locis,

214 2626 307 2659 quae
332 2615 486 2648 Toruses
528 2617 720 2657 afflixerat,
762 2618 972 2650 refocillatis
1006 2629 1046 2650 ac
1080 2618 1252 2658 firmatis,
1290 2623 1326 2650 et
1348 2618 1538 2658 Armenio,
1573 2618 1650 2651 viro

213 2672 287 2693 non
322 2661 474 2706 simplici
498 2663 561 2695 sed
586 2664 716 2696 occulti
744 2669 780 2697 et
815 2663 979 2696 insidiosi
1006 2664 1142 2707 ingenii
1167 2664 1331 2705 homine,
1358 2675 1422 2696 sua
1449 2664 1650 2708 praesentia

212 2707 356 2748 territo,
390 2718 462 2742 non
489 2709 638 2743 ulterius
663 2709 901 2754 progreditur,
931 2721 1008 2751 nec,
1037 2715 1077 2743 ut
1101 2715 1203 2756 pater
1231 2710 1344 2756 ipsius
1370 2709 1516 2751 fecerat,
1539 2715 1651 2745 totum
