1838 3210
236 208 349 265 '230
664 222 892 264 mcETAE
940 218 1251 262 cuomA‘rAss

216 329 282 368 ,δὲ
316 322 491 367 σουλτάν
517 321 560 363 τὸ
599 335 823 375 προχειρον
854 321 913 369 εἷς
943 314 1307 373 παρασπόνδησιν,
1346 316 1419 360 καὶ
1441 317 1484 361 τό
1516 323 1662 376 φιλίας

232 388 410 435 εὐκόλως
438 386 655 440 ἀποπηδᾶν
683 385 754 426 καί
779 386 969 438 συγχέειν
995 384 1041 424 ἐκ
1068 383 1147 423 τοῦ
1168 383 1402 437 παραυτίκα
1429 380 1526 433 τούς
1551 383 1660 440 ὑπὲρ

231 452 398 506 εἰρήνης
422 451 615 498 τεθέντας
635 447 839 501 θεσμούς,
870 449 941 490 καί
964 444 1011 488 τὸ
1033 447 1244 495 πλείσταις
1267 447 1345 498 μὲν
1364 446 1515 488 ἐκεῖνον
1543 448 1661 489 ἐπαί-

231 533 321 570 ρειν
361 517 624 571 φιλοδωριαῗν
668 511 921 567 ὑποσχέσεσι
970 511 1041 553 καὶ
1078 515 1314 564 βασιλικαῖς
1362 511 1660 566 ὑποσημαίνειν

229 580 385 628 ταύτας
411 584 595 634 γραφαῖς
623 577 695 619 καὶ
721 581 902 634 βαφαῖς,
929 576 1047 631 ὄλίγα
1092 578 1138 617 δὲ
1167 581 1372 630 χορηγεῖν.
1429 574 1498 617 διὰ
1526 576 1694 620 ταῦταό

230 648 367 686 τοίνυν
403 646 474 692 τάς
500 659 544 685 τε
585 640 714 693 οὔσας
756 641 993 699 συνεκρότει
1032 639 1227 695 δυνάμεις
1262 641 1284 682 ὅ
1324 640 1547 695 βασιλεύς,
1588 640 1663 683 καί

116 717 157 752 V.
175 718 216 762 94
232 708 376 750 νεωστὶ
399 708 469 750 ἐπί
498 707 672 757 ταύταις
709 702 839 756 ἄλλας
865 710 1131 750 συνέταττεν·
1201 703 1491 761 ἐστρατολόγει
1517 707 1564 747 δὲ
1587 705 1664 748 καὶ

192 772 387 823 Οξενικὸν
415 773 489 813 οὐκ
523 771 679 826 ὀλίγον,
719 775 791 814 καί
826 775 944 814 τοῦτο
984 774 1029 814 ἐκ
1064 773 1142 812 τοῦ
1182 773 1325 822 γένους
1359 769 1540 824 μάλιστα
1577 773 1663 813 τῶν

229 840 426 881 Λατίνων
452 840 524 879 καί
550 838 621 878 a’n'
644 838 780 878 αὐτῶν
809 834 859 891 δὴ
888 838 970 877 τῶν
995 835 1249 891 παριστρίων
1262 837 1450 878 Σκυθῶν.
1508 834 1582 877 καὶ
1605 835 1654 892 δὴ

228 904 271 952 ἐς
302 902 512 957 μυριάδας
544 901 588 944 τὸ
633 903 781 944 οἰκεῖον
809 898 1049 956 ἀριθμήσας
1084 899 1317 954 στράτευμα
1358 900 1414 949 ὥς
1441 900 1657 956 οἷφανίσων
1675 916 1721 943 10

228 967 344 1023 ἐπῄει
372 965 418 1008 τὸ
452 964 660 1020 Περσικὸν
687 967 759 1007 καί
785 966 926 1014 αὐτοῖς
954 964 1206 1020 α’ναρπάσων
1232 967 1390 1018 τείχεσι
1417 963 1463 1007 τὸ
1477 962 1657 1021 Ἰκόνιον,

227 1034 300 1074 καί
326 1031 399 1073 τὸν
427 1029 647 1072 σουλτάνον
676 1028 904 1085 ληψὸ,ιιενος
931 1030 1197 1083 ὑποχείριον,
1222 1031 1294 1071 καί
1318 1030 1420 1071 κατὰ
1447 1031 1525 1071 τοῦ
1551 1047 1658 1087 τρα-

223 1098 358 1151 χήλου
389 1098 531 1137 τοῦτον
566 1094 760 1149 πατήσων
787 1097 831 1136 ἐν
867 1096 924 1151 τῷ
951 1094 1173 1135 ὑποθεῖναι
1204 1093 1320 1148 δίκην
1345 1097 1544 1148 θρανίὸος
1568 1101 1662 1146 ταῖς

226 1162 401 1214 βάσεσιν
426 1159 592 1202 ἑαυτοῦ.
648 1160 791 1210 ἀμέλει
820 1173 883 1200 τοι
904 1156 953 1199 τοὶ
988 1157 1092 1212 πρὸς
1119 1157 1194 1212 τήν
1217 1157 1356 1209 ἔξοδον
1378 1156 1658 1212 ἑτοιμασάμε-

225 1241 296 1275 νος
338 1223 482 1267 εἴσεισι
518 1223 589 1266 τὸν
629 1226 760 1277 μέγαν
786 1221 891 1265 νεών
929 1221 973 1271 ὃς
1002 1218 1083 1264 ἀπὸ
1116 1225 1192 1277 τῆς
1224 1224 1345 1272 θείας
1372 1225 1445 1265 καί
1473 1225 1657 1280 α’ρρήτου
1675 1229 1722 1270 ι5

225 1290 380 1345 σοφίας
407 1287 645 1342 ὠνόμασται
660 1321 672 1341 ,
711 1289 783 1329 καί
806 1286 852 1329 τὸ
882 1290 997 1329 θεῖον
1030 1289 1287 1329 ἐπικαλεῖται
1313 1290 1559 1343 συνέριθον,
1588 1290 1663 1331 καί

225 1353 303 1409 ’τήν
327 1357 442 1408 νίκην
479 1355 651 1395 αἰτεῖται
690 1356 767 1405 μὲν
792 1354 973 1405 ἐκεῖθεν,
1015 1352 1069 1392 ου’
1107 1354 1272 1405 δέχεται
1311 1353 1378 1405 δέ,
1421 1352 1477 1400 ὥς
1503 1351 1548 1395 ro*
1581 1355 1660 1394 τοῦ

227 1421 412 1471 πολέμου
457 1421 588 1472 πέρας
623 1416 834 1473 ὑπέφηνε,
878 1420 1179 1469 μετατεθεῖσαν
1218 1415 1323 1472 πρὸς
1349 1415 1393 1459 τὸ
1433 1418 1660 1460 α’ντίπαλον

227 1480 463 1539 ἆνεφίκτοις
492 1483 591 1537 ἡμῖν
620 1486 774 1531 θεϊκοῖς
801 1485 1010 1538 κρίμασιν.
1070 1481 1234 1537 α”πὰρας
1260 1478 1335 1523 οὖν
1360 1483 1433 1536 τῆς
1445 1484 1660 1534 βασιλίδος

182 1551 311 1593 Βτῶν
337 1547 516 1600 πόλεων,
549 1547 739 1601 Φρυγίαν
763 1562 805 1588 τε
840 1549 914 1587 καί
933 1545 1189 1589 Λαοδίκειαν
1214 1545 1390 1588 διελθών
1420 1546 1657 1603 ἀφικνεῖται
1670 1562 1722 1590 20

227 1615 271 1662 ἐς
300 1612 473 1665 Χώνας,
504 1610 624 1653 πόλιν
655 1611 886 1664 εὖδαιμονα
914 1613 986 1653 καί
1006 1612 1198 1666 μεγάλην,
1227 1613 1357 1654 πάλαι
1386 1611 1461 1661 τοὶς
1488 1615 1659 1655 Κολασ-

226 1678 318 1730 σάς,
342 1676 418 1731 τὴν
441 1679 548 1730 ἐμοῦ
565 1678 638 1718 τοῦ
656 1678 927 1732 συγγραφέως
945 1677 1140 1730 πατρίδα.
1168 1676 1240 1718 καί
1263 1675 1333 1718 τὸν
1359 1673 1660 1731 ἆρχαγγελικὸν

226 1741 326 1785 ναὸν
358 1744 510 1795 εἰσιών,
540 1744 708 1795 μεγέθει
728 1743 918 1795 μέγιστον
947 1740 1019 1783 καί
1038 1740 1180 1783 κάλλει
1210 1740 1427 1783 κάλλιστον
1459 1737 1559 1782 ὄντα
1589 1743 1662 1784 καὶ

226 1808 472 1862 θαυμασίας
499 1805 644 1862 χειρὸς
665 1802 825 1848 ἅπαντα
844 1806 972 1861 ἔργον,
1002 1808 1160 1849 ἐκεῖθεν
1180 1804 1375 1857 ἐξελάσας
1403 1807 1462 1856 εἰς
1479 1805 1659 1859 Λάμπιν

322 1906 350 1930 ι.
378 1886 418 1928 ui
445 1893 666 1941 πρόχειρον]
690 1892 731 1927 τὰ
756 1893 1152 1946 γοργσσκανόοέλιστον
1170 1895 1208 1927 Β.
1302 1897 1334 1930 8.
1358 1893 1400 1927 ἐκ
1422 1894 1492 1927 ἰοὔ
1512 1893 1657 1942 γένους]

319 1941 361 1975 ἔκ
384 1950 423 1974 τε
450 1941 639 1986 φριέγγων
663 1942 728 1973 καὶ
759 1939 937 1986 κομιένων
959 1941 998 1974 Β.
1093 1953 1147 1976 ιι.
1168 1938 1209 1974 τό
1243 1937 1456 1987 Περσικόν]
1478 1938 1544 1983 τὴν
1569 1938 1659 1983 ὃλην

320 1990 500 2033 τουρκίαν
524 1987 562 2019 Β.
682 1988 734 2021 15.
759 1986 977 2033 α’πορρήτου
1003 1987 1045 2020 Α.
1159 1988 1214 2031 24.
1243 1988 1394 2032 λάμπην
1416 1985 1453 2018 Β.

230 2065 435 2106 levitatem,
460 2070 497 2098 et
519 2066 617 2110 pacis
641 2064 910 2098 conditionibus
950 2070 1083 2098 temere
1111 2065 1343 2109 abrogandis,
1370 2069 1407 2097 et
1433 2065 1558 2099 inanes
1582 2075 1660 2098 ma-

230 2122 379 2155 gnorum
404 2122 590 2144 munerum
613 2112 894 2155 pollicitationes
910 2135 920 2152 ,
945 2123 1037 2156 quae
1063 2111 1252 2144 rubricatis
1277 2110 1423 2155 quidem
1445 2111 1576 2144 litteris
1602 2112 1660 2144 in-

232 2157 473 2190 scriberentur
510 2157 573 2189 sed
597 2158 722 2201 exigua
745 2157 1023 2203 praeberentur,
1063 2157 1269 2192 obiiciebat.
1294 2156 1350 2189 his
1379 2156 1423 2188 de
1448 2157 1563 2191 causis
1590 2157 1660 2190 im-

229 2209 375 2247 perator
400 2208 436 2235 et
460 2209 597 2236 veteres
622 2204 740 2250 copias
769 2203 963 2247 colligebat
979 2209 1016 2237 et
1039 2214 1148 2236 novas
1172 2202 1439 2245 conscribebat3
1464 2208 1501 2236 et
1525 2203 1660 2237 auxilia

231 2249 418 2292 peregrina
442 2247 539 2281 haud
561 2260 670 2292 parva
694 2250 908 2290 accersebat,
932 2261 951 2282 a
974 2249 1112 2282 Latinis
1134 2249 1357 2293 potissimum
1386 2254 1423 2282 et
1446 2248 1586 2292 Scythis
1613 2249 1660 2283 ad

231 2296 360 2327 Istrum
388 2295 648 2336 incolentibus3
676 2301 871 2340 coactoque
890 2296 1026 2339 ingenti
1050 2295 1205 2328 exercitu
1232 2295 1283 2328 ita
1310 2306 1347 2328 se
1362 2295 1532 2339 parabat,
1556 2297 1660 2340 quasi

230 2341 405 2374 Persicam
429 2346 569 2384 gentem
594 2351 777 2374 eversurus
803 2346 896 2375 esset
920 2347 956 2374 et
977 2341 1137 2374 Iconium
1163 2352 1241 2374 cum
1267 2342 1353 2385 ipsis
1378 2340 1566 2374 moenibus
1595 2341 1661 2375 ab·

231 2393 395 2431 repturus
422 2393 458 2419 et
482 2387 622 2420 Sultani
650 2393 757 2432 caput
779 2387 931 2432 pedibus
949 2388 1229 2420 conculcaturus.
1255 2387 1359 2420 rebus
1385 2387 1430 2420 ad
1456 2386 1660 2432 expeditio-

230 2444 313 2465 nem
338 2433 546 2466 necessariis
571 2434 809 2479 praeparatis,
850 2444 1014 2476 magnum
1041 2434 1213 2478 templum
1237 2433 1378 2467 divinae
1403 2438 1440 2467 et
1465 2433 1659 2467 ineffabilis

231 2479 437 2523 Sapientiae
456 2479 630 2523 ingressus
652 2479 808 2511 numinis
827 2490 929 2524 opem
949 2479 1133 2524 implorat3
1158 2485 1194 2512 et
1206 2480 1389 2512 victoriam
1408 2484 1486 2512 orat
1499 2479 1561 2512 ille
1577 2479 1662 2525 qui-

232 2524 324 2565 dem,
347 2525 410 2558 sed
426 2536 498 2557 non
517 2526 695 2569 impetrat,
710 2530 750 2558 ut
764 2525 854 2558 belli
873 2531 1019 2558 eventus
1035 2524 1167 2566 docuit,
1187 2526 1300 2558 Persis
1315 2525 1449 2558 iudicio
1476 2524 1535 2558 dei
1551 2525 1658 2559 nobis

230 2571 479 2616 inexplicabili
517 2582 728 2604 concessam.
769 2571 856 2603 urbe
881 2570 1056 2615 digressus
1087 2582 1152 2616 per
1174 2571 1356 2616 Phrygiam
1382 2577 1419 2604 et
1446 2571 1660 2606 Laodiceam

231 2616 398 2658 Chonas,
427 2617 513 2650 olim
541 2618 719 2657 Palassas,
748 2617 872 2650 urbem
910 2628 1070 2661 magnam
1098 2622 1135 2650 et
1154 2616 1321 2658 beatam,
1344 2617 1494 2662 patriam
1518 2628 1658 2659 meam,

230 2664 413 2709 pervenit3
440 2668 476 2696 et
500 2663 623 2696 aedem
644 2663 852 2708 Archangeli
876 2663 1122 2707 magnitudine
1145 2663 1412 2708 pulchritudine
1440 2669 1476 2698 et
1499 2663 1659 2699 mirabili

231 2709 383 2742 artificio
408 2709 582 2754 insignem
609 2710 807 2753 ingressus,
841 2709 990 2753 Lampin
1027 2709 1197 2750 discedit,
1236 2715 1272 2743 et
1307 2709 1477 2743 Celaenas
1500 2709 1657 2757 ingredi-

232 2760 316 2794 tur,
340 2755 405 2803 ubi
427 2755 613 2791 Maeandri
647 2756 764 2791 sontes
803 2761 889 2790 sunt
922 2757 959 2789 in
983 2766 1088 2800 quem
1119 2756 1275 2800 Marsyas
1299 2755 1428 2791 fluvius
1461 2755 1559 2800 ssuit5
1582 2765 1673 2804 quta>
