1878 3230
301 205 371 245 DE
410 205 605 246 Ammo
645 203 841 246 isAAcn
883 204 1079 245 ANGEn
1123 203 1331 243 mmm.
1358 204 1410 241 11.
1490 181 1603 253 649

172 301 293 345 δόναι
330 305 386 359 τῷ
418 302 743 361 Μεσοποταμίτῃ
781 305 866 360 θεῷ·
892 301 963 344 καὶ
993 304 1164 355 βασιλεῖ’
1186 301 1262 359 νεῷ
1292 316 1336 342 τε
1363 298 1436 341 καὶ
1459 299 1604 353 α’ρχεί-

173 384 235 419 οις
278 370 684 420 συνδιαπλέκεσθαι,
723 370 856 424 μηδὲν
884 367 1143 425 ὑφορωμένη)
1168 367 1325 420 βλάβος
1354 367 1399 407 ἐκ
1423 366 1504 407 τῶν
1533 368 1731 413 xa-P.317

171 433 301 476 νόνων
326 435 370 475 οἳ
398 439 484 483 τοῖς
518 430 739 489 ἇμφιβιόις
774 430 929 482 τούτοις
969 431 1271 487 δριμύσσονται
1316 430 1606 473 δυσκολαίνον-

174 515 255 548 τες.
311 500 520 541 τετέλεστο
557 500 659 552 γοῦν
687 499 760 539 καί
792 498 941 550 τοῦτο,
981 491 1118 553 μικρῷ
1160 498 1196 538 δ’
1237 492 1410 551 ὕστερον
1434 493 1509 538 καί
1535 497 1609 550 τῆς

137 562 467 619 5λαμπροτάτης
508 556 666 611 πόλεως
697 564 1002 618 Θεσσαλονίκης
1029 561 1253 617 α’ρχιερεὺς
1281 562 1607 615 προχειρίζεται.

174 624 228 684 ἦν
255 625 307 671 ἂν
333 624 407 670 οὖν
440 627 491 671 ui
520 629 594 683 τῆς
631 626 752 683 δόξης
789 625 942 682 ταύτης
968 626 1246 681 κληρούμενος
1275 628 1349 668 οὐκ
1377 624 1612 681 ἀπόβλητος

174 693 276 744 ἴσως
302 692 324 736 ὅ
347 689 587 749 ἅνθρωπος,
617 692 708 734 οὐδ’
733 686 791 734 ὧν
819 693 862 741 ές
891 689 1067 746 ὕστερον
1098 694 1279 734 πέπονθε
1310 694 1455 734 δεινῶν
1483 688 1611 740 αὐτὸς

173 755 311 817 ἑαυτῷ
342 761 585 813 παραίτιος,
623 760 663 800 εἰ
691 761 774 800 τῶν
801 759 1026 811 βασιλείων
1054 758 1211 811 ἀπέστη
1243 759 1467 812 λαμπρῶς,
1517 754 1610 810 ὅρον

175 823 256 878 ὄψέ
282 838 377 866 ποτε
404 826 458 879 τῇ
483 825 627 879 ἐφέσει
656 824 740 864 τῶν
762 821 989 878 χρημάτων
1017 824 1191 875 θέμενος
1219 818 1248 877 ἦ
1292 824 1366 877 τῆς
1405 825 1613 878 φιλοπρά-

117 906 164 935 ιο
175 905 321 944 γμονος
355 886 520 943 γνώμης
564 888 707 944 βραχύ
736 905 775 930 τι
806 888 1110 936 καθυπενδούς.
1180 891 1255 930 νῦν
1284 889 1329 930 δὲ
1360 889 1448 929 ἀλλ’
1477 887 1502 942 ἧ
1533 889 1613 929 τῶν

175 955 339 997 πολλῶν
369 955 442 995 καί
466 953 672 1008 μεγίστων
699 954 856 1006 τιμῶν,
895 954 968 995 καί
995 943 1154 995 τούτων
1183 953 1418 1006 α’νομοίων,
1449 954 1613 994 λυσσώ-

177 1019 253 1074 δης
278 1020 351 1061 καί
385 1019 617 1075 ἀπέραντος
641 1021 852 1073 λίχνευσις
890 1021 964 1060 καί
995 1020 1077 1061 τῶν
1110 1019 1456 1074 χθαμαλωτέρων
1485 1013 1615 1059 αὐτὸν

176 1086 415 1139 ἐξέκρουσε,
444 1083 518 1126 καί
558 1083 798 1140 προύθηκεν
830 1085 891 1133 εἰς
922 1084 1189 1139 παράδειγμα
1215 1082 1288 1125 τὸν
1316 1083 1449 1125 aaran
1474 1080 1612 1136 ὕψους

180 1148 426 1204 ὑπερφυοῦς
478 1151 552 1191 καί
583 1149 876 1204 ταπεινότητος
918 1147 1102 1202 ἀμέτρου
1140 1149 1166 1203 ἧ
1207 1155 1292 1197 τοῖς
1331 1144 1651 1202 ἅνθρωπίνοιςΒ

122 1213 399 1269 ι5πράγμασι
421 1214 695 1269 βραβεύουσα
732 1212 930 1270 πρόνοια,
969 1212 1043 1255 κατ’
1078 1210 1240 1267 ἇναβάς
1268 1215 1346 1262 ἓως
1373 1214 1458 1256 τῶν
1484 1215 1616 1269 ου’ρα-

180 1281 262 1322 νῶν
289 1281 567 1334 καταβέβηκεν
593 1277 672 1328 ἕως
703 1282 787 1321 τῶν
818 1278 1018 1333 α’βύσσων
1035 1280 1086 1336 τῇ
1113 1280 1371 1336 παλιμπνοίᾳ
1398 1280 1480 1321 τῶν
1508 1277 1616 1333 πρά-

181 1347 295 1395 ξεων.
351 1342 427 1386 οὔκ
449 1345 656 1400 α’νασχετὰ
684 1343 765 1401 γάρ
811 1343 962 1400 κρίνων
988 1346 1029 1387 εἷ
1053 1343 1112 1399 μὴ
1140 1345 1191 1402 τῇ
1218 1346 1316 1400 λαιᾷ
1342 1347 1420 1398 μὲν
1448 1345 1530 1386 τῶν
1559 1344 1618 1385 ἱε-

183 1413 268 1465 ρῶν
301 1409 438 1464 ἔχοιτο
484 1407 743 1466 πραγμάτων
781 1411 832 1467 τῇ
859 1412 973 1467 δεξιᾷ
999 1411 1046 1452 δὲ
1074 1411 1156 1451 τῶν
1183 1408 1287 1452 κατὰ
1319 1408 1373 1452 τὰ
1404 1407 1618 1464 ἀνάκτορα

187 1472 386 1530 λάζοιτο,
423 1473 707 1531 συμμάρπτων
738 1475 815 1526 τὰς
853 1477 993 1530 ἀρχὰς
1025 1473 1270 1532 ἀμφοτέρας
1298 1477 1372 1517 καί
1400 1476 1619 1530 περισφίγ-

122 1560 172 1589 20
183 1558 266 1597 γων
294 1539 374 1583 ὅσα
401 1544 472 1584 καί
498 1544 615 1590 λίθος
642 1543 725 1583 τῶν
754 1540 986 1584 διεστώτων
1004 1543 1204 1595 συνδέτης
1233 1539 1486 1594 ιίκρόγωνος,
1516 1541 1621 1592 α’με..

185 1610 371 1656 ταθέτως
412 1604 500 1660 εἶχε
540 1608 612 1648 καί
655 1607 780 1649 πάλιν
810 1609 884 1661 τῆς
909 1607 1052 1661 πρώην
1078 1607 1328 1662 προθέσεως.
1387 1603 1493 1646 α’λλά
1522 1606 1622 1659 μηδ’

185 1668 282 1726 ἄτερ
327 1674 400 1727 τῆς
440 1672 575 1713 αὐτοῦ’
619 1669 784 1726 γνώμης
827 1672 1117 1726 περατοῦσθαί
1152 1687 1194 1713 τι
1239 1669 1513 1723 βουλόμενος,
1563 1669 1622 1718 ὥς

183 1735 348 1793 σφῆνιίς
386 1753 499 1786 τινας
535 1739 608 1779 καί
631 1739 792 1794 βλῇτρα
840 1735 936 1786 τούς
979 1735 1129 1779 ἑαυτοῦ
1152 1733 1421 1790 κασιγνήτους
1449 1737 1620 1787 ένέβυσε

277 1852 311 1884 6.
340 1843 384 1890 ἦν
407 1847 466 1896 ἄν]
504 1850 568 1882 καὶ
599 1848 700 1892 εἶχεν
727 1844 776 1884 ἂν
810 1844 879 1885 τὸν
902 1849 1048 1894 θρόνον
1069 1849 1185 1895 μέχρι
1208 1848 1334 1885 τέλους
1367 1845 1498 1887 αὐτοῦ,
1533 1845 1622 1880 οῦδὲ

276 1895 442 1929 τοσαῦτα
469 1890 572 1929 δεινοὶ
600 1895 819 1932 ἐπάνθανεν
841 1897 960 1933 αἴτιος
985 1894 1103 1929 ἑαυτὼ·
1128 1894 1331 1941 γενόμενος
1355 1894 1391 1926 B·
1484 1905 1519 1938 9.
1547 1892 1621 1927 τῶν

280 1942 480 1989 χρημάτων
505 1953 563 1974 om
586 1943 626 1975 A.
718 1942 773 1975 23.
797 1942 947 1990 βλῆτρα]
972 1940 1211 1989 μεσοχᾶλικα
1233 1941 1270 1975 Β.
1342 1952 1345 1954 ·

188 2043 375 2090 privilegio
395 2043 592 2077 concedere
612 2045 717 2088 cogit,
732 2048 773 2077 ut
781 2044 1107 2090 Mesopotamitano
1123 2043 1230 2077 simul
1243 2048 1280 2076 et
1295 2043 1362 2075 deo
1379 2047 1416 2075 et
1430 2042 1622 2086 imperato-

189 2092 232 2131 ri,
250 2096 288 2123 et
311 2091 445 2134 templo
468 2096 506 2123 et
524 2091 671 2135 palatio,
701 2091 778 2124 sine
808 2090 934 2124 fraude
956 2102 1144 2131 canonum,
1169 2091 1233 2137 qui
1256 2088 1402 2123 acerbas
1426 2099 1560 2133 poenas
1584 2089 1623 2122 in

188 2138 276 2171 istos
303 2136 546 2170 ambidextros
571 2142 746 2178 statuunt,
772 2138 944 2171 inservire
972 2138 1090 2170 liceat.
1109 2137 1177 2171 hoc
1200 2147 1344 2181 quoque
1367 2145 1525 2180 peracm,
1550 2135 1624 2168 non

188 2184 302 2219 multo
331 2189 413 2228 post
429 2183 707 2217 Thessalonicae
726 2185 890 2228 pontifex
918 2184 1134 2228 designatur.
1154 2189 1288 2218 tantam
1305 2182 1452 2226 gloriam
1472 2182 1624 2226 adeptus

190 2230 298 2263 homo
323 2230 473 2263 sortasse
501 2241 575 2263 non
600 2231 881 2264 contemnendus
915 2231 1064 2272 suisset,
1092 2242 1159 2264 nec
1182 2242 1224 2264 ea
1246 2231 1340 2263 mala
1360 2230 1399 2262 in
1426 2239 1519 2274 quae
1542 2233 1625 2273 post

191 2275 323 2310 incidit
349 2277 427 2320 ipse
456 2276 526 2309 sibi
555 2288 599 2310 ex
620 2283 722 2321 parte
762 2277 988 2318 accersisset,
1013 2277 1043 2311 si
1066 2278 1174 2322 plane
1196 2277 1332 2323 palatio
1357 2275 1566 2308 excessisset
1589 2279 1625 2307 et

191 2322 383 2367 cupiditati
410 2334 495 2356 suae
518 2324 664 2356 tandem
690 2324 836 2357 modum
863 2324 1022 2369 aliquem
1047 2325 1251 2365 statuisset,
1279 2328 1343 2356 aut
1366 2321 1410 2355 de
1437 2322 1625 2355 curiosita-

193 2374 230 2401 te
253 2370 389 2413 ingenii
423 2375 460 2402 et
494 2381 610 2403 rerum
643 2371 876 2415 gerendarum
909 2370 1109 2416 cupiditate
1133 2370 1275 2416 aliquid
1300 2369 1506 2402 remisisset.
1531 2379 1625 2400 nuuc

193 2415 386 2448 multorum
411 2421 449 2449 et
471 2417 703 2450 maximorum
729 2418 923 2458 honorum,
950 2428 1145 2462 eorumque
1170 2418 1264 2451 inter
1290 2427 1367 2450 sese
1385 2415 1624 2453 dissimilium,

194 2461 320 2493 insana
344 2467 380 2495 et
402 2462 544 2496 infinita
569 2465 797 2497 affectatione
825 2465 932 2496 etiam
960 2463 1155 2497 humiliore
1180 2469 1276 2496 statu
1301 2468 1355 2496 est
1380 2472 1558 2500 excussus,
1586 2466 1628 2493 ut

196 2505 318 2540 divina
335 2508 374 2541 in
388 2519 432 2541 eo
449 2509 674 2553 providentia
695 2516 731 2543 et
754 2510 978 2543 celsitudinis
997 2510 1253 2543 immoderatae
1268 2515 1304 2543 et
1325 2507 1540 2542 humilitatis
1559 2506 1626 2537 im-

195 2563 340 2586 mensae
382 2556 581 2599 exemplum
607 2563 804 2598 statueret,
830 2562 866 2590 et
898 2556 944 2590 ad
978 2557 1096 2590 caelos
1119 2568 1233 2601 usque
1258 2557 1391 2589 elatum
1415 2552 1546 2595 insigni
1572 2562 1629 2583 re-

197 2611 275 2633 rum
301 2600 548 2634 vicissitudine
579 2603 625 2635 ad
661 2604 796 2636 inferos
836 2603 1064 2648 deprimeret.
1089 2615 1172 2636 nam
1196 2615 1276 2636 cum
1298 2603 1406 2635 vitam
1432 2598 1501 2632 sibi
1530 2608 1629 2629 acer-

196 2645 281 2679 bam
305 2655 382 2678 esse
408 2645 573 2689 duceret,
601 2650 671 2682 nisi
698 2650 800 2683 laeva
825 2650 1016 2694 templum,
1052 2649 1175 2682 dextra
1199 2649 1374 2693 palatium
1397 2649 1560 2683 teneret,
1589 2649 1625 2676 et

196 2697 369 2736 ¹¹¹¹³⁸q¹¹⁰
392 2690 582 2735 (lignitate,
606 2701 648 2728 ut
674 2696 766 2740 lapis
784 2696 963 2740 angularis
986 2696 1073 2729 bina
1098 2695 1253 2728 aedificii
1273 2695 1387 2740 latera
1413 2690 1628 2735 complecte-

198 2743 318 2780 Wtur»
343 2750 363 2772 a
400 2738 553 2784 pristino
588 2741 754 2778 instituto
784 2753 858 2778 nou
893 2741 1096 2779 recedebat.
1123 2747 1159 2775 et
1184 2752 1229 2774 ne
1257 2738 1346 2785 quid
1369 2738 1446 2774 sine
1474 2747 1537 2770 sua
1565 2746 1628 2770 au-
