<?xml version="1.0" encoding="UTF-8"?>
<!DOCTYPE html PUBLIC "-//W3C//DTD XHTML 1.0 Transitional//EN"
    "http://www.w3.org/TR/xhtml1/DTD/xhtml1-transitional.dtd">
<html xmlns="http://www.w3.org/1999/xhtml" xml:lang="en" lang="en">
 <head>
  <title>
</title>
<meta http-equiv="Content-Type" content="text/html;charset=utf-8" />
  <meta name='ocr-system' content='tesseract 3.04.00' />
  <meta name='ocr-capabilities' content='ocr_page ocr_carea ocr_par ocr_line ocrx_word'/>
</head>
<body>
  <div class='ocr_page' id='page_1' title='image "./corpusscriptorum41niebuoft/corpusscriptorum41niebuoft_0734.png"; bbox 0 0 1878 3230; ppageno 0'>
   <div class='ocr_carea' id='block_1_1' title="bbox 256 147 1254 222">
    <p class='ocr_par' dir='ltr' id='par_1_1' title="bbox 256 147 1254 222">
     <span class='ocr_line' id='line_1_1' title="bbox 256 147 1254 222; baseline -0.001 -20"><span class='ocrx_word' id='word_1_1' title='bbox 256 149 365 222; x_wconf 67' lang='lat'><em>704</em></span> <span class='ocrx_word' id='word_1_2' title='bbox 414 147 417 150; x_wconf 83' lang='grc'><strong>’</strong></span> <span class='ocrx_word' id='word_1_3' title='bbox 677 162 905 203; x_wconf 74' lang='lat' dir='ltr'>mcssTAE</span> <span class='ocrx_word' id='word_1_4' title='bbox 943 161 1254 202; x_wconf 70' lang='lat' dir='ltr'>cuomATAE</span> 
     </span>
    </p>
   </div>
   <div class='ocr_carea' id='block_1_2' title="bbox 122 250 1748 1684">
    <p class='ocr_par' dir='ltr' id='par_1_2' title="bbox 122 250 1748 1684">
     <span class='ocr_line' id='line_1_2' title="bbox 248 250 1677 319; baseline 0.001 -17"><span class='ocrx_word' id='word_1_5' title='bbox 248 260 539 318; x_wconf 76' lang='grc' dir='ltr'><em>πατράδελφος</em></span> <span class='ocrx_word' id='word_1_6' title='bbox 563 255 767 307; x_wconf 80' lang='grc' dir='ltr'><em>Ἰσαὰκιος</em></span> <span class='ocrx_word' id='word_1_7' title='bbox 794 257 856 301; x_wconf 71' lang='grc' dir='ltr'><em>ἔνι’</em></span> <span class='ocrx_word' id='word_1_8' title='bbox 882 261 963 301; x_wconf 76' lang='grc' dir='ltr'><em>τῶν</em></span> <span class='ocrx_word' id='word_1_9' title='bbox 992 250 1151 300; x_wconf 88' lang='grc' dir='ltr'><em>παίδων</em></span> <span class='ocrx_word' id='word_1_10' title='bbox 1168 260 1369 300; x_wconf 78' lang='grc' dir='ltr'><em>ἐκδέδωκε</em></span> <span class='ocrx_word' id='word_1_11' title='bbox 1395 263 1452 317; x_wconf 77' lang='grc' dir='ltr'><em>τῷ</em></span> <span class='ocrx_word' id='word_1_12' title='bbox 1477 262 1677 319; x_wconf 79' lang='grc' dir='ltr'><em>Στεφάνῳ</em></span> 
     </span>
     <span class='ocr_line' id='line_1_3' title="bbox 248 318 1680 378; baseline 0 -9"><span class='ocrx_word' id='word_1_13' title='bbox 248 329 321 369; x_wconf 80' lang='grc' dir='ltr'><em>τοῦ</em></span> <span class='ocrx_word' id='word_1_14' title='bbox 351 326 541 377; x_wconf 80' lang='grc' dir='ltr'><em>Νεεμάν·</em></span> <span class='ocrx_word' id='word_1_15' title='bbox 596 320 646 378; x_wconf 82' lang='grc' dir='ltr'><em>ἦν</em></span> <span class='ocrx_word' id='word_1_16' title='bbox 675 325 714 365; x_wconf 85' lang='grc' dir='ltr'><em>δ’</em></span> <span class='ocrx_word' id='word_1_17' title='bbox 742 318 862 374; x_wconf 70' lang='grc' dir='ltr'><em>οὗτος</em></span> <span class='ocrx_word' id='word_1_18' title='bbox 902 322 1068 378; x_wconf 75' lang='grc' dir='ltr'><em>ἡγεμών</em></span> <span class='ocrx_word' id='word_1_19' title='bbox 1102 325 1182 366; x_wconf 74' lang='grc' dir='ltr'><em>τῶν</em></span> <span class='ocrx_word' id='word_1_20' title='bbox 1218 327 1474 378; x_wconf 73' lang='grc' dir='ltr'><strong><em>Τριβαλλῶν.</em></strong></span> <span class='ocrx_word' id='word_1_21' title='bbox 1534 327 1625 371; x_wconf 74' lang='grc' dir='ltr'><em>ἀλλ’</em></span> <span class='ocrx_word' id='word_1_22' title='bbox 1658 328 1680 370; x_wconf 80' lang='grc' dir='ltr'>ὅ</span> 
     </span>
     <span class='ocr_line' id='line_1_4' title="bbox 122 384 1678 447; baseline 0.003 -17"><span class='ocrx_word' id='word_1_23' title='bbox 122 395 326 447; x_wconf 42' lang='lat' dir='ltr'><em>awanam</em></span> <span class='ocrx_word' id='word_1_24' title='bbox 361 389 527 444; x_wconf 74' lang='grc' dir='ltr'><em>βραχύν</em></span> <span class='ocrx_word' id='word_1_25' title='bbox 568 390 785 442; x_wconf 78' lang='grc' dir='ltr'><strong><em>ἐπιμείνας</em></strong></span> <span class='ocrx_word' id='word_1_26' title='bbox 820 391 872 446; x_wconf 81' lang='grc' dir='ltr'><em>τῇ</em></span> <span class='ocrx_word' id='word_1_27' title='bbox 908 390 1020 446; x_wconf 83' lang='grc' dir='ltr'><em>α’ρχῇ</em></span> <span class='ocrx_word' id='word_1_28' title='bbox 1055 389 1209 443; x_wconf 88' lang='grc' dir='ltr'><em>χρόνον</em></span> <span class='ocrx_word' id='word_1_29' title='bbox 1247 387 1293 430; x_wconf 87' lang='grc' dir='ltr'><em>τὸ</em></span> <span class='ocrx_word' id='word_1_30' title='bbox 1328 384 1423 444; x_wconf 72' lang='grc' dir='ltr'><em>ὅρος</em></span> <span class='ocrx_word' id='word_1_31' title='bbox 1461 386 1594 433; x_wconf 74' lang='grc' dir='ltr'><em>ἄνεισι</em></span> <span class='ocrx_word' id='word_1_32' title='bbox 1631 393 1678 434; x_wconf 81' lang='grc' dir='ltr'><em>τὸ</em></span> 
     </span>
     <span class='ocr_line' id='line_1_5' title="bbox 249 451 1697 507; baseline 0 -8"><span class='ocrx_word' id='word_1_33' title='bbox 249 455 477 499; x_wconf 75' lang='grc' dir='ltr'><em>Παπύκιον</em></span> <span class='ocrx_word' id='word_1_34' title='bbox 503 456 575 495; x_wconf 85' lang='grc' dir='ltr'><em>καί</em></span> <span class='ocrx_word' id='word_1_35' title='bbox 597 454 688 507; x_wconf 84' lang='grc' dir='ltr'><em>βίον</em></span> <span class='ocrx_word' id='word_1_36' title='bbox 717 451 860 496; x_wconf 70' lang='grc' dir='ltr'><em>ὕπεισι</em></span> <span class='ocrx_word' id='word_1_37' title='bbox 887 452 958 495; x_wconf 84' lang='grc' dir='ltr'><em>τὸν</em></span> <span class='ocrx_word' id='word_1_38' title='bbox 984 453 1226 507; x_wconf 76' lang='grc' dir='ltr'><em>μοναδικόν·</em></span> <span class='ocrx_word' id='word_1_39' title='bbox 1284 453 1307 495; x_wconf 79' lang='grc' dir='ltr'>ὅ</span> <span class='ocrx_word' id='word_1_40' title='bbox 1339 456 1386 496; x_wconf 83' lang='grc' dir='ltr'><em>δέ</em></span> <span class='ocrx_word' id='word_1_41' title='bbox 1411 453 1449 496; x_wconf 80' lang='grc' dir='ltr'><em>οἱ</em></span> <span class='ocrx_word' id='word_1_42' title='bbox 1475 454 1566 505; x_wconf 80' lang='grc' dir='ltr'><em>υἱὸς</em></span> <span class='ocrx_word' id='word_1_43' title='bbox 1585 459 1697 504; x_wconf 45' lang='grc' dir='ltr'><em>Στέφ-</em></span> 
     </span>
     <span class='ocr_line' id='line_1_6' title="bbox 248 518 1719 576; baseline 0.002 -15"><span class='ocrx_word' id='word_1_44' title='bbox 248 535 378 576; x_wconf 86' lang='grc' dir='ltr'><em>φανος</em></span> <span class='ocrx_word' id='word_1_45' title='bbox 405 521 636 574; x_wconf 78' lang='grc' dir='ltr'><em>κληροῦχον</em></span> <span class='ocrx_word' id='word_1_46' title='bbox 661 521 733 573; x_wconf 78' lang='grc' dir='ltr'><em>τῆς</em></span> <span class='ocrx_word' id='word_1_47' title='bbox 758 519 951 575; x_wconf 75' lang='grc' dir='ltr'><em>πατρῴας</em></span> <span class='ocrx_word' id='word_1_48' title='bbox 978 523 1235 572; x_wconf 75' lang='grc' dir='ltr'><em>σατραπείας</em></span> <span class='ocrx_word' id='word_1_49' title='bbox 1263 518 1339 574; x_wconf 76' lang='grc' dir='ltr'><em>τήν</em></span> <span class='ocrx_word' id='word_1_50' title='bbox 1367 519 1574 562; x_wconf 76' lang='grc' dir='ltr'><em>Εὖδοκίαν</em></span> <span class='ocrx_word' id='word_1_51' title='bbox 1599 522 1719 564; x_wconf 67' lang='lat' dir='ltr'>det-5</span> 
     </span>
     <span class='ocr_line' id='line_1_7' title="bbox 247 583 1684 639; baseline 0 -12"><span class='ocrx_word' id='word_1_52' title='bbox 247 584 346 633; x_wconf 78' lang='grc' dir='ltr'><em>κνὺς</em></span> <span class='ocrx_word' id='word_1_53' title='bbox 373 583 516 638; x_wconf 78' lang='grc' dir='ltr'><em>ἡλίους</em></span> <span class='ocrx_word' id='word_1_54' title='bbox 544 583 725 637; x_wconf 70' lang='grc' dir='ltr'><em>συχνοὺς</em></span> <span class='ocrx_word' id='word_1_55' title='bbox 753 585 1011 638; x_wconf 79' lang='grc' dir='ltr'><em>ἐξεμέτρησε,</em></span> <span class='ocrx_word' id='word_1_56' title='bbox 1042 583 1114 625; x_wconf 84' lang='grc' dir='ltr'><em>καί</em></span> <span class='ocrx_word' id='word_1_57' title='bbox 1139 586 1301 626; x_wconf 86' lang='grc' dir='ltr'><em>παίδων</em></span> <span class='ocrx_word' id='word_1_58' title='bbox 1326 586 1370 636; x_wconf 76' lang='grc' dir='ltr'><em>ἐξ</em></span> <span class='ocrx_word' id='word_1_59' title='bbox 1389 586 1518 639; x_wconf 74' lang='grc' dir='ltr'><em>αὐτῆς</em></span> <span class='ocrx_word' id='word_1_60' title='bbox 1538 585 1684 634; x_wconf 74' lang='grc' dir='ltr'><em>ἀκούει</em></span> 
     </span>
     <span class='ocr_line' id='line_1_8' title="bbox 248 645 1684 704; baseline 0 -13"><span class='ocrx_word' id='word_1_61' title='bbox 248 646 405 703; x_wconf 83' lang='grc' dir='ltr'><em>πατήρ.</em></span> <span class='ocrx_word' id='word_1_62' title='bbox 463 649 711 701; x_wconf 83' lang='grc' dir='ltr'><em>καινοτόμος</em></span> <span class='ocrx_word' id='word_1_63' title='bbox 739 650 779 690; x_wconf 82' lang='grc' dir='ltr'><em>δ’</em></span> <span class='ocrx_word' id='word_1_64' title='bbox 807 645 866 690; x_wconf 70' lang='grc' dir='ltr'><em>(ὂν</em></span> <span class='ocrx_word' id='word_1_65' title='bbox 893 648 915 689; x_wconf 82' lang='grc' dir='ltr'>ὁ</span> <span class='ocrx_word' id='word_1_66' title='bbox 944 646 1094 703; x_wconf 82' lang='grc' dir='ltr'><em>χρόνος</em></span> <span class='ocrx_word' id='word_1_67' title='bbox 1122 651 1196 690; x_wconf 74' lang='grc' dir='ltr'><em>καί</em></span> <span class='ocrx_word' id='word_1_68' title='bbox 1220 648 1450 704; x_wconf 78' lang='grc' dir='ltr'><em>προβολεὺς</em></span> <span class='ocrx_word' id='word_1_69' title='bbox 1480 652 1561 691; x_wconf 74' lang='grc' dir='ltr'><em>ταῖν</em></span> <span class='ocrx_word' id='word_1_70' title='bbox 1587 650 1684 692; x_wconf 81' lang='grc' dir='ltr'><em>οἶνο-</em></span> 
     </span>
     <span class='ocr_line' id='line_1_9' title="bbox 247 711 1687 770; baseline 0.001 -14"><span class='ocrx_word' id='word_1_71' title='bbox 247 717 379 769; x_wconf 88' lang='grc' dir='ltr'><em>μοίων</em></span> <span class='ocrx_word' id='word_1_72' title='bbox 408 711 582 770; x_wconf 73' lang='grc' dir='ltr'><em>ἄληκτος</em></span> <span class='ocrx_word' id='word_1_73' title='bbox 609 716 812 769; x_wconf 83' lang='grc' dir='ltr'><em>διίστησιν</em></span> <span class='ocrx_word' id='word_1_74' title='bbox 842 715 1108 769; x_wconf 76' lang='grc' dir='ltr'><em>ἀμφοτέρους</em></span> <span class='ocrx_word' id='word_1_75' title='bbox 1137 716 1207 770; x_wconf 80' lang='grc' dir='ltr'><em>τῆς</em></span> <span class='ocrx_word' id='word_1_76' title='bbox 1248 716 1345 770; x_wconf 85' lang='grc' dir='ltr'><em>πρίν</em></span> <span class='ocrx_word' id='word_1_77' title='bbox 1380 711 1574 770; x_wconf 73' lang='grc' dir='ltr'><em>ἓνότητος</em></span> <span class='ocrx_word' id='word_1_78' title='bbox 1613 714 1687 758; x_wconf 83' lang='grc' dir='ltr'><strong><em>καί</em></strong></span> 
     </span>
     <span class='ocr_line' id='line_1_10' title="bbox 248 773 1684 835; baseline 0 -13"><span class='ocrx_word' id='word_1_79' title='bbox 248 780 502 833; x_wconf 79' lang='grc' dir='ltr'><em>συμπνοίας,</em></span> <span class='ocrx_word' id='word_1_80' title='bbox 531 780 605 820; x_wconf 71' lang='grc' dir='ltr'><em>οὐκ</em></span> <span class='ocrx_word' id='word_1_81' title='bbox 632 773 735 834; x_wconf 71' lang='grc' dir='ltr'><em>ἄχρι</em></span> <span class='ocrx_word' id='word_1_82' title='bbox 765 780 848 820; x_wconf 77' lang='grc' dir='ltr'><em>τῶν</em></span> <span class='ocrx_word' id='word_1_83' title='bbox 884 780 1070 832; x_wconf 80' lang='grc' dir='ltr'><em>ἐσχάτων</em></span> <span class='ocrx_word' id='word_1_84' title='bbox 1097 776 1313 821; x_wconf 71' lang='grc' dir='ltr'><em>ἀναπνοῶν</em></span> <span class='ocrx_word' id='word_1_85' title='bbox 1349 781 1568 835; x_wconf 81' lang='grc' dir='ltr'><em>συμφυΐαν</em></span> <span class='ocrx_word' id='word_1_86' title='bbox 1605 797 1684 822; x_wconf 90' lang='grc' dir='ltr'><em>πα-</em></span> 
     </span>
     <span class='ocr_line' id='line_1_11' title="bbox 250 842 1748 901; baseline 0 -15"><span class='ocrx_word' id='word_1_87' title='bbox 250 845 337 901; x_wconf 72' lang='grc' dir='ltr'><em>ρείς</em></span> <span class='ocrx_word' id='word_1_88' title='bbox 365 842 616 898; x_wconf 71' lang='grc' dir='ltr'><em>α’νόθευτον,</em></span> <span class='ocrx_word' id='word_1_89' title='bbox 659 842 684 885; x_wconf 77' lang='grc' dir='ltr'>ὃ</span> <span class='ocrx_word' id='word_1_90' title='bbox 713 850 801 893; x_wconf 83' lang='grc' dir='ltr'><em>τοῖς</em></span> <span class='ocrx_word' id='word_1_91' title='bbox 840 845 1041 900; x_wconf 82' lang='grc' dir='ltr'><em>ἐχέφροσι</em></span> <span class='ocrx_word' id='word_1_92' title='bbox 1084 844 1327 898; x_wconf 88' lang='grc' dir='ltr'><em>συζυγίταις</em></span> <span class='ocrx_word' id='word_1_93' title='bbox 1364 844 1569 900; x_wconf 87' lang='grc' dir='ltr'><em>πλήρωμα</em></span> <span class='ocrx_word' id='word_1_94' title='bbox 1613 846 1748 900; x_wconf 83' lang='grc' dir='ltr'><em>τῆςιο</em></span> 
     </span>
     <span class='ocr_line' id='line_1_12' title="bbox 249 907 1686 967; baseline 0 -15"><span class='ocrx_word' id='word_1_95' title='bbox 249 908 515 965; x_wconf 72' lang='grc' dir='ltr'><em>ἀνθρωπίνης</em></span> <span class='ocrx_word' id='word_1_96' title='bbox 543 907 813 962; x_wconf 72' lang='grc' dir='ltr'><em>εὐδαιμονίας</em></span> <span class='ocrx_word' id='word_1_97' title='bbox 843 912 1038 964; x_wconf 83' lang='grc' dir='ltr'><em>κρίνεται.</em></span> <span class='ocrx_word' id='word_1_98' title='bbox 1095 909 1246 951; x_wconf 74' lang='grc' dir='ltr'><em>οὐκοῦν</em></span> <span class='ocrx_word' id='word_1_99' title='bbox 1274 909 1298 951; x_wconf 79' lang='grc' dir='ltr'>ὅ</span> <span class='ocrx_word' id='word_1_100' title='bbox 1333 913 1410 963; x_wconf 80' lang='grc' dir='ltr'><em>μὲν</em></span> <span class='ocrx_word' id='word_1_101' title='bbox 1436 914 1487 967; x_wconf 85' lang='grc' dir='ltr'><em>τῇ</em></span> <span class='ocrx_word' id='word_1_102' title='bbox 1518 911 1686 962; x_wconf 82' lang='grc' dir='ltr'><em>γυναικὶ</em></span> 
     </span>
     <span class='ocr_line' id='line_1_13' title="bbox 249 971 1684 1030; baseline 0.001 -13"><span class='ocrx_word' id='word_1_103' title='bbox 249 974 429 1018; x_wconf 76' lang='grc' dir='ltr'><em>ἐνεκάλει</em></span> <span class='ocrx_word' id='word_1_104' title='bbox 459 972 530 1017; x_wconf 85' lang='grc' dir='ltr'><em>τὸν</em></span> <span class='ocrx_word' id='word_1_105' title='bbox 555 978 627 1030; x_wconf 86' lang='grc' dir='ltr'><em>τῆς</em></span> <span class='ocrx_word' id='word_1_106' title='bbox 655 975 890 1028; x_wconf 75' lang='grc' dir='ltr'><em>’ψωριὸδους</em></span> <span class='ocrx_word' id='word_1_107' title='bbox 920 971 1123 1029; x_wconf 74' lang='grc' dir='ltr'><em>ἀκρασίας</em></span> <span class='ocrx_word' id='word_1_108' title='bbox 1151 975 1410 1030; x_wconf 78' lang='grc' dir='ltr'><em>ὀδαξησμὸν,</em></span> <span class='ocrx_word' id='word_1_109' title='bbox 1451 976 1476 1030; x_wconf 79' lang='grc' dir='ltr'><strong><em>ἡ</em></strong></span> <span class='ocrx_word' id='word_1_110' title='bbox 1509 978 1555 1018; x_wconf 75' lang='grc' dir='ltr'><em>δὲ</em></span> <span class='ocrx_word' id='word_1_111' title='bbox 1587 977 1684 1019; x_wconf 74' lang='grc' dir='ltr'><em>τᾶν-</em></span> 
     </span>
     <span class='ocr_line' id='line_1_14' title="bbox 250 1036 1681 1096; baseline 0.001 -15"><span class='ocrx_word' id='word_1_112' title='bbox 250 1040 321 1093; x_wconf 84' lang='grc' dir='ltr'><em>δρί</em></span> <span class='ocrx_word' id='word_1_113' title='bbox 350 1043 563 1094; x_wconf 83' lang='grc' dir='ltr'><em>προσῆπτε</em></span> <span class='ocrx_word' id='word_1_114' title='bbox 590 1039 661 1082; x_wconf 86' lang='grc' dir='ltr'><em>τὸν</em></span> <span class='ocrx_word' id='word_1_115' title='bbox 690 1039 821 1089; x_wconf 74' lang='grc' dir='ltr'><em>εὐθὺς</em></span> <span class='ocrx_word' id='word_1_116' title='bbox 847 1041 890 1091; x_wconf 80' lang='grc' dir='ltr'><em>ἐξ</em></span> <span class='ocrx_word' id='word_1_117' title='bbox 915 1036 1133 1096; x_wconf 74' lang='grc' dir='ltr'><em>ἑωσφόρον</em></span> <span class='ocrx_word' id='word_1_118' title='bbox 1164 1039 1422 1094; x_wconf 77' lang='grc' dir='ltr'><em>ἀκροχάλικα</em></span> <span class='ocrx_word' id='word_1_119' title='bbox 1447 1043 1521 1083; x_wconf 84' lang='grc' dir='ltr'><em>καί</em></span> <span class='ocrx_word' id='word_1_120' title='bbox 1549 1041 1593 1083; x_wconf 83' lang='grc' dir='ltr'><em>τὸ</em></span> <span class='ocrx_word' id='word_1_121' title='bbox 1621 1041 1681 1096; x_wconf 73' lang='grc' dir='ltr'><em>μή</em></span> 
     </span>
     <span class='ocr_line' id='line_1_15' title="bbox 212 1102 1684 1162; baseline 0.001 -15"><span class='ocrx_word' id='word_1_122' title='bbox 212 1107 382 1147; x_wconf 89' lang='grc' dir='ltr'><em>Βπίνειν</em></span> <span class='ocrx_word' id='word_1_123' title='bbox 412 1102 547 1147; x_wconf 70' lang='grc' dir='ltr'><em>ὕδατα</em></span> <span class='ocrx_word' id='word_1_124' title='bbox 575 1107 619 1156; x_wconf 77' lang='grc' dir='ltr'><em>ἐξ</em></span> <span class='ocrx_word' id='word_1_125' title='bbox 647 1107 807 1148; x_wconf 85' lang='grc' dir='ltr'><em>οἰκείων</em></span> <span class='ocrx_word' id='word_1_126' title='bbox 835 1103 1008 1159; x_wconf 75' lang='grc' dir='ltr'><em>ἀγγείων</em></span> <span class='ocrx_word' id='word_1_127' title='bbox 1036 1104 1111 1146; x_wconf 82' lang='grc' dir='ltr'>καί</span> <span class='ocrx_word' id='word_1_128' title='bbox 1136 1103 1181 1147; x_wconf 85' lang='grc' dir='ltr'><em>τὸ</em></span> <span class='ocrx_word' id='word_1_129' title='bbox 1216 1110 1406 1161; x_wconf 78' lang='grc' dir='ltr'><em>κρυφίων</em></span> <span class='ocrx_word' id='word_1_130' title='bbox 1437 1102 1574 1162; x_wconf 70' lang='grc' dir='ltr'><em>ἄρτων</em></span> <span class='ocrx_word' id='word_1_131' title='bbox 1611 1109 1684 1160; x_wconf 79' lang='grc' dir='ltr'><em>ἑμ-</em></span> 
     </span>
     <span class='ocr_line' id='line_1_16' title="bbox 248 1169 1747 1226; baseline 0.002 -15"><span class='ocrx_word' id='word_1_132' title='bbox 248 1170 496 1212; x_wconf 70' lang='grc' dir='ltr'><em>πίπλασθαι.</em></span> <span class='ocrx_word' id='word_1_133' title='bbox 553 1173 624 1212; x_wconf 84' lang='grc' dir='ltr'><em>καί</em></span> <span class='ocrx_word' id='word_1_134' title='bbox 651 1171 959 1225; x_wconf 78' lang='grc' dir='ltr'><em>προβαινούσης</em></span> <span class='ocrx_word' id='word_1_135' title='bbox 992 1169 1105 1212; x_wconf 69' lang='grc' dir='ltr'><em>οὕτω</em></span> <span class='ocrx_word' id='word_1_136' title='bbox 1148 1173 1220 1226; x_wconf 81' lang='grc' dir='ltr'><em>τῆς</em></span> <span class='ocrx_word' id='word_1_137' title='bbox 1251 1173 1469 1225; x_wconf 76' lang='grc' dir='ltr'><em>’διχονοίας</em></span> <span class='ocrx_word' id='word_1_138' title='bbox 1512 1171 1580 1213; x_wconf 73' lang='grc' dir='ltr'><em>ἀεὶ</em></span> <span class='ocrx_word' id='word_1_139' title='bbox 1615 1170 1685 1214; x_wconf 75' lang='grc' dir='ltr'><em>ἐπὶ</em></span> <span class='ocrx_word' id='word_1_140' title='bbox 1702 1186 1747 1214; x_wconf 73' lang='grc' dir='ltr'><em>ιε)</em></span> 
     </span>
     <span class='ocr_line' id='line_1_17' title="bbox 248 1233 1700 1292; baseline 0.001 -15"><span class='ocrx_word' id='word_1_141' title='bbox 248 1237 355 1289; x_wconf 83' lang='grc' dir='ltr'><em>μέγα</em></span> <span class='ocrx_word' id='word_1_142' title='bbox 384 1233 607 1277; x_wconf 85' lang='grc' dir='ltr'><em>σκέπτεταί</em></span> <span class='ocrx_word' id='word_1_143' title='bbox 626 1251 666 1276; x_wconf 92' lang='grc' dir='ltr'><em>τι</em></span> <span class='ocrx_word' id='word_1_144' title='bbox 694 1234 1017 1290; x_wconf 81' lang='grc' dir='ltr'><em>βαρβαρώτερον</em></span> <span class='ocrx_word' id='word_1_145' title='bbox 1042 1234 1162 1291; x_wconf 81' lang='grc' dir='ltr'><em>ἔργον</em></span> <span class='ocrx_word' id='word_1_146' title='bbox 1188 1237 1209 1278; x_wconf 83' lang='grc' dir='ltr'>ὅ</span> <span class='ocrx_word' id='word_1_147' title='bbox 1231 1239 1455 1292; x_wconf 74' lang='grc' dir='ltr'><em>Στέφανος,</em></span> <span class='ocrx_word' id='word_1_148' title='bbox 1483 1240 1555 1279; x_wconf 86' lang='grc' dir='ltr'>καί</span> <span class='ocrx_word' id='word_1_149' title='bbox 1579 1237 1700 1283; x_wconf 60' lang='grc' dir='ltr'><em>αὕτὸ,</em></span> 
     </span>
     <span class='ocr_line' id='line_1_18' title="bbox 247 1297 1683 1358; baseline 0.001 -17"><span class='ocrx_word' id='word_1_150' title='bbox 247 1303 432 1354; x_wconf 86' lang='grc' dir='ltr'><em>μέτεισι·</em></span> <span class='ocrx_word' id='word_1_151' title='bbox 488 1300 749 1354; x_wconf 81' lang='grc' dir='ltr'><em>πλασάμενος</em></span> <span class='ocrx_word' id='word_1_152' title='bbox 780 1300 888 1355; x_wconf 82' lang='grc' dir='ltr'><em>γάρ,</em></span> <span class='ocrx_word' id='word_1_153' title='bbox 921 1297 1012 1354; x_wconf 79' lang='grc' dir='ltr'><em>ἦτοι</em></span> <span class='ocrx_word' id='word_1_154' title='bbox 1043 1304 1116 1344; x_wconf 79' lang='grc' dir='ltr'><em>καί</em></span> <span class='ocrx_word' id='word_1_155' title='bbox 1151 1300 1334 1358; x_wconf 78' lang='grc' dir='ltr'><em>φάμενος</em></span> <span class='ocrx_word' id='word_1_156' title='bbox 1362 1303 1551 1357; x_wconf 75' lang='grc' dir='ltr'><em>α’ληθῶς,</em></span> <span class='ocrx_word' id='word_1_157' title='bbox 1589 1318 1683 1354; x_wconf 76' lang='grc' dir='ltr'><em>μοι·</em></span> 
     </span>
     <span class='ocr_line' id='line_1_19' title="bbox 245 1364 1685 1423; baseline 0.002 -17"><span class='ocrx_word' id='word_1_158' title='bbox 245 1368 481 1420; x_wconf 82' lang='grc' dir='ltr'><em>χευομένην</em></span> <span class='ocrx_word' id='word_1_159' title='bbox 509 1366 669 1407; x_wconf 78' lang='grc' dir='ltr'><em>ἁλῶναι</em></span> <span class='ocrx_word' id='word_1_160' title='bbox 697 1364 773 1420; x_wconf 78' lang='grc' dir='ltr'><em>τήν</em></span> <span class='ocrx_word' id='word_1_161' title='bbox 806 1366 1016 1408; x_wconf 85' lang='grc' dir='ltr'><em>Ευ’δοκίαν</em></span> <span class='ocrx_word' id='word_1_162' title='bbox 1043 1367 1194 1416; x_wconf 84' lang='grc' dir='ltr'><em>παντὸς</em></span> <span class='ocrx_word' id='word_1_163' title='bbox 1223 1369 1460 1421; x_wconf 84' lang='grc' dir='ltr'><em>α’πογυμνοῖ</em></span> <span class='ocrx_word' id='word_1_164' title='bbox 1486 1368 1685 1423; x_wconf 81' lang='grc' dir='ltr'><em>περιβλή-</em></span> 
     </span>
     <span class='ocr_line' id='line_1_20' title="bbox 250 1429 1682 1488; baseline 0.001 -16"><span class='ocrx_word' id='word_1_165' title='bbox 250 1442 384 1484; x_wconf 84' lang='grc' dir='ltr'><em>ματος</em></span> <span class='ocrx_word' id='word_1_166' title='bbox 412 1433 650 1484; x_wconf 77' lang='grc' dir='ltr'><em>γυναικείου</em></span> <span class='ocrx_word' id='word_1_167' title='bbox 669 1464 680 1484; x_wconf 88' lang='grc'>,</span> <span class='ocrx_word' id='word_1_168' title='bbox 711 1429 784 1472; x_wconf 84' lang='grc' dir='ltr'><em>τὸν</em></span> <span class='ocrx_word' id='word_1_169' title='bbox 816 1429 992 1484; x_wconf 79' lang='grc' dir='ltr'><em>ἔσχατον</em></span> <span class='ocrx_word' id='word_1_170' title='bbox 1020 1432 1126 1488; x_wconf 73' lang='grc' dir='ltr'><em>αὐτῇ</em></span> <span class='ocrx_word' id='word_1_171' title='bbox 1161 1433 1232 1474; x_wconf 80' lang='grc' dir='ltr'><em>καί</em></span> <span class='ocrx_word' id='word_1_172' title='bbox 1270 1436 1490 1475; x_wconf 84' lang='grc' dir='ltr'><em>λεπταλέον</em></span> <span class='ocrx_word' id='word_1_173' title='bbox 1527 1435 1682 1487; x_wconf 75' lang='grc' dir='ltr'><em>χιτῶνα</em></span> 
     </span>
     <span class='ocr_line' id='line_1_21' title="bbox 250 1495 1748 1555; baseline 0.001 -19"><span class='ocrx_word' id='word_1_174' title='bbox 250 1496 379 1548; x_wconf 89' lang='grc' dir='ltr'><em>μόνον</em></span> <span class='ocrx_word' id='word_1_175' title='bbox 405 1496 671 1548; x_wconf 79' lang='grc' dir='ltr'><em>καταλιπών,</em></span> <span class='ocrx_word' id='word_1_176' title='bbox 708 1498 780 1537; x_wconf 84' lang='grc' dir='ltr'><em>καί</em></span> <span class='ocrx_word' id='word_1_177' title='bbox 811 1498 953 1538; x_wconf 81' lang='grc' dir='ltr'><em>τοῦτον</em></span> <span class='ocrx_word' id='word_1_178' title='bbox 997 1496 1131 1555; x_wconf 75' lang='grc' dir='ltr'><em>κύκλῳ</em></span> <span class='ocrx_word' id='word_1_179' title='bbox 1171 1500 1439 1553; x_wconf 82' lang='grc' dir='ltr'><em>περικοπέντα</em></span> <span class='ocrx_word' id='word_1_180' title='bbox 1473 1495 1529 1547; x_wconf 75' lang='grc' dir='ltr'><em>ὥς</em></span> <span class='ocrx_word' id='word_1_181' title='bbox 1563 1496 1748 1550; x_wconf 67' lang='grc' dir='ltr'><em>μόλιςαο</em></span> 
     </span>
     <span class='ocr_line' id='line_1_22' title="bbox 251 1559 1686 1618; baseline 0.001 -16"><span class='ocrx_word' id='word_1_182' title='bbox 251 1563 530 1615; x_wconf 84' lang='grc' dir='ltr'><em>περιστέλλειν</em></span> <span class='ocrx_word' id='word_1_183' title='bbox 557 1559 607 1602; x_wconf 75' lang='grc' dir='ltr'><em>τά</em></span> <span class='ocrx_word' id='word_1_184' title='bbox 640 1562 722 1602; x_wconf 73' lang='grc' dir='ltr'><em>τῶν</em></span> <span class='ocrx_word' id='word_1_185' title='bbox 750 1563 888 1613; x_wconf 77' lang='grc' dir='ltr'><em>μελῶν</em></span> <span class='ocrx_word' id='word_1_186' title='bbox 912 1562 1155 1615; x_wconf 77' lang='grc' dir='ltr'><em>α’σχήμονα,</em></span> <span class='ocrx_word' id='word_1_187' title='bbox 1191 1566 1262 1604; x_wconf 83' lang='grc' dir='ltr'>καί</span> <span class='ocrx_word' id='word_1_188' title='bbox 1301 1565 1517 1618; x_wconf 84' lang='grc' dir='ltr'><em>διαφίησιν</em></span> <span class='ocrx_word' id='word_1_189' title='bbox 1556 1560 1686 1613; x_wconf 75' lang='grc' dir='ltr'><em>οὕτως</em></span> 
     </span>
     <span class='ocr_line' id='line_1_23' title="bbox 252 1624 1686 1684; baseline 0.002 -17"><span class='ocrx_word' id='word_1_190' title='bbox 252 1626 435 1680; x_wconf 80' lang='grc' dir='ltr'><em>α’τίμως,</em></span> <span class='ocrx_word' id='word_1_191' title='bbox 462 1624 566 1668; x_wconf 77' lang='grc' dir='ltr'><em>ἔνθα</em></span> <span class='ocrx_word' id='word_1_192' title='bbox 594 1629 666 1669; x_wconf 85' lang='grc' dir='ltr'><strong><em>καί</em></strong></span> <span class='ocrx_word' id='word_1_193' title='bbox 693 1624 869 1683; x_wconf 72' lang='grc' dir='ltr'><em>διοργῴη</em></span> <span class='ocrx_word' id='word_1_194' title='bbox 896 1626 1164 1682; x_wconf 75' lang='grc' dir='ltr'><em>πορεύεσθαι.</em></span> <span class='ocrx_word' id='word_1_195' title='bbox 1219 1627 1318 1684; x_wconf 86' lang='grc' dir='ltr'><em>πρὸς</em></span> <span class='ocrx_word' id='word_1_196' title='bbox 1346 1630 1392 1670; x_wconf 85' lang='grc' dir='ltr'><em>δὲ</em></span> <span class='ocrx_word' id='word_1_197' title='bbox 1417 1628 1587 1682; x_wconf 71' lang='grc' dir='ltr'><em>ταυτηνί</em></span> <span class='ocrx_word' id='word_1_198' title='bbox 1612 1627 1686 1682; x_wconf 63' lang='grc' dir='ltr'><em>τὴν</em></span> 
     </span>
    </p>
   </div>
   <div class='ocr_carea' id='block_1_3' title="bbox 344 1742 1684 1935">
    <p class='ocr_par' dir='ltr' id='par_1_3' title="bbox 344 1742 1684 1935">
     <span class='ocr_line' id='line_1_24' title="bbox 345 1742 1683 1798; baseline 0.003 -18"><span class='ocrx_word' id='word_1_199' title='bbox 345 1759 378 1781; x_wconf 87' lang='lat'><em>2.</em></span> <span class='ocrx_word' id='word_1_200' title='bbox 404 1742 566 1795; x_wconf 78' lang='grc' dir='ltr'><em>ἧγεμῶν]</em></span> <span class='ocrx_word' id='word_1_201' title='bbox 594 1747 723 1794; x_wconf 83' lang='grc' dir='ltr'><em>ἄρχων</em></span> <span class='ocrx_word' id='word_1_202' title='bbox 745 1749 819 1783; x_wconf 72' lang='grc' dir='ltr'><em>ταῖν</em></span> <span class='ocrx_word' id='word_1_203' title='bbox 846 1749 986 1795; x_wconf 81' lang='grc' dir='ltr'><em>σέρβων</em></span> <span class='ocrx_word' id='word_1_204' title='bbox 1012 1750 1050 1784; x_wconf 84' lang='grc' dir='ltr'><em>Β.</em></span> <span class='ocrx_word' id='word_1_205' title='bbox 1150 1760 1199 1784; x_wconf 81' lang='lat'><em>12.</em></span> <span class='ocrx_word' id='word_1_206' title='bbox 1222 1743 1290 1786; x_wconf 78' lang='grc' dir='ltr'><em>τὸν</em></span> <span class='ocrx_word' id='word_1_207' title='bbox 1315 1749 1390 1798; x_wconf 70' lang='grc' dir='ltr'><em>τῆς]</em></span> <span class='ocrx_word' id='word_1_208' title='bbox 1430 1750 1479 1787; x_wconf 77' lang='grc' dir='ltr'><em>ὥς</em></span> <span class='ocrx_word' id='word_1_209' title='bbox 1503 1751 1683 1795; x_wconf 83' lang='grc' dir='ltr'><em>περιπλο-</em></span> 
     </span>
     <span class='ocr_line' id='line_1_25' title="bbox 348 1792 1684 1844; baseline 0.001 -16"><span class='ocrx_word' id='word_1_210' title='bbox 348 1793 417 1832; x_wconf 69' lang='grc' dir='ltr'><em>κὰς</em></span> <span class='ocrx_word' id='word_1_211' title='bbox 447 1797 511 1828; x_wconf 80' lang='grc' dir='ltr'><em>καὶ</em></span> <span class='ocrx_word' id='word_1_212' title='bbox 537 1798 740 1832; x_wconf 79' lang='grc' dir='ltr'><em>συνουσίας</em></span> <span class='ocrx_word' id='word_1_213' title='bbox 763 1794 914 1839; x_wconf 64' lang='grc' dir='ltr'><em>ἀνδρῶν</em></span> <span class='ocrx_word' id='word_1_214' title='bbox 940 1795 1128 1840; x_wconf 78' lang='grc' dir='ltr'><em>α’γαπιὸσα</em></span> <span class='ocrx_word' id='word_1_215' title='bbox 1154 1797 1191 1828; x_wconf 89' lang='grc' dir='ltr'><em>Β.</em></span> <span class='ocrx_word' id='word_1_216' title='bbox 1301 1800 1350 1832; x_wconf 79' lang='grc'><em>13.</em></span> <span class='ocrx_word' id='word_1_217' title='bbox 1375 1792 1414 1831; x_wconf 84' lang='grc' dir='ltr'><em>τό</em></span> <span class='ocrx_word' id='word_1_218' title='bbox 1440 1795 1507 1844; x_wconf 78' lang='grc' dir='ltr'><em>μὴ]</em></span> <span class='ocrx_word' id='word_1_219' title='bbox 1535 1792 1576 1830; x_wconf 80' lang='grc' dir='ltr'><em>τό</em></span> <span class='ocrx_word' id='word_1_220' title='bbox 1607 1796 1684 1831; x_wconf 74' lang='grc' dir='ltr'><em>ἑτέ-</em></span> 
     </span>
     <span class='ocr_line' id='line_1_26' title="bbox 345 1841 1683 1891; baseline 0.003 -17"><span class='ocrx_word' id='word_1_221' title='bbox 345 1853 431 1884; x_wconf 79' lang='grc' dir='ltr'><em>ραις</em></span> <span class='ocrx_word' id='word_1_222' title='bbox 455 1843 744 1888; x_wconf 76' lang='grc' dir='ltr'><em>συμμίγνυσθαι</em></span> <span class='ocrx_word' id='word_1_223' title='bbox 767 1843 917 1886; x_wconf 80' lang='grc' dir='ltr'><em>γυναιξί</em></span> <span class='ocrx_word' id='word_1_224' title='bbox 945 1843 980 1875; x_wconf 90' lang='grc' dir='ltr'><em>Β.</em></span> <span class='ocrx_word' id='word_1_225' title='bbox 1067 1854 1117 1888; x_wconf 86' lang='lat'><em>¹9·</em></span> <span class='ocrx_word' id='word_1_226' title='bbox 1144 1841 1212 1879; x_wconf 77' lang='grc' dir='ltr'><em>τὸν</em></span> <span class='ocrx_word' id='word_1_227' title='bbox 1237 1843 1330 1891; x_wconf 77' lang='grc' dir='ltr'><em>ἕσχ.]</em></span> <span class='ocrx_word' id='word_1_228' title='bbox 1357 1845 1472 1890; x_wconf 81' lang='grc' dir='ltr'><em>μέχρι</em></span> <span class='ocrx_word' id='word_1_229' title='bbox 1495 1845 1562 1878; x_wconf 82' lang='grc' dir='ltr'><em>τοῦ</em></span> <span class='ocrx_word' id='word_1_230' title='bbox 1590 1843 1683 1878; x_wconf 74' lang='grc' dir='ltr'><em>ὑπο-</em></span> 
     </span>
     <span class='ocr_line' id='line_1_27' title="bbox 344 1889 717 1935; baseline -0.005 -13"><span class='ocrx_word' id='word_1_231' title='bbox 344 1890 509 1935; x_wconf 73' lang='grc' dir='ltr'><em>καμίσου</em></span> <span class='ocrx_word' id='word_1_232' title='bbox 531 1889 653 1934; x_wconf 82' lang='grc' dir='ltr'><em>μόνου</em></span> <span class='ocrx_word' id='word_1_233' title='bbox 681 1889 717 1920; x_wconf 93' lang='grc' dir='ltr'><em>Β.</em></span> 
     </span>
    </p>
   </div>
   <div class='ocr_carea' id='block_1_4' title="bbox 253 1999 1684 2742">
    <p class='ocr_par' dir='ltr' id='par_1_4' title="bbox 253 1999 1684 2742">
     <span class='ocr_line' id='line_1_28' title="bbox 253 1999 1683 2046; baseline 0.001 -13"><span class='ocrx_word' id='word_1_234' title='bbox 253 2001 403 2034; x_wconf 78' lang='lat' dir='ltr'>laestina</span> <span class='ocrx_word' id='word_1_235' title='bbox 427 2000 618 2034; x_wconf 81' lang='lat' dir='ltr'>oberrante</span> <span class='ocrx_word' id='word_1_236' title='bbox 642 2006 788 2046; x_wconf 83' lang='lat' dir='ltr'>patruus</span> <span class='ocrx_word' id='word_1_237' title='bbox 812 2002 966 2034; x_wconf 83' lang='lat' dir='ltr'>Isaacius</span> <span class='ocrx_word' id='word_1_238' title='bbox 993 2000 1175 2046; x_wconf 80' lang='lat' dir='ltr'>Stephano</span> <span class='ocrx_word' id='word_1_239' title='bbox 1208 2001 1282 2034; x_wconf 83' lang='lat' dir='ltr'>filio</span> <span class='ocrx_word' id='word_1_240' title='bbox 1308 1999 1495 2034; x_wconf 87' lang='lat' dir='ltr'>Neemanis</span> <span class='ocrx_word' id='word_1_241' title='bbox 1527 2001 1683 2046; x_wconf 78' lang='lat' dir='ltr'>despon-</span> 
     </span>
     <span class='ocr_line' id='line_1_29' title="bbox 257 2047 1683 2092; baseline 0.001 -13"><span class='ocrx_word' id='word_1_242' title='bbox 257 2047 327 2087; x_wconf 82' lang='lat' dir='ltr'>dit,</span> <span class='ocrx_word' id='word_1_243' title='bbox 353 2047 594 2080; x_wconf 80' lang='lat' dir='ltr'>Triballorum</span> <span class='ocrx_word' id='word_1_244' title='bbox 619 2049 781 2092; x_wconf 84' lang='lat' dir='ltr'>principi.</span> <span class='ocrx_word' id='word_1_245' title='bbox 800 2059 919 2081; x_wconf 87' lang='lat' dir='ltr'>verum</span> <span class='ocrx_word' id='word_1_246' title='bbox 944 2049 980 2081; x_wconf 90' lang='lat' dir='ltr'><em>in</em></span> <span class='ocrx_word' id='word_1_247' title='bbox 1007 2050 1131 2092; x_wconf 79' lang='lat' dir='ltr'>exiguo</span> <span class='ocrx_word' id='word_1_248' title='bbox 1157 2054 1316 2092; x_wconf 86' lang='lat' dir='ltr'>tempore</span> <span class='ocrx_word' id='word_1_249' title='bbox 1340 2048 1377 2080; x_wconf 89' lang='lat' dir='ltr'><em>in</em></span> <span class='ocrx_word' id='word_1_250' title='bbox 1401 2048 1603 2092; x_wconf 79' lang='lat' dir='ltr'>principatu</span> <span class='ocrx_word' id='word_1_251' title='bbox 1622 2059 1683 2081; x_wconf 87' lang='lat' dir='ltr'><em>ex-</em></span> 
     </span>
     <span class='ocr_line' id='line_1_30' title="bbox 256 2094 1682 2138; baseline 0.001 -13"><span class='ocrx_word' id='word_1_252' title='bbox 256 2099 335 2126; x_wconf 78' lang='lat' dir='ltr'>acto</span> <span class='ocrx_word' id='word_1_253' title='bbox 361 2094 397 2126; x_wconf 89' lang='lat' dir='ltr'><em>in</em></span> <span class='ocrx_word' id='word_1_254' title='bbox 421 2094 560 2138; x_wconf 83' lang='lat' dir='ltr'>Papicio</span> <span class='ocrx_word' id='word_1_255' title='bbox 582 2100 702 2127; x_wconf 88' lang='lat' dir='ltr'>monte</span> <span class='ocrx_word' id='word_1_256' title='bbox 729 2096 769 2127; x_wconf 84' lang='lat' dir='ltr'>fit</span> <span class='ocrx_word' id='word_1_257' title='bbox 792 2095 997 2127; x_wconf 79' lang='lat' dir='ltr'>monachus.</span> <span class='ocrx_word' id='word_1_258' title='bbox 1024 2095 1117 2127; x_wconf 84' lang='lat' dir='ltr'>filius</span> <span class='ocrx_word' id='word_1_259' title='bbox 1151 2105 1236 2127; x_wconf 85' lang='lat' dir='ltr'>vero</span> <span class='ocrx_word' id='word_1_260' title='bbox 1273 2094 1348 2126; x_wconf 84' lang='lat' dir='ltr'>eius</span> <span class='ocrx_word' id='word_1_261' title='bbox 1384 2094 1508 2127; x_wconf 86' lang='lat' dir='ltr'>eodem</span> <span class='ocrx_word' id='word_1_262' title='bbox 1539 2095 1682 2127; x_wconf 86' lang='lat' dir='ltr'>nomine</span> 
     </span>
     <span class='ocr_line' id='line_1_31' title="bbox 257 2138 1682 2185; baseline 0.001 -13"><span class='ocrx_word' id='word_1_263' title='bbox 257 2138 458 2183; x_wconf 81' lang='lat' dir='ltr'><strong>Stephanus</strong></span> <span class='ocrx_word' id='word_1_264' title='bbox 483 2140 640 2173; x_wconf 83' lang='lat' dir='ltr'>Eudocia</span> <span class='ocrx_word' id='word_1_265' title='bbox 662 2146 831 2185; x_wconf 85' lang='lat' dir='ltr'>paternae</span> <span class='ocrx_word' id='word_1_266' title='bbox 850 2142 1025 2185; x_wconf 83' lang='lat' dir='ltr'>satrapiae</span> <span class='ocrx_word' id='word_1_267' title='bbox 1051 2141 1193 2174; x_wconf 88' lang='lat' dir='ltr'>domina</span> <span class='ocrx_word' id='word_1_268' title='bbox 1211 2140 1387 2173; x_wconf 83' lang='lat' dir='ltr'>declarata</span> <span class='ocrx_word' id='word_1_269' title='bbox 1410 2141 1574 2185; x_wconf 83' lang='lat' dir='ltr'>plusculo</span> <span class='ocrx_word' id='word_1_270' title='bbox 1594 2147 1682 2174; x_wconf 87' lang='lat' dir='ltr'>tem-</span> 
     </span>
     <span class='ocr_line' id='line_1_32' title="bbox 254 2183 1683 2232; baseline 0.003 -16"><span class='ocrx_word' id='word_1_271' title='bbox 254 2196 342 2230; x_wconf 87' lang='lat' dir='ltr'>pore</span> <span class='ocrx_word' id='word_1_272' title='bbox 369 2191 490 2218; x_wconf 83' lang='lat' dir='ltr'>exacto</span> <span class='ocrx_word' id='word_1_273' title='bbox 519 2186 651 2219; x_wconf 87' lang='lat' dir='ltr'>liberos</span> <span class='ocrx_word' id='word_1_274' title='bbox 677 2198 719 2220; x_wconf 88' lang='lat' dir='ltr'><em>ex</em></span> <span class='ocrx_word' id='word_1_275' title='bbox 745 2198 785 2220; x_wconf 86' lang='lat' dir='ltr'><em>ea</em></span> <span class='ocrx_word' id='word_1_276' title='bbox 819 2189 976 2232; x_wconf 81' lang='lat' dir='ltr'>suscipit.</span> <span class='ocrx_word' id='word_1_277' title='bbox 1010 2183 1073 2220; x_wconf 77' lang='lat' dir='ltr'><em>sed</em></span> <span class='ocrx_word' id='word_1_278' title='bbox 1113 2193 1250 2232; x_wconf 84' lang='lat' dir='ltr'>ternpus</span> <span class='ocrx_word' id='word_1_279' title='bbox 1284 2187 1399 2219; x_wconf 86' lang='lat' dir='ltr'>omnia</span> <span class='ocrx_word' id='word_1_280' title='bbox 1441 2188 1609 2219; x_wconf 79' lang='lat' dir='ltr'>innovare</span> <span class='ocrx_word' id='word_1_281' title='bbox 1646 2192 1683 2220; x_wconf 83' lang='lat' dir='ltr'><em>et</em></span> 
     </span>
     <span class='ocr_line' id='line_1_33' title="bbox 255 2232 1682 2277; baseline 0.001 -14"><span class='ocrx_word' id='word_1_282' title='bbox 255 2237 430 2276; x_wconf 84' lang='lat' dir='ltr'>perpetuo</span> <span class='ocrx_word' id='word_1_283' title='bbox 458 2232 763 2266; x_wconf 83' lang='lat' dir='ltr'>dissimilitudines</span> <span class='ocrx_word' id='word_1_284' title='bbox 789 2234 957 2267; x_wconf 85' lang='lat' dir='ltr'>inducere</span> <span class='ocrx_word' id='word_1_285' title='bbox 982 2234 1126 2267; x_wconf 87' lang='lat' dir='ltr'>solitum</span> <span class='ocrx_word' id='word_1_286' title='bbox 1150 2234 1269 2266; x_wconf 80' lang='lat' dir='ltr'>ambos</span> <span class='ocrx_word' id='word_1_287' title='bbox 1301 2245 1320 2264; x_wconf 85' lang='lat' dir='ltr'>a</span> <span class='ocrx_word' id='word_1_288' title='bbox 1353 2233 1500 2277; x_wconf 79' lang='lat' dir='ltr'>pristina</span> <span class='ocrx_word' id='word_1_289' title='bbox 1533 2233 1682 2265; x_wconf 88' lang='lat' dir='ltr'>coniun-</span> 
     </span>
     <span class='ocr_line' id='line_1_34' title="bbox 256 2278 1682 2323; baseline 0.001 -13"><span class='ocrx_word' id='word_1_290' title='bbox 256 2278 374 2310; x_wconf 87' lang='lat' dir='ltr'>ctione</span> <span class='ocrx_word' id='word_1_291' title='bbox 399 2279 630 2311; x_wconf 83' lang='lat' dir='ltr'>consentione</span> <span class='ocrx_word' id='word_1_292' title='bbox 656 2279 840 2323; x_wconf 79' lang='lat' dir='ltr'>disiungit,</span> <span class='ocrx_word' id='word_1_293' title='bbox 864 2291 929 2312; x_wconf 89' lang='lat' dir='ltr'><em>nec</em></span> <span class='ocrx_word' id='word_1_294' title='bbox 954 2281 990 2312; x_wconf 89' lang='lat' dir='ltr'><em>in</em></span> <span class='ocrx_word' id='word_1_295' title='bbox 1016 2291 1058 2313; x_wconf 90' lang='lat' dir='ltr'><em>eo</em></span> <span class='ocrx_word' id='word_1_296' title='bbox 1083 2291 1228 2313; x_wconf 89' lang='lat' dir='ltr'>numero</span> <span class='ocrx_word' id='word_1_297' title='bbox 1254 2290 1329 2311; x_wconf 87' lang='lat' dir='ltr'>esse</span> <span class='ocrx_word' id='word_1_298' title='bbox 1353 2279 1485 2322; x_wconf 84' lang='lat' dir='ltr'>patitur</span> <span class='ocrx_word' id='word_1_299' title='bbox 1509 2290 1597 2323; x_wconf 69' lang='lat' dir='ltr'><em>qum</em></span> <span class='ocrx_word' id='word_1_300' title='bbox 1614 2279 1682 2322; x_wconf 80' lang='lat' dir='ltr'><em>Ly-</em></span> 
     </span>
     <span class='ocr_line' id='line_1_35' title="bbox 257 2323 1682 2370; baseline 0.002 -15"><span class='ocrx_word' id='word_1_301' title='bbox 257 2324 349 2356; x_wconf 81' lang='lat' dir='ltr'>ricus</span> <span class='ocrx_word' id='word_1_302' title='bbox 374 2323 427 2356; x_wconf 91' lang='lat' dir='ltr'><em>his</em></span> <span class='ocrx_word' id='word_1_303' title='bbox 452 2324 612 2357; x_wconf 88' lang='lat' dir='ltr'>versibus</span> <span class='ocrx_word' id='word_1_304' title='bbox 638 2326 804 2366; x_wconf 79' lang='lat' dir='ltr'>celebrat.</span> <span class='ocrx_word' id='word_1_305' title='bbox 832 2327 978 2368; x_wconf 84' lang='lat' dir='ltr'>„felices</span> <span class='ocrx_word' id='word_1_306' title='bbox 1002 2332 1057 2359; x_wconf 88' lang='lat' dir='ltr'><em>ter</em></span> <span class='ocrx_word' id='word_1_307' title='bbox 1084 2332 1120 2360; x_wconf 86' lang='lat' dir='ltr'><em>et</em></span> <span class='ocrx_word' id='word_1_308' title='bbox 1144 2326 1294 2370; x_wconf 82' lang='lat' dir='ltr'>amplius</span> <span class='ocrx_word' id='word_1_309' title='bbox 1318 2335 1405 2368; x_wconf 83' lang='lat' dir='ltr'>quos</span> <span class='ocrx_word' id='word_1_310' title='bbox 1425 2326 1558 2369; x_wconf 81' lang='lat' dir='ltr'>irrupta</span> <span class='ocrx_word' id='word_1_311' title='bbox 1583 2331 1682 2358; x_wconf 80' lang='lat' dir='ltr'>tenet</span> 
     </span>
     <span class='ocr_line' id='line_1_36' title="bbox 259 2370 1684 2417; baseline 0.001 -15"><span class='ocrx_word' id='word_1_312' title='bbox 259 2370 409 2414; x_wconf 84' lang='lat' dir='ltr'>copula,</span> <span class='ocrx_word' id='word_1_313' title='bbox 440 2381 506 2403; x_wconf 90' lang='lat' dir='ltr'><em>nec</em></span> <span class='ocrx_word' id='word_1_314' title='bbox 529 2371 630 2404; x_wconf 80' lang='lat' dir='ltr'>malis</span> <span class='ocrx_word' id='word_1_315' title='bbox 658 2371 814 2405; x_wconf 88' lang='lat' dir='ltr'>divulsus</span> <span class='ocrx_word' id='word_1_316' title='bbox 849 2373 1080 2417; x_wconf 87' lang='lat' dir='ltr'>querimoniis</span> <span class='ocrx_word' id='word_1_317' title='bbox 1113 2383 1274 2417; x_wconf 84' lang='lat' dir='ltr'>suprema</span> <span class='ocrx_word' id='word_1_318' title='bbox 1308 2371 1409 2403; x_wconf 85' lang='lat' dir='ltr'>citius</span> <span class='ocrx_word' id='word_1_319' title='bbox 1445 2371 1549 2404; x_wconf 87' lang='lat' dir='ltr'>solvit</span> <span class='ocrx_word' id='word_1_320' title='bbox 1586 2383 1684 2404; x_wconf 85' lang='lat' dir='ltr'>amor</span> 
     </span>
     <span class='ocr_line' id='line_1_37' title="bbox 259 2415 1683 2462; baseline 0.001 -13"><span class='ocrx_word' id='word_1_321' title='bbox 259 2415 350 2449; x_wconf 87' lang='lat' dir='ltr'>die.&#39;&#39;</span> <span class='ocrx_word' id='word_1_322' title='bbox 373 2428 455 2449; x_wconf 83' lang='lat' dir='ltr'><em>nam</em></span> <span class='ocrx_word' id='word_1_323' title='bbox 482 2416 544 2449; x_wconf 87' lang='lat' dir='ltr'>ille</span> <span class='ocrx_word' id='word_1_324' title='bbox 571 2419 672 2450; x_wconf 82' lang='lat' dir='ltr'>uxori</span> <span class='ocrx_word' id='word_1_325' title='bbox 697 2419 869 2462; x_wconf 83' lang='lat' dir='ltr'>pruritum</span> <span class='ocrx_word' id='word_1_326' title='bbox 893 2418 1063 2459; x_wconf 83' lang='lat' dir='ltr'>libidinis,</span> <span class='ocrx_word' id='word_1_327' title='bbox 1090 2429 1130 2451; x_wconf 82' lang='lat' dir='ltr'><em>ea</em></span> <span class='ocrx_word' id='word_1_328' title='bbox 1156 2424 1277 2451; x_wconf 80' lang='lat' dir='ltr'>contra</span> <span class='ocrx_word' id='word_1_329' title='bbox 1303 2418 1427 2450; x_wconf 81' lang='lat' dir='ltr'>marito</span> <span class='ocrx_word' id='word_1_330' title='bbox 1453 2417 1683 2453; x_wconf 79' lang='lat' dir='ltr'>bibacitatem</span> 
     </span>
     <span class='ocr_line' id='line_1_38' title="bbox 259 2462 1682 2507; baseline 0.003 -13"><span class='ocrx_word' id='word_1_331' title='bbox 259 2475 280 2495; x_wconf 77' lang='lat' dir='ltr'>a</span> <span class='ocrx_word' id='word_1_332' title='bbox 304 2463 416 2507; x_wconf 85' lang='lat' dir='ltr'>primo</span> <span class='ocrx_word' id='word_1_333' title='bbox 441 2462 597 2496; x_wconf 88' lang='lat' dir='ltr'>diluculo</span> <span class='ocrx_word' id='word_1_334' title='bbox 624 2469 660 2496; x_wconf 91' lang='lat' dir='ltr'><em>et</em></span> <span class='ocrx_word' id='word_1_335' title='bbox 683 2464 830 2497; x_wconf 87' lang='lat' dir='ltr'>aliarum</span> <span class='ocrx_word' id='word_1_336' title='bbox 864 2466 1051 2497; x_wconf 84' lang='lat' dir='ltr'>mulierum</span> <span class='ocrx_word' id='word_1_337' title='bbox 1074 2464 1363 2497; x_wconf 84' lang='lat' dir='ltr'>consuetudinem</span> <span class='ocrx_word' id='word_1_338' title='bbox 1396 2464 1601 2501; x_wconf 82' lang='lat' dir='ltr'>obiiciebat.</span> <span class='ocrx_word' id='word_1_339' title='bbox 1633 2465 1682 2498; x_wconf 83' lang='lat' dir='ltr'><em>ita</em></span> 
     </span>
     <span class='ocr_line' id='line_1_39' title="bbox 261 2508 1682 2555; baseline 0.001 -14"><span class='ocrx_word' id='word_1_340' title='bbox 261 2508 406 2542; x_wconf 88' lang='lat' dir='ltr'>dissidio</span> <span class='ocrx_word' id='word_1_341' title='bbox 432 2509 583 2542; x_wconf 88' lang='lat' dir='ltr'>subinde</span> <span class='ocrx_word' id='word_1_342' title='bbox 607 2517 784 2543; x_wconf 83' lang='lat' dir='ltr'>crescente</span> <span class='ocrx_word' id='word_1_343' title='bbox 809 2510 1009 2555; x_wconf 83' lang='lat' dir='ltr'>Stephanus</span> <span class='ocrx_word' id='word_1_344' title='bbox 1031 2511 1251 2543; x_wconf 80' lang='lat' dir='ltr'>barbaricum</span> <span class='ocrx_word' id='word_1_345' title='bbox 1276 2510 1460 2542; x_wconf 85' lang='lat' dir='ltr'>consilium</span> <span class='ocrx_word' id='word_1_346' title='bbox 1484 2511 1551 2544; x_wconf 87' lang='lat' dir='ltr'>init</span> <span class='ocrx_word' id='word_1_347' title='bbox 1574 2512 1682 2555; x_wconf 75' lang='lat' dir='ltr'>atque</span> 
     </span>
     <span class='ocr_line' id='line_1_40' title="bbox 261 2556 1683 2600; baseline 0 -12"><span class='ocrx_word' id='word_1_348' title='bbox 261 2556 459 2600; x_wconf 78' lang='lat' dir='ltr'>exequitur,</span> <span class='ocrx_word' id='word_1_349' title='bbox 483 2567 563 2589; x_wconf 77' lang='lat' dir='ltr'><em>nam</em></span> <span class='ocrx_word' id='word_1_350' title='bbox 587 2556 658 2588; x_wconf 88' lang='lat' dir='ltr'>sive</span> <span class='ocrx_word' id='word_1_351' title='bbox 683 2557 834 2589; x_wconf 82' lang='lat' dir='ltr'>conficto</span> <span class='ocrx_word' id='word_1_352' title='bbox 863 2559 935 2589; x_wconf 90' lang='lat' dir='ltr'>sive</span> <span class='ocrx_word' id='word_1_353' title='bbox 958 2568 1040 2589; x_wconf 85' lang='lat' dir='ltr'>vere</span> <span class='ocrx_word' id='word_1_354' title='bbox 1066 2557 1205 2589; x_wconf 77' lang='lat' dir='ltr'>obiecto</span> <span class='ocrx_word' id='word_1_355' title='bbox 1230 2556 1395 2588; x_wconf 80' lang='lat' dir='ltr'>adulterii</span> <span class='ocrx_word' id='word_1_356' title='bbox 1420 2558 1584 2598; x_wconf 87' lang='lat' dir='ltr'>crimine,</span> <span class='ocrx_word' id='word_1_357' title='bbox 1611 2557 1683 2589; x_wconf 85' lang='lat' dir='ltr'><em>Eu-</em></span> 
     </span>
     <span class='ocr_line' id='line_1_41' title="bbox 262 2601 1681 2647; baseline 0.002 -14"><span class='ocrx_word' id='word_1_358' title='bbox 262 2601 396 2634; x_wconf 80' lang='lat' dir='ltr'>dociam</span> <span class='ocrx_word' id='word_1_359' title='bbox 422 2603 517 2634; x_wconf 89' lang='lat' dir='ltr'>omni</span> <span class='ocrx_word' id='word_1_360' title='bbox 544 2603 671 2635; x_wconf 82' lang='lat' dir='ltr'>vestitu</span> <span class='ocrx_word' id='word_1_361' title='bbox 695 2603 861 2636; x_wconf 84' lang='lat' dir='ltr'>muliebri</span> <span class='ocrx_word' id='word_1_362' title='bbox 886 2603 1031 2647; x_wconf 81' lang='lat' dir='ltr'>spoliat,</span> <span class='ocrx_word' id='word_1_363' title='bbox 1057 2604 1132 2635; x_wconf 79' lang='lat' dir='ltr'>sola</span> <span class='ocrx_word' id='word_1_364' title='bbox 1160 2604 1257 2635; x_wconf 90' lang='lat' dir='ltr'>tenui</span> <span class='ocrx_word' id='word_1_365' title='bbox 1282 2603 1434 2636; x_wconf 81' lang='lat' dir='ltr'>interula</span> <span class='ocrx_word' id='word_1_366' title='bbox 1461 2604 1604 2644; x_wconf 75' lang='lat' dir='ltr'>relicta,&#39;</span> <span class='ocrx_word' id='word_1_367' title='bbox 1620 2613 1681 2635; x_wconf 85' lang='lat' dir='ltr'><em>ea-</em></span> 
     </span>
     <span class='ocr_line' id='line_1_42' title="bbox 262 2648 1679 2694; baseline 0.001 -15"><span class='ocrx_word' id='word_1_368' title='bbox 262 2659 332 2692; x_wconf 85' lang='lat' dir='ltr'><em>que</em></span> <span class='ocrx_word' id='word_1_369' title='bbox 358 2649 517 2693; x_wconf 88' lang='lat' dir='ltr'>undique</span> <span class='ocrx_word' id='word_1_370' title='bbox 547 2649 723 2693; x_wconf 75' lang='lat' dir='ltr'>praecisa,</span> <span class='ocrx_word' id='word_1_371' title='bbox 749 2655 788 2682; x_wconf 86' lang='lat' dir='ltr'>ut</span> <span class='ocrx_word' id='word_1_372' title='bbox 824 2651 881 2682; x_wconf 82' lang='lat' dir='ltr'><em>vix</em></span> <span class='ocrx_word' id='word_1_373' title='bbox 915 2648 1101 2693; x_wconf 82' lang='lat' dir='ltr'>pudendas</span> <span class='ocrx_word' id='word_1_374' title='bbox 1146 2656 1262 2694; x_wconf 80' lang='lat' dir='ltr'>partes</span> <span class='ocrx_word' id='word_1_375' title='bbox 1295 2656 1449 2693; x_wconf 77' lang='lat' dir='ltr'>tegeret,</span> <span class='ocrx_word' id='word_1_376' title='bbox 1490 2656 1596 2694; x_wconf 80' lang='lat' dir='ltr'>atque</span> <span class='ocrx_word' id='word_1_377' title='bbox 1631 2650 1679 2682; x_wconf 82' lang='lat' dir='ltr'><em>ita</em></span> 
     </span>
     <span class='ocr_line' id='line_1_43' title="bbox 262 2695 1681 2742; baseline 0.001 -15"><span class='ocrx_word' id='word_1_378' title='bbox 262 2695 492 2739; x_wconf 82' lang='lat' dir='ltr'>ignominiose</span> <span class='ocrx_word' id='word_1_379' title='bbox 509 2706 578 2741; x_wconf 86' lang='lat' dir='ltr'><em>quo</em></span> <span class='ocrx_word' id='word_1_380' title='bbox 594 2696 735 2730; x_wconf 87' lang='lat' dir='ltr'>libitum</span> <span class='ocrx_word' id='word_1_381' title='bbox 749 2702 841 2730; x_wconf 81' lang='lat' dir='ltr'>esset</span> <span class='ocrx_word' id='word_1_382' title='bbox 868 2695 965 2729; x_wconf 76' lang='lat' dir='ltr'>abire</span> <span class='ocrx_word' id='word_1_383' title='bbox 991 2697 1085 2730; x_wconf 71' lang='lat' dir='ltr'>sinit,</span> <span class='ocrx_word' id='word_1_384' title='bbox 1109 2695 1190 2729; x_wconf 85' lang='lat' dir='ltr'>huic</span> <span class='ocrx_word' id='word_1_385' title='bbox 1214 2708 1352 2742; x_wconf 71' lang='lat' dir='ltr'>poenae</span> <span class='ocrx_word' id='word_1_386' title='bbox 1377 2703 1449 2731; x_wconf 78' lang='lat' dir='ltr'><em>tam</em></span> <span class='ocrx_word' id='word_1_387' title='bbox 1469 2696 1681 2731; x_wconf 74' lang='lat' dir='ltr'>inhonestae</span> 
     </span>
    </p>
   </div>
  </div>
 </body>
</html>
