1878 3230
303 184 413 256 796
474 196 483 204 ·
711 196 939 241 N1CETA13
985 197 1296 240 cHonTAE

408 311 449 350 8.
507 306 623 361 Περὶ
644 310 757 363 μῆνα
782 311 919 350 τοίνυν
946 306 1020 350 τὸν
1046 304 1284 364 φυλλοχόον
1310 308 1381 361 τῆς
1401 306 1554 358 πόλεως
1578 306 1730 360 ἔξεισιν

291 377 435 428 Ἔρρῆς
463 371 486 414 ὃ
514 377 590 415 τοῦ
611 375 873 415 Βαλδουίνου
901 374 1143 428 κασίγνητος
1172 374 1244 414 καί
1274 375 1438 427 Πέτρος
1468 372 1491 413 ὅ
1519 376 1564 416 ἐκ
1582 374 1729 416 Πλάν-

295 441 392 494 τζης
421 436 685 492 ὁρμώμενος,
727 437 832 493 ἀνὴρ
861 437 1049 493 ἡρωϊκὸς
1069 436 1143 492 τὴν
1168 435 1315 490 ἰσχύν,
1346 437 1419 479 καί
1443 436 1547 493 πρὸς
1574 441 1624 495 τῇ
1649 456 1729 482 πα-

296 503 410 561 ράλῳ
445 502 702 546 Kaumana
729 502 939 558 γενόμενοι
974 504 1017 552 ἐς
1044 505 1100 545 ἕω
1125 505 1446 553 διαπλοΐζονται.
1503 502 1625 545 nai-15
1652 506 1731 556 μὲν

291 565 439 624 Ἐρρῆς
466 571 677 622 συμμίξας
714 571 758 612 ἐν
793 570 931 626 Τρωΐᾳ
961 573 1048 617 τοῖς
1071 569 1303 623 Ἀρμενίοις
1320 600 1332 621 ,
1364 571 1434 611 καὶ
1460 568 1768 623 συμμαχίδας5

295 633 388 683 ἴλας
425 637 585 676 ἐκεῖθεν
623 632 964 689 ἐπαμησάμενος,
1009 632 1140 689 ἔκειρε
1181 633 1255 683 τὰς
1293 632 1437 684 πόλεις
1462 636 1533 676 καί
1559 635 1733 676 διετίθει

297 701 454 753 κακῶς,
494 695 587 742 ὅσαι
636 698 694 755 μή
738 702 878 756 ἐκείνῳ
921 700 1187 752 συνέβαινον,
1229 699 1440 754 κρατήσας
1483 701 1530 742 δὲ
1571 701 1644 741 καί
1664 699 1735 754 τῆς

288 762 401 821 Ἴδης
427 768 502 808 τοῦ
530 761 654 820 ὅρους
679 767 752 807 καί
778 764 847 806 διὰ
876 766 960 806 τῶν
991 762 1143 819 ταύτης
1173 765 1326 806 στενῶν
1349 764 1574 820 παρελθών
1597 766 1658 812 εἰς
1684 761 1732 806 τὸ

293 829 599 884 Ἀτραμύττιον
625 829 964 885 προκεχώρηκεν·
998 827 1018 870 ὃ
1049 831 1087 871 δ’
1118 830 1162 870 ἐκ
1181 826 1402 884 Πλάντζης
1430 832 1598 884 Πέτρος
1627 825 1736 883 ἄρας

298 897 346 937 ἐκ
371 898 446 937 τοῦ
486 897 570 938 τῶν
601 897 762 950 Πηγῶν
807 897 1056 947 πολίσματος
1085 893 1158 946 τὴν
1185 895 1229 943 ἐς
1261 893 1308 937 τὸ
1333 893 1555 938 Λοπάδιον
1575 897 1736 937 στέλλε-
1754 912 1801 939 ιο

298 977 380 1002 ται.
438 960 629 1015 α’πήντων
673 962 720 1002 δὲ
749 961 861 1016 αὐτῷ
886 959 992 1012 μετὰ
1025 963 1229 1001 πλείστων
1248 959 1493 1012 Ῥωμαϊκῶν
1521 958 1739 1012 δυνάμεων

257 1024 400 1080 nuspa*
422 1024 467 1067 τὰ
499 1024 719 1078 λεγόμενον
748 1023 1012 1077 Ποιμανινὸν
1040 1025 1079 1066 οἱ
1105 1023 1204 1080 περὶ
1226 1023 1299 1066 τὸν
1323 1023 1546 1080 Λάσκαριν
1574 1021 1738 1067 Θεόδω-

302 1106 387 1146 ρον.
444 1089 482 1132 οἱ
514 1091 560 1132 δὲ
587 1089 661 1144 τήν
687 1093 779 1132 κατ’
808 1091 948 1131 αὐτῶν
975 1088 1158 1144 ἐμβολὴν
1183 1092 1269 1131 τῶν
1297 1090 1493 1132 Λατίνων
1521 1089 1598 1131 οὔκ
1626 1090 1738 1143 ἔνεγ-

163 1155 438 1208 Ἷ.319κόντες
455 1189 468 1209 ,
497 1155 535 1196 οἱ
562 1158 641 1208 μὲν
671 1156 714 1204 ἐς
741 1154 880 1211 φυγὴν
915 1153 1094 1211 ὁρῶσιν,
1127 1154 1148 1196 ὅ
1179 1157 1226 1197 δὲ
1254 1157 1424 1209 Πέτρος
1451 1156 1495 1205 ἐς
1519 1154 1564 1197 τὸ
1588 1154 1740 1198 Λοπά-

300 1223 392 1263 διον
436 1216 605 1273 ἄπεισι,
644 1222 802 1275 μηδένα
837 1218 947 1274 ἔχων
985 1219 1055 1263 τὸν
1083 1221 1141 1270 εἷς
1165 1227 1314 1275 χεῖρας
1341 1220 1477 1273 ἰόντα,
1505 1219 1596 1262 ἀλλ’
1623 1218 1738 1274 εὖρί-
1754 1225 1803 1266 15

299 1303 411 1329 σκων
439 1285 594 1333 πάντας
620 1284 723 1338 μετὰ
754 1287 991 1339 σταυρικῶν
1020 1285 1203 1340 σημείων
1230 1286 1304 1326 καί
1326 1287 1408 1327 τῶν
1435 1288 1563 1327 θείων
1590 1285 1740 1340 λογίων

300 1353 589 1404 δεξιουμένους
617 1348 762 1403 αὐτόν,
797 1352 841 1392 oz*
864 1349 935 1391 καὶ
961 1352 1097 1392 κακῶν
1126 1352 1307 1398 α’παθεῑς
1335 1351 1560 1403 διέμειναν.
1615 1350 1739 1392 τοῦτο

302 1419 349 1460 δὲ
375 1419 446 1459 καί
469 1421 562 1464 ταῖς
589 1421 756 1464 λοιπαῖς
796 1418 1013 1469 συνέβαινε
1038 1414 1226 1468 πόλεσιν,
1269 1412 1366 1457 ὅσαι
1399 1414 1459 1470 μὴ
1485 1421 1641 1470 χωρεῖν
1667 1412 1740 1457 διοὶ

303 1482 444 1536 μα’χης
476 1487 561 1529 τοῖς
587 1484 787 1530 Λατίνοις
821 1478 1093 1534 ἐγνώκεισαν,
1137 1482 1177 1523 εἰ
1204 1482 1278 1522 καί
1308 1480 1487 1535 πονηρὸν
1510 1482 1656 1535 χρῆμα
1681 1481 1741 1529 εἰς

303 1549 536 1602 θεραπείαν
570 1550 777 1598 Λατῖνος,
803 1545 920 1600 φωνὴ
952 1543 1209 1601 ἀσύμφωνος
1228 1542 1418 1600 Ἕλλησι,
1446 1545 1587 1600 γνώμη
1617 1549 1738 1601 φιλο·
1753 1563 1805 1589 20
1853 1571 1878 1590 μ

305 1610 532 1667 χρήματος,
556 1610 778 1667 ὀφθαλμὸς
796 1606 1152 1665 ιῖπαιδαγώγητος,
1174 1609 1329 1666 γαστήρ
1358 1611 1593 1665 α’κόρεστος,
1622 1611 1739 1664 ὀργί-

304 1683 373 1728 λος
399 1676 471 1719 καί
509 1678 678 1732 δριμεῖα
718 1673 859 1732 ψυχή,
888 1677 961 1718 καί
983 1675 1079 1731 χείρ
1118 1677 1287 1732 διφῶσα
1314 1674 1360 1718 τὸ
1386 1676 1505 1732 ξίφος
1533 1673 1605 1717 διὰ
1635 1692 1739 1718 παν-

403 1828 430 1851 ¹.
457 1816 546 1859 περὶ
569 1814 685 1862 μῆνα]
716 1813 808 1849 κατά
837 1814 935 1858 γοῦν
958 1811 1025 1849 τόν
1039 1813 1242 1859 ἅκτιόβριον
1267 1815 1369 1859 μῆνα
1393 1814 1583 1860 ἐξέρχεται
1605 1812 1627 1847 ὅ
1654 1815 1740 1857 βαλ-
1874 1848 1878 1855 ,

397 1862 573 1905 δουβίνου
598 1858 764 1907 α’δελφὸς
792 1861 814 1894 o‘
833 1861 919 1905 ἐρῆς
940 1861 977 1893 Β.
1094 1872 1126 1894 2.
1152 1860 1315 1907 πράτζης
1340 1861 1377 1894 Β.
1511 1862 1543 1896 5.
1567 1862 1676 1906 προίει
1698 1861 1742 1894 Α.
1872 1863 1878 1903 ξ

394 1922 428 1955 9.
453 1908 614 1954 πράτζης
638 1909 676 1940 Β.
775 1918 824 1940 12.
848 1903 1064 1954 πημανινόν
1091 1907 1127 1939 Β.
1872 1905 1878 1936 i

396 2038 428 2071 8.
476 2036 587 2080 Igitur
611 2034 760 2068 Octobri
784 2045 903 2068 mense
936 2036 1074 2069 Erricus
1105 2034 1272 2068 Balduini
1294 2035 1404 2068 frater
1429 2039 1465 2068 et
1485 2035 1609 2068 Petrus
1633 2035 1740 2068 Plan-

308 2083 399 2123 cius,
424 2083 477 2116 vir
510 2081 656 2114 heroico
691 2082 839 2123 robore,
866 2082 1035 2127 Callipoli
1067 2083 1105 2115 in
1129 2082 1313 2115 Orientem
1339 2080 1536 2115 trassciunt.
1570 2092 1611 2114 ac
1641 2081 1740 2114 Erri-

308 2140 369 2161 cus
394 2127 630 2161 auxiliaribus
658 2127 906 2161 Armeniorum
942 2129 1054 2173 copiis
1081 2128 1213 2161 Troiae
1246 2133 1387 2169 auctus,
1424 2128 1528 2160 urbes
1555 2138 1646 2171 quae
1669 2127 1738 2159 im-

306 2175 446 2221 perium
477 2173 687 2211 recusabant
716 2174 810 2207 male
841 2175 1019 2208 tractabat
1052 2179 1089 2208 et
1122 2174 1301 2216 vastabat,
1337 2179 1374 2206 et
1404 2174 1519 2206 victor
1555 2184 1620 2217 per
1651 2172 1741 2206 Idae

305 2221 438 2253 montis
463 2221 642 2264 angustias
666 2220 924 2264 Adramyttium
950 2231 1064 2266 usque
1088 2221 1272 2265 processit.
1320 2221 1424 2252 Petro
1449 2224 1567 2252 autem
1591 2219 1737 2252 Plancio

305 2267 407 2311 Pegis
435 2266 635 2311 Lopadium
663 2267 907 2310 proficiscenti
931 2267 1142 2301 Theodorus
1171 2267 1328 2300 Lascaris
1362 2265 1455 2297 circa
1483 2265 1738 2299 Poemaninum

305 2324 384 2346 cum
407 2314 568 2346 maximis
592 2313 759 2345 Romanis
787 2314 898 2358 copiis
925 2314 1087 2346 occurrit.
1115 2324 1206 2358 quae
1235 2324 1314 2345 cum
1338 2311 1545 2344 Latinorum
1573 2322 1739 2355 congres-

305 2371 382 2393 sum
408 2370 483 2392 non
509 2359 664 2391 ferentes
692 2359 796 2403 fugae
821 2371 858 2392 se
884 2359 1123 2400 mandassent,
1147 2360 1222 2400 ille,
1249 2359 1334 2403 quia
1357 2368 1462 2390 nemo
1488 2362 1564 2390 erat
1591 2358 1654 2403 qui
1680 2369 1738 2391 re-

305 2407 469 2447 sisteret,
496 2405 559 2438 sed
588 2404 632 2437 ab
657 2405 825 2438 omnibus
849 2417 927 2438 cum
956 2406 1120 2438 crucibus
1147 2411 1183 2439 et
1208 2405 1314 2438 sacris
1340 2404 1535 2447 evangeliis
1563 2404 1737 2449 suscipie-

304 2452 431 2493 batur,
461 2451 659 2496 Lopadium
684 2450 760 2484 abit
786 2456 823 2484 et
835 2452 1057 2496 supplicibus
1080 2452 1202 2496 parcit.
1230 2449 1378 2483 eandem
1405 2451 1631 2484 clementiam
1655 2460 1737 2483 cae-

304 2504 405 2532 terae
431 2508 575 2543 quoque
598 2497 704 2530 urbes
726 2507 818 2542 quae
841 2498 945 2530 armis
971 2498 1222 2530 abstinuerunt
1248 2502 1331 2529 sunt
1356 2502 1547 2541 expertae,
1576 2497 1737 2541 quamvis

307 2545 451 2578 difficile
485 2544 532 2578 sit
558 2544 725 2577 Latinum
751 2554 838 2577 voce
877 2555 897 2576 a
935 2543 1079 2576 Graecis
1119 2543 1408 2584 dissentientem,
1440 2554 1544 2576 avaro
1571 2542 1736 2587 ingenio,

307 2591 411 2624 oculo
441 2589 664 2635 impudenti,
699 2594 822 2624 ventre
846 2589 1063 2630 insatiabili,
1089 2590 1204 2622 animo
1229 2589 1398 2622 iracundo
1426 2595 1462 2622 et
1483 2589 1612 2622 acerbo
1628 2614 1638 2629 ,
1659 2599 1735 2621 ma-

307 2649 355 2671 nu
381 2643 555 2682 perpetuo
581 2647 699 2669 ensem
723 2637 932 2681 quaerenti,
968 2636 1081 2669 lenire
1106 2636 1301 2681 obsequiis.
1327 2641 1504 2668 caeterum
1530 2635 1735 2668 Prusaensi-
1872 2643 1878 2664 ι·

309 2695 369 2716 um
404 2694 549 2728 quoque
583 2683 779 2727 periculum
808 2683 935 2716 facturi
969 2682 1105 2722 Latini,
1147 2682 1210 2728 qui
1239 2687 1438 2715 commeatu
1462 2681 1507 2714 ad
1532 2681 1735 2715 diuturnam.

310 2729 533 2764 obsidionem
559 2729 742 2764 ferendam
765 2734 977 2774 praeparato
1005 2729 1145 2774 locique
1171 2729 1241 2762 situ
1265 2729 1347 2763 freti
1372 2729 1469 2774 (nam
1482 2728 1590 2762 Prusa
1613 2733 1738 2765 tumn„-

1870 2582 1878 2635 ...με
1874 2547 1878 2574 -.
1874 2530 1875 2537 ε
1871 2398 1878 2518 -..-.ι-,
1865 2069 1878 2389 -ᾼΔιψιὼε-
