1838 3210
405 211 478 251 DE
514 210 772 252 MANUELE
810 210 1075 254 GOMNENO
1115 213 1217 254 un.
1262 214 1316 253 11.
1513 211 1591 268 99

141 308 286 362 μάτων
332 306 568 364 ἆπληστίαν
608 306 936 362 ὗπονυττόμενος
952 341 966 364 ,
1007 310 1081 353 καὶ
1114 312 1273 367 μηδένα
1316 310 1442 366 κόρον
1468 315 1594 368 φιλο-

143 377 346 425 πλουτίας
374 372 523 428 εἴδεός,
552 375 643 417 ἄλλ’
674 371 773 428 ὅρον
800 377 1016 429 τιθέμενος
1040 378 1118 432 τῆς
1143 379 1328 434 ἐφέσεως
1352 375 1401 420 τὰ
1430 377 1504 420 καὶ
1535 379 1596 428 εἷς

141 439 284 496 τρίτον
305 443 498 497 ζωστῆρα
528 444 581 498 τῇ
600 440 703 497 ὁλκῇ
721 441 804 481 τῶν
825 440 1060 495 χρημάτων
1086 441 1164 493 τάς
1180 443 1320 492 πάσας
1338 439 1366 499 ἢ
1383 442 1460 493 τὰς
1477 443 1596 486 πλειὲ

142 522 218 557 ους
237 509 342 563 νῆας
356 507 652 561 βαπτίζεσθαι,
676 504 774 556 τούς
791 521 838 547 τε
857 505 1147 563 χειρώνακτας
1171 510 1356 560 ἕξεπίεζε
1366 543 1381 563 ,
1402 511 1503 564 περὶ
1516 511 1593 552 τοῦ
1603 519 1632 554 C

107 571 282 630 ὄρύπου
305 575 390 615 τῶν
410 573 570 626 ὀβολῶν
592 569 904 628 πολυπράγμων
923 572 1152 627 γινόμενος,
1177 575 1251 616 καί
1270 574 1370 626 τούς
1387 575 1594 624 δυνατούς

142 637 217 680 καὶ
241 636 464 694 λαμπρούς
508 635 556 679 τὸ
596 638 713 692 γένος
750 639 825 679 καί
857 637 1038 691 σεμνοὺς
1075 638 1152 694 την
1178 639 1346 695 ἡλικίαν
1373 642 1447 683 καί
1474 657 1594 697 περι-

143 709 291 760 φανεῖς
334 705 419 746 κατ’
459 704 632 754 α’ξίωσιν
673 703 897 760 διαφόροις
924 703 1134 747 κακώσεσι
1161 709 1484 762 καθυπέβαλλε,
1511 725 1595 763 μη-

143 769 258 818 δενὸς
286 765 511 823 λαμβάνων
539 766 644 810 αἰδῶ
671 770 744 811 καί
765 767 913 825 φειδώ,
942 768 1002 825 μή
1032 771 1358 825 δυσωπούμενος
1384 772 1460 827 τὴν
1489 775 1595 815 δυσ-

141 832 302 890 ώπησιν
322 867 332 885 ,
369 832 430 890 μὴ
472 832 547 889 τήν
584 834 860 890 Ἀδράστειαν
900 834 1208 889 εὐλαβούμενος
1246 838 1380 880 αὐτοῦ
1407 854 1489 879 που
1518 843 1595 880 λα·

86 918 131 944 ιο
141 902 303 955 βοῦσαν
347 898 488 955 ἀρχήν
497 934 509 954 ,
553 896 583 955 ἢ
610 899 688 955 τὴν
717 902 943 953 Καδμείαν
967 903 1191 958 λεγομένην
1215 906 1332 958 νίκην
1359 902 1597 958 ὕποβλεπό-

140 981 278 1020 μενος.
298 970 416 1016 τέλος
447 968 494 1008 δὲ
514 966 566 1008 τὰ
591 965 686 1021 ἱερά
707 968 882 1022 προθείς
899 964 1125 1022 γράμματα
1154 970 1380 1023 ἠνάγκαζεν
1403 972 1592 1021 ἕκαστον,

142 1031 218 1088 τὴν
239 1030 378 1089 ὀσφὺν
399 1033 692 1085 ὑπεζωσμένον
710 1031 905 1085 εἰσιόντα,
927 1032 1003 1088 τη“ν
1025 1032 1180 1075 οἰκείαν
1195 1035 1344 1077 οὐσίαν
1360 1031 1423 1085 οἷς
1439 1038 1596 1078 ένθεω-

142 1104 279 1152 ρεῖται
299 1101 397 1151 μεθ’
414 1095 540 1152 ὅρκου
565 1099 791 1153 διασαφεῖν
818 1100 891 1139 καί
916 1099 1070 1153 ταύτην
1097 1100 1374 1152 έξομνύμενον
1410 1102 1598 1143 α’πιέναι.

143 1165 216 1205 καί
244 1162 355 1206 οὕτω
376 1163 513 1206 πάντα
528 1160 713 1219 χρυσόν,
738 1158 924 1219 ἄργυρον
940 1164 1074 1206 πάντα
1098 1163 1396 1221 δίεκφορήσας,
1418 1167 1493 1207 καί
1517 1165 1596 1215 τοὶς

83 1232 130 1272 15
139 1230 404 1285 χρυσοϋφεῖς
435 1229 591 1278 ὀθόνας
621 1235 714 1278 ταῖς
732 1229 882 1271 ναυσίν
911 1230 1150 1284 ἐνθέμενος,
1177 1225 1279 1272 οῦδὲ
1294 1234 1376 1273 τῶν
1391 1230 1640 1285 σωμάτωνῑ)

141 1296 284 1338 αὐτῶν
301 1297 384 1337 τῶν
403 1295 472 1336 ὑπ’
493 1291 629 1337 αὐτοῦ
642 1296 976 1348 καλαμωθέντων
988 1295 1208 1350 ἀπέσχετο,
1224 1295 1330 1338 α’λλά
1349 1296 1424 1338 καί
1436 1295 1599 1340 τούτων

142 1360 389 1417 α’ριστίνδην
414 1359 460 1403 τὸ
485 1363 671 1415 προῦχον
687 1358 933 1414 συλλαβών,
962 1362 1044 1403 τῶν
1069 1377 1116 1403 τε
1137 1364 1348 1416 γυναικῶν
1368 1362 1600 1417 ἀποκρίνας

142 1424 241 1470 ὅσαι
261 1425 309 1469 τὸ
329 1423 439 1476 εἶδος
453 1426 580 1469 καλαί
595 1429 669 1469 καί
679 1425 926 1480 βαθύζωνοι
942 1428 1018 1469 καί
1034 1432 1122 1478 τοῖς
1135 1426 1298 1480 νάμασι
1313 1426 1512 1478 πολλάκις
1524 1432 1601 1483 τῆς

141 1491 443 1548 καλλικρούνου
466 1495 624 1548 Δίρκης
637 1492 897 1546 λουσάμεναι
909 1494 981 1535 καί
994 1491 1072 1542 τοὶς
1083 1492 1217 1546 κόμας
1231 1491 1602 1547 διευθετισάμεναι

79 1576 130 1604 20
140 1557 215 1600 καί
239 1557 316 1613 την
355 1557 625 1613 ἱστουργικὴν
667 1559 911 1614 κομψότητα
951 1559 1090 1608 καλῶς
1128 1555 1405 1612 ἐπιστάμεναι
1421 1592 1433 1611 ,
1463 1558 1601 1610 οὕτως

141 1625 303 1666 ἐκεῖθεν
334 1624 546 1679 ἀνάγεται.
602 1623 706 1666 κατά
748 1624 849 1682 ῥοῦν
877 1626 926 1666 δὲ
953 1626 1039 1667 τῶν
1068 1621 1328 1680 πραγμάτων
1355 1625 1471 1682 αὐτῷ
1497 1640 1601 1680 προ-

136 1688 418 1746 χωρούντων,
459 1691 532 1732 καί
557 1692 720 1746 μηδένα
758 1693 835 1732 τοῦ
861 1691 1014 1746 καιροῦ
1051 1690 1287 1744 α’ντιζιιαχον
1313 1687 1484 1744 ἔχοντος
1503 1724 1515 1743 ,
1546 1692 1600 1732 ου’

141 1754 251 1797 κατὰ
279 1755 464 1811 χέρσον,
509 1756 559 1797 οὖ
589 1754 693 1798 κατὰ
734 1754 981 1807 θάλασσαν,
1013 1757 1092 1796 τοῦ
1119 1754 1226 1808 πρὸς
1254 1753 1474 1810 Κόρινθον
1500 1755 1596 1810 ἔχε-

141 1837 212 1864 ται
239 1823 372 1875 πλοῦ,
420 1820 538 1863 πόλιν
573 1817 750 1878 άφνειὸν
788 1822 862 1862 καί
893 1822 1086 1876 κειμένην
1125 1818 1232 1876 πρὸς
1258 1822 1315 1879 τῷ
1336 1816 1496 1879 Ἰσθμῷ
1521 1823 1598 1863 καί

240 1939 268 1961 ι.
296 1925 532 1970 ύπονυχθεὶς
552 1925 593 1959 A.
714 1927 745 1960 5.
769 1924 975 1972 γενόμενος
998 1925 1040 1958 Α.
1167 1935 1219 1958 11.
1242 1925 1472 1973 γράμματα]
1495 1926 1596 1972 πρᾶ-

235 1985 362 2028 γματα
386 1974 425 2006 Α.
521 1983 573 2007 12.
594 1972 893 2018 ὕποζωσιίμενον
916 1972 967 2013 Δ,
1000 1972 1133 2005 omisso
1167 1972 1349 2007 εἰσιόντα.
1441 1974 1501 2016 -ι4,
1530 1975 1595 2007 καὶ

236 2032 304 2078 τας
338 2020 462 2100 χρυσέ]
499 2022 563 2053 καὶ
594 2021 748 2064 βλαττία
784 2020 839 2056 εἰς
865 2016 911 2053 τά
944 2018 1116 2064 κάτεργα
1149 2019 1186 2051 Β.
1342 2029 1399 2051 22.
1425 2019 1594 2068 ἔχοντος]

235 2078 399 2113 αγοντος
453 2090 462 2098 .

142 2152 223 2188 tur,
246 2146 354 2179 homo
380 2145 622 2186 insatiabilis,
646 2145 709 2190 qui
742 2144 885 2178 nullum
908 2143 1103 2190 cupiditati
1129 2148 1305 2177 statuerat
1329 2143 1498 2186 modum,
1520 2146 1593 2179 nisi

8 2216 13 2235 3
142 2205 224 2227 eum
251 2199 293 2227 ut
315 2204 423 2227 naves
449 2203 572 2226 omnes
603 2198 667 2225 aut
690 2193 818 2226 saltem
846 2193 1039 2238 plurimas,
1066 2192 1244 2236 pecuniae
1268 2191 1431 2236 pondere
1455 2191 1502 2225 ad
1518 2197 1593 2225 ter-

0 2236 14 2284 i:
140 2242 233 2274 tium
264 2251 380 2286 usque
421 2240 604 2284 cingulum
637 2239 882 2284 demergeret,
921 2245 958 2272 et
989 2239 1136 2284 opifices
1170 2237 1361 2280 exhausit,
1386 2244 1423 2272 et
1450 2239 1590 2273 sordidi

12 2286 14 2293 ⁸
142 2289 244 2322 oboli
269 2288 429 2320 curiosus
455 2287 670 2332 indagator,
694 2293 882 2332 potentes,
916 2286 1054 2319 illustri
1076 2296 1208 2330 genere
1231 2291 1358 2326 natos,
1382 2290 1502 2319 aetate
1526 2297 1590 2319 ve-

141 2335 322 2368 nerabiles
347 2341 384 2368 et
408 2335 586 2379 dignitate
611 2339 836 2379 praestantes
862 2333 977 2374 viros,
1000 2333 1110 2367 variis
1133 2333 1262 2365 afflixit
1286 2331 1423 2373 modis,
1449 2333 1588 2367 nullius

140 2381 358 2415 verecundia
379 2387 442 2415 aut
468 2381 716 2414 misericordia
742 2387 882 2422 motus,
921 2380 1031 2413 homo
1059 2390 1204 2425 prorsus
1231 2379 1486 2421 inexorabilis,
1512 2391 1588 2413 nou

140 2429 335 2462 vindictam
360 2428 624 2470 inevitabilem,
647 2440 723 2462 non
746 2427 938 2461 Cadmeam
962 2427 1150 2460 victoriam
1174 2427 1319 2462 timens.
1344 2426 1504 2472 denique
1529 2438 1588 2459 sa-

142 2476 210 2508 cris
235 2476 337 2509 libris
361 2476 558 2521 propositis
575 2501 584 2517 ‚
610 2476 771 2520 singulos
797 2475 926 2508 cinctis
949 2474 1084 2507 lumbis
1107 2475 1286 2518 ingressos
1303 2499 1312 2515 ‚
1336 2473 1585 2518 inspectisque

141 2521 264 2563 libris,
292 2534 372 2555 cum
399 2522 633 2556 iureiurando
664 2534 764 2556 suam
789 2534 865 2555 rem
885 2521 1101 2555 familiarem
1129 2521 1312 2554 declarare
1338 2531 1454 2566 eaque
1480 2521 1587 2553 abiu-

142 2574 219 2602 rata
256 2569 441 2603 discedere
470 2570 598 2614 coegit.
634 2570 686 2603 sic
712 2570 811 2603 omni
843 2580 955 2610 auro,
979 2569 1079 2601 omni
1105 2573 1271 2613 argento,
1299 2568 1396 2600 dmni
1425 2567 1584 2612 pretiosa

141 2621 240 2648 veste
262 2616 414 2650 navibus
441 2617 634 2662 imposita,
659 2628 705 2650 ne
737 2615 948 2662 corporibus
983 2614 1131 2661 quidem
1157 2626 1280 2648 eorum
1304 2614 1468 2659 pepercit
1493 2623 1594 2658 quos·

141 2661 333 2707 spoliarat3
357 2663 422 2696 sed
446 2664 663 2708 primoribus
687 2663 831 2697 delectu
859 2674 905 2696 ex
934 2662 1172 2707 optimatibus
1196 2661 1324 2694 habito
1349 2660 1586 2705 comprehen-

141 2709 212 2749 sis,
241 2714 277 2741 et
299 2710 472 2743 matronis
493 2710 744 2755 pulcherrimis
769 2722 810 2744 ac
836 2709 1025 2743 ditissimis
1049 2715 1087 2743 et
1101 2708 1248 2742 texendi
1274 2707 1503 2752 peritissimis
1527 2717 1584 2739 se-

141 2755 264 2796 lectis,
294 2754 582 2791 indeffdiscessit.
605 2758 658 2794 ita
681 2758 788 2790 rebus
820 2767 992 2801 prospere
1015 2755 1316 2794 succedentibus,
1343 2763 1464 2798 neque
1489 2758 1582 2786 terra

142 2813 262 2848 neque
286 2802 376 2836 mari
410 2802 486 2837 ullo
519 2804 729 2845 resistente,
764 2803 979 2837 Corinthum
1012 2802 1157 2844 tendit,
1193 2801 1320 2834 urbem
1345 2799 1516 2841 divitem,
1541 2800 1580 2834 in
