1878 3230
306 161 417 235 858
732 178 956 220 mcETAs
1001 179 1280 221 cuomATA

305 278 455 321 στάσιν
489 274 612 318 οἱονεὶ
635 275 936 327 ἐπιτάσσοντα,
969 278 1026 326 ὥς
1053 280 1098 320 δὲ
1126 278 1255 321 ἐδόκει
1283 284 1366 329 τοῖς
1389 283 1596 336 πλείοσιν,
1634 283 1655 326 ὁ
1684 287 1729 328 ἐν

303 347 355 398 τῇ
385 343 495 399 νήσῳ
523 343 600 383 τοῦ
627 344 822 391 Πέλοπος
852 346 1064 398 γεννηθείς
1094 345 1167 385 καί
1192 346 1367 401 τραφείς
1393 349 1732 405 Βελλεροφόντης

303 409 493 464 Πηγάσῳ
519 407 838 461 ἐπικαθήμενος·
897 404 951 462 ἦν
977 407 1057 463 γάρ
1087 406 1108 450 ὅ
1136 409 1260 458 ἵππος
1290 410 1508 465 α’χάλινος,
1539 410 1679 462 ὁποῖος
1707 415 1731 456 ὅ

302 470 508 526 Πήγασος
547 474 851 526 παραδίδοται,
904 468 1031 516 ἄνετα
1071 475 1275 529 κροαίνων
1316 474 1418 518 κατὰ
1463 480 1616 520 πεδίων
1661 482 1734 521 καὶ

302 536 438 579 πάντα
468 539 627 587 α’δοξῶν
657 538 868 593 ἀναβάτην
897 538 950 588 ὦς
979 538 1126 595 πτηνὸς
1157 537 1247 593 ἅμα
1285 541 1358 592 καί
1393 541 1514 593 πεζὸς
1552 541 1770 599 φερόμε-5

301 618 383 651 νος.
440 603 550 645 ἀλλὰ
581 603 656 645 καί
682 600 800 659 φήμη
830 605 1093 660 παλαίφατος
1127 606 1186 655 εἷς
1213 603 1319 661 ἡμᾶς
1348 608 1621 660 διαβαίνουσα
1648 615 1735 659 τοῖς

301 668 386 708 τῶν
411 665 602 709 ἁπάντων
627 670 802 721 ἐνέκειτο
831 668 1052 722 στόμασιν,
1081 670 1132 711 ἐν·
1154 673 1206 726 τῇ
1233 672 1473 729 ἑμπροσθύρ
1501 676 1578 714 τοῦ
1603 675 1733 716 ἵππου

299 735 423 774 τοῦδε
449 736 547 789 λαιᾷ
572 736 681 789 χηλῇ
706 729 967 788 άνδρείκελον
997 734 1241 788 κεύθεσθαι,
1270 737 1356 778 τισί
1379 739 1457 789 μὲν
1483 739 1529 780 ἐκ
1559 741 1634 780 τοῦ
1651 740 1736 781 τῶν

300 800 532 840 Βενετίκων
558 801 702 852 γένους
722 797 834 847 τινὸς
857 796 963 841 εἶναι
985 801 1331 855 παραδιδόμενον,
1356 797 1494 850 ἄλλοις
1524 805 1560 844 δ’
1589 799 1734 857 ἑτέρου

301 865 384 904 τῶν
409 863 465 917 μή
505 863 739 905 ἐνσπόνδων
759 865 983 916 Ῥωμαίοις
1011 867 1289 921 ἑπιζεφυρίων
1321 867 1453 909 ἐθνῶν
1483 864 1509 923 ἢ
1548 870 1619 911 καί
1654 870 1736 911 τῶν
1753 884 1801 910 10

301 928 556 982 Βουλγάρων
580 924 683 977 ἑνός.
739 927 935 978 πολλάκις
960 924 1035 971 οὖν
1055 930 1079 984 ἧ
1100 931 1173 985 τῆς
1191 934 1322 986 χηλῆς
1349 932 1576 989 suenoni-917
1596 935 1736 991 α’σφά-

301 997 408 1042 λισις
445 995 504 1042 εἰς
546 993 592 1035 τὸ
623 993 757 1051 πάντῃ
805 994 1034 1050 οἶφαίρατον
1075 991 1135 1039 ὧν
1172 992 1293 1052 ᾔδετο
1335 996 1531 1052 κρύπτειν
1577 997 1733 1043 ἔνδοθι.

304 1062 736 1113 κατατεμαχισθέντος
763 1061 809 1102 δὲ
835 1063 913 1102 τοῦ
942 1059 1068 1102 ἵππου
1100 1061 1174 1103 καί
1197 1061 1276 1103 σύν
1303 1065 1361 1119 τῷ
1387 1060 1572 1121 άναβάτῃ
1599 1082 1735 1120 παρα-

302 1125 492 1172 δοθέντος
515 1127 619 1180 πυρὶ
645 1122 820 1180 εὕρηται
845 1125 919 1167 καί
945 1124 991 1167 τὸ
1019 1127 1064 1168 ἐν
1091 1129 1144 1183 τῇ
1173 1126 1279 1184 ὁπλῇ
1313 1131 1387 1170 τοῦ
1423 1129 1552 1171 ἵππου
1589 1132 1737 1183 ἐντομ-

301 1187 530 1242 βευόμενον
557 1191 763 1245 χαλκῆρες
790 1190 996 1243 ἴνδαλμα,
1037 1194 1108 1234 καί
1150 1187 1198 1247 ἦν
1238 1196 1520 1247 περικείμενον
1561 1199 1736 1249 χλαῖναν
1753 1201 1803 1240 15

302 1253 450 1295 ὁποίαν
477 1257 560 1296 τῶν
584 1252 837 1309 θρεμμάτων
862 1253 914 1296 τὰ
941 1253 1034 1310 ἔρια
1061 1259 1302 1299 πλέκουσιν·
1358 1255 1478 1311 ὀλίγα
1503 1261 1549 1301 δὲ
1578 1263 1657 1302 τῶν
1673 1263 1735 1302 ἐπ’

304 1319 419 1374 αύτῷ
451 1319 752 1375 πεφρασμένων
780 1317 819 1360 οἱ
846 1323 1022 1362 Λατῖνοι
1052 1325 1345 1376 φροντίσαντες
1373 1323 1477 1378 πυρὶ
1512 1325 1583 1366 καί
1618 1328 1737 1368 τοῦτο

303 1385 508 1436 ἐνέβαλον.

414 1452 455 1492 5.
509 1448 622 1491 Ἀλλ’
652 1449 752 1492 οῦδὲ
779 1451 862 1491 τῶν
889 1450 933 1492 ἐν
964 1451 1022 1506 τῷ
1047 1449 1200 1508 ἱππικῷ
1226 1450 1458 1506 ἱσταμένων
1486 1453 1739 1507 α’γαλμάτων

395 1561 430 1593 3.
457 1559 500 1592 de
526 1559 815 1605 Bellerophontis
840 1566 974 1602 statua,
1013 1573 1105 1606 quae
1129 1563 1341 1596 Antiochiae
1367 1563 1463 1596 urbis
1489 1571 1735 1599 ornamentum

397 1607 534 1646 fuerat,
561 1606 644 1639 vide
675 1607 831 1639 Banduri
859 1608 1138 1642 Commentarios
1169 1608 1212 1642 de
1237 1610 1512 1655 antiquitatibus
1538 1612 1636 1656 Cpol.
1661 1614 1676 1644 I
1701 1625 1735 1657 p.

395 1653 458 1695 451
489 1658 526 1686 et
552 1653 729 1696 Heynium
754 1654 777 1686 l.
807 1665 834 1686 c.
865 1665 899 1698 p.
931 1657 979 1691 13.
1006 1655 1122 1688 VV1LK.
1255 1667 1303 1689 11.
1333 1663 1435 1690 vetus
1465 1663 1539 1691 erat
1563 1660 1736 1703 supersti-

398 1699 471 1740 tio,
499 1699 676 1732 eiusmodi
703 1701 830 1744 figuras
863 1700 1094 1733 barbarorum
1124 1700 1326 1743 hominum,
1360 1704 1390 1736 si
1423 1703 1461 1736 in
1494 1705 1617 1748 aliquo
1653 1706 1734 1738 loco

396 1746 670 1787 occultarentur,
694 1746 864 1791 prodesse
878 1747 924 1780 ad
937 1746 1166 1780 barbararum
1181 1749 1339 1793 gentium
1362 1750 1583 1783 incursiones
1603 1750 1648 1783 ab
1668 1752 1734 1783 im-

397 1793 498 1837 perio
525 1794 680 1826 Romano
707 1793 896 1835 arcendas3
925 1794 1023 1826 cuius
1058 1794 1202 1838 quidem
1234 1796 1498 1839 superstitionis
1532 1798 1733 1842 exemplum

398 1839 530 1882 legitur
557 1838 652 1883 apud
676 1839 968 1884 Olympiodorum
1007 1840 1045 1872 in
1075 1839 1191 1874 Photii
1217 1842 1442 1875 Bibliotheca
1475 1842 1546 1887 (ed.
1572 1843 1736 1890 Bekker)

395 1896 431 1929 p.
454 1887 499 1919 60
529 1891 564 1917 et
587 1885 780 1919 Niebuhrii
807 1897 901 1931 corp.
924 1886 1005 1919 hist.
1029 1887 1171 1929 Byzant.
1197 1899 1230 1932 p.
1257 1889 1271 1921 1
1294 1900 1329 1934 p..
1353 1891 1421 1934 459
1459 1894 1497 1922 et
1515 1891 1596 1934 460-
1618 1891 1740 1925 Wun-

402 1941 451 1963 12.
477 1931 634 1967 ἔνδοθεν
658 1932 699 1965 O.
799 1944 848 1978 ¹7·
876 1936 1132 1979 πεφασμένων
1158 1933 1197 1966 Ο.

305 2032 353 2065 ad
377 2032 527 2066 Gabaon
561 2038 692 2075 staret3
723 2033 886 2078 plerique
913 2044 997 2067 vero
1028 2033 1205 2078 putabant
1241 2045 1317 2068 esse
1357 2035 1670 2081 Bellerophontem
1698 2038 1738 2071 in

304 2078 554 2123 Peloponneso
580 2079 767 2113 educatum
794 2086 830 2112 et
853 2081 984 2124 Pegaso
1009 2080 1235 2114 insidentem.
1260 2093 1342 2114 nam
1367 2092 1477 2126 equus
1503 2083 1589 2124 ille,
1612 2095 1736 2128 quem—

306 2125 498 2157 admodum
528 2132 565 2159 et
587 2127 734 2170 Pegasus
760 2127 870 2159 fuisse
893 2126 1069 2167 traditur,
1095 2138 1173 2159 cum
1198 2128 1308 2160 nullis
1339 2129 1513 2162 coercitus
1538 2129 1646 2162 frenis
1670 2141 1741 2174 per·

256 2181 259 2183 ·
307 2182 447 2214 campos
467 2173 576 2204 effuse
602 2178 781 2213 curreret,
810 2183 1006 2213 sessorem,
1037 2178 1164 2217 utpote
1188 2174 1250 2218 qui
1276 2174 1343 2206 alis
1368 2174 1520 2208 ferretur
1547 2175 1678 2219 pariter
1699 2181 1739 2209 et

306 2216 473 2262 pedibus,
502 2219 768 2261 aspernabatur.
791 2219 864 2251 imo
891 2219 998 2251 etiam
1025 2219 1198 2263 quaedam
1222 2226 1323 2253 vetus
1347 2221 1438 2252 fama
1463 2221 1508 2254 ad
1535 2232 1598 2253 nos
1624 2233 1741 2265 usque

310 2262 432 2296 delata
459 2263 497 2295 in
521 2264 679 2296 omnium
706 2275 766 2297 ore
793 2265 1023 2305 versabatur,
1048 2266 1085 2298 in
1105 2266 1214 2298 *huius
1243 2267 1326 2311 equi
1351 2267 1483 2310 ungula
1507 2266 1647 2299 sinistra
1671 2279 1737 2312 pe·-

310 2309 394 2342 dum
423 2309 639 2342 anteriorum
656 2310 721 2343 viri
746 2311 894 2353 figuram
919 2311 1113 2352 occultari,
1138 2323 1244 2356 quam
1270 2312 1332 2345 alii
1369 2323 1444 2345 esse
1481 2312 1663 2346 cuiusdam
1692 2324 1741 2348 ex

310 2362 416 2400 gente
451 2355 607 2396 Veneta,
639 2356 700 2388 alii
734 2357 882 2390 alicuius
923 2368 967 2389 ex
992 2357 1282 2397 Occidentalibus
1320 2358 1463 2402 populis
1498 2360 1735 2394 Romanorum

309 2414 384 2435 non
408 2400 600 2435 foederatis
626 2406 688 2434 aut
721 2412 764 2433 ex
794 2403 954 2446 Bulgaris
972 2414 1059 2436 ,esse
1086 2403 1264 2436 dicebant.
1302 2414 1374 2436 non
1401 2405 1509 2437 semel
1538 2405 1645 2448 igitur
1668 2418 1738 2439 un-

310 2449 394 2492 gula
417 2448 550 2480 firmius
575 2447 691 2481 defixa
714 2447 801 2487 fuit,
826 2459 872 2480 ne
906 2460 1080 2492 unquam,
1115 2460 1207 2493 quae
1229 2449 1328 2482 intus
1357 2450 1527 2483 abscondi
1570 2451 1741 2485 fereban-

312 2500 393 2536 tur,
419 2493 557 2539 subripi
581 2499 743 2539 possent3
770 2504 862 2538 equo
887 2500 1003 2526 autem
1028 2501 1064 2528 et
1089 2496 1209 2540 equite
1233 2495 1271 2527 in
1298 2493 1451 2529 minutas
1478 2503 1595 2541 partes
1624 2498 1736 2531 disse-

314 2541 381 2573 ctis
410 2545 518 2584 atque
542 2541 579 2573 in
602 2541 717 2584 ignem
737 2539 906 2572 coniectis
934 2545 1111 2584 repertum
1134 2546 1188 2574 est
1210 2541 1345 2584 signum
1367 2554 1516 2576 aeneum
1542 2544 1580 2576 in
1605 2545 1738 2587 ungula-

313 2586 398 2630 equi
422 2587 618 2631 sepultum,
641 2585 806 2619 indutum
826 2585 993 2626 chlaena,
1019 2586 1134 2631 qualis
1161 2597 1203 2619 ex
1227 2588 1345 2620 ovium
1378 2589 1509 2622 vellere
1536 2590 1629 2627 solet
1651 2601 1741 2623 con·-

258 2640 266 2649 ’
316 2632 384 2666 fici.
409 2644 488 2664 cum
515 2638 634 2665 autem
662 2632 779 2666 Latini
803 2643 927 2676 parum
946 2637 1109 2665 curarent
1137 2643 1176 2665 ea
1201 2644 1292 2677 quae
1315 2633 1398 2667 huic
1421 2635 1520 2679 signo
1557 2635 1738 2681 insculpta

316 2678 639 2723 portendebantur,
666 2684 701 2711 et
727 2679 840 2722 ipsum
865 2679 902 2711 in
927 2678 1042 2722 ignem
1070 2679 1308 2712 coniecerunt.

409 2725 439 2759 5.
487 2725 617 2759 Verum
651 2735 769 2770 neque
800 2725 886 2758 alias
925 2725 964 2760 in
1002 2724 1245 2770 Hippodromo
1284 2731 1416 2760 statuas
1449 2731 1640 2773 ceteraque
1671 2727 1736 2761 ad-
