1878 3230
711 147 849 194 unns
892 153 1082 196 CAPTA.
1501 134 1608 207 783

166 274 243 310 νας
275 255 382 305 τίνες
409 255 658 309 γενοίμεθα,·
687 259 765 294 not·
785 258 1078 308 τραποιζιιεθα;
1107 255 1230 296 ποίαν
1258 250 1609 310 παραψυχήν-εὗ·

165 338 310 378 ροιμεν
336 320 510 376 γυμνοί,
552 316 608 367 ὥς
633 319 679 360 ἐκ
707 322 866 368 κοιλίας
903 319 1060 375 μητρὸς
1086 323 1167 362 τῶν
1195 323 1282 363 σαῖν
1309 317 1612 366 ε’κσπασθέντες

165 387 354 441 κόλπων,
396 388 470 429 καί
506 385 704 441 φανέντες
750 388 847 440 παρ’
890 385 1033 427 ἔθνεσι
1060 384 1219 441 κιθάρα
1257 389 1331 428 καί
1355 385 1608 440 θρύλλημα,

167 455 350 509 ἀδελφοί
373 450 612 509 Σειρήνων,
655 449 818 505 ἑταῖροι
843 454 1062 506 στρουθῶν
1078 483 1090 504 ,
1120 454 1194 493 καί
1218 451 1507 504 ψωμιζὸμενοι
1532 451 1610 501 μὲν

127 517 373 572 5ἇνάγκας,
415 515 531 573 ὕδωρ
570 519 616 558 δὲ
641 517 770 570 χολῆς
804 516 1081 570 ποτιζόμενοι.
1149 516 1250 559 πότε
1288 533 1335 559 σε
1363 516 1611 568 θεασόμεθα

166 585 217 626 οὔ
218 602 248 639 χ
279 584 337 632 ὦς
386 584 462 625 νῦν
492 583 635 636 πεδίον
670 582 920 637 ἀφανισμοῦ
941 581 1015 624 καί
1037 580 1213 624 κοιλάδα
1239 585 1513 635 κλαυθμῶνος
1540 583 1648 623 καίΒ
1672 575 1676 579 “

163 652 428 704 πατουμένην
467 646 550 689 ὑπὸ
587 649 902 702 στρατοπέδων,
942 646 1026 689 εἴτε
1065 647 1150 701 μὴν
1189 649 1515 702 ἐξουθενημένην
1540 646 1745 688 miv-313

163 716 438 769 ἀπωσμένην,
479 714 570 755 ἀλλ’
597 714 896 767 ἐξαιρουμένην
934 715 1006 754 καὶ
1034 714 1295 768 σωζομένην,
1324 716 1398 755 καί
1423 729 1608 767 προσκυ-

162 782 365 835 νουμένην
404 777 487 821 ὑπὸ
527 780 610 821 τῶν
635 777 976 820 ταπεινωσοὶντων
1003 795 1051 820 σε
1094 781 1167 821 καί
1191 778 1510 833 παροξυνάντων
1536 794 1608 831 σε,

101 849 235 890 :exal
261 845 369 900 γάλα
395 845 531 887 έθνῶν
561 841 831 898 θηλάζουσαν
850 845 924 886 καί
947 847 1123 886 πλοῦτον
1148 846 1357 897 βασιλέων
1385 843 1443 893 ὥς
1467 842 1609 899 πρώην

162 910 367 963 ἔδουσαν,·
397 908 495 952 πότε
526 912 573 952 δὲ
601 911 674 950 καὶ
702 907 759 958 αἶς
786 908 928 965 φύλλα
955 912 1086 963 συκῆς
1112 913 1185 952 καί
1208 912 1392 964 χιτῶνας
1411 909 1610 964 δερματί-

160 992 261 1026 νους
289 974 622 1030 ἅποβαλούμεθα
653 974 707 1016 τὰ
737 974 860 1029 ῥικνοὶ
888 977 1021 1017 ταῦτα
1041 972 1151 1030 ῥάκη
1171 974 1245 1017 καί
1268 977 1377 1030 μηδὲ
1395 978 1472 1017 τοῦ
1501 991 1607 1017 παν-

159 1041 234 1091 τὸς
280 1039 551 1094 ἐξικνούμενα
592 1040 782 1093 σώματος
793 1073 806 1092 ,
845 1038 872 1081 οἳ
921 1038 1020 1094 ἡμῖν
1044 1042 1288 1095 περιέθεντο
1327 1040 1366 1082 οἱ
1394 1042 1606 1095 ἐπίβουλοι

158 1108 216 1166 ὥς
243 1104 363 1163 ὄφεις
390 1104 636 1163 ἇλλόφυλοι,
665 1104 716 1148 τὰ
744 1104 916 1148 σύνοικα
945 1105 1046 1160 ἡμῖν
1072 1105 1179 1148 κακοὶ
1207 1105 1281 1148 καί
1304 1106 1506 1159 ἐπίβουλα
1534 1105 1606 1149 καὶ

100 1173 397 1228 ι5βαρύζηλα,
430 1170 748 1224 ἑπενδυσόμεθα
767 1173 805 1212 δ’
830 1166 956 1220 αὖθις
972 1170 1067 1220 τούς
1093 1174 1136 1223 ἐξ
1163 1172 1275 1227 ὑφῆς
1306 1174 1603 1227 στιλπνοτέρας

156 1240 230 1281 καί
245 1241 477 1293 χλιδῶντας
501 1240 700 1292 χιτῶνας,
728 1235 804 1286 ὀὓς
831 1235 977 1293 πρώην
1005 1240 1326 1293 περιεκεᾲιεθας
1348 1237 1440 1279 ἀλλ’
1456 1238 1601 1279 ἵλασαι

156 1303 282 1358 θεόν,
321 1305 531 1358 οἱγιωτάτη
561 1305 642 1345 τῶν
673 1301 861 1345 πόλεων·
918 1305 1137 1358 προβαλοῦ
1162 1301 1259 1353 τούς
1283 1301 1410 1356 νεώς,
1436 1301 1488 1346 τά
1518 1304 1640 1345 τῶνῦ

155 1370 386 1426 μαρτύρων
413 1366 656 1422 λειπόμενα,
684 1367 760 1418 τοὶς
786 1368 1012 1424 συμφορὰς
1039 1369 1186 1422 αὐτάς,
1218 1373 1302 1411 τῶν
1322 1371 1601 1425 πειρατηρίων

157 1436 202 1480 τὸ
245 1439 445 1490 μέγεθος,
486 1429 547 1477 ὧν
587 1435 646 1483 εἰς
679 1434 799 1490 κόρον
837 1436 1122 1490 μετέσχηκας,
1169 1436 1375 1491 ἀνδράσιν
1415 1432 1601 1484 α’νοσιόις

92 1517 145 1543 20
158 1504 377 1544 ἐκδοθεῖσα
405 1502 464 1550 εἷς
489 1498 692 1556 πύρωσιν.
751 1499 997 1542 ἐπικὰλεσαι
1036 1500 1112 1556 γάρ
1147 1517 1223 1554 με,
1254 1501 1404 1557 φησίν,
1428 1503 1474 1544 ἐν
1497 1499 1602 1556 ἦμέ-

159 1585 213 1626 ρᾳ
243 1567 431 1622 θλίψεως
473 1582 552 1609 σου
571 1601 584 1620 ,
623 1566 697 1608 καὶ
724 1567 953 1618 ἑξελοῦμαί
969 1582 1040 1620 σε,
1073 1569 1146 1608 καί
1175 1566 1365 1617 δοξάσεις
1391 1583 1461 1620 με.
1517 1563 1604 1622 ἆρα

156 1635 203 1677 δὲ
237 1631 464 1688 προσθήσω
495 1634 565 1674 καὶ
592 1633 653 1682 εἰς
679 1634 728 1674 σέ
757 1646 854 1673 ποτε
882 1632 1124 1686 ἐπιβλέψαι,
1149 1635 1406 1686 παμμέγιστε
1427 1634 1501 1675 ναὲ
1532 1634 1607 1675 καί

252 1752 279 1773 ι.
304 1738 416 1786 τίνες]
452 1740 490 1772 τί
516 1739 580 1772 ἵνα
601 1736 812 1783 γενώμεθα.
858 1738 939 1771 ποῦ’
965 1738 1029 1772 ἵνα
1052 1736 1304 1783 πορευθῶμεν
1322 1737 1358 1770 Β.
1476 1738 1510 1772 3.
1536 1739 1602 1771 καὶ

245 1788 429 1833 φανέντες
452 1805 495 1811 --
521 1783 769 1830 ποτιζόμενοι
793 1795 853 1816 om
875 1784 917 1817 A.
1037 1794 1088 1816 12.
1115 1782 1426 1831 α’ποβαλούμεθπ]
1453 1783 1600 1824 ἐξεκδυ·

247 1833 404 1879 σώμεθα
437 1830 482 1865 τιὶ
518 1832 689 1877 χάρβαλα
723 1833 842 1864 ταῦτα
866 1832 931 1864 καὶ
965 1831 1175 1876 ἐσχισμένα
1212 1830 1335 1876 ρόῦχα
1363 1831 1399 1863 Β.
1545 1832 1597 1875 14.

247 1883 313 1913 καὶ
330 1877 513 1924 βαρὺζηλα
530 1899 577 1905 -
598 1879 867 1924 περιεκείμεθα
891 1878 928 1913 Β.
1061 1879 1111 1914 ι8.
1134 1889 1249 1926 μαρτ.
1271 1877 1598 1923 ἐναπολειφθέντα

247 1926 343 1972 ἅγια
368 1928 529 1970 λείψανα
545 1926 582 1960 Β.

153 2045 195 2067 su
223 2033 310 2066 raris
348 2032 589 2078 spectaculum
631 2032 762 2073 rarius,
803 2032 884 2077 quis
907 2042 972 2065 nos
998 2043 1018 2064 a
1053 2036 1090 2064 te
1115 2031 1247 2064 avulsit
1269 2037 1310 2064 ut
1334 2042 1354 2064 a
1380 2042 1459 2065 cara
1481 2037 1595 2067 matre

154 2091 253 2114 caros
285 2079 449 2113 liberos?
482 2080 546 2124 qui
571 2078 732 2112 erimus?
765 2089 837 2124 quo
861 2090 927 2112 nos
952 2077 1155 2111 vertamus?
1175 2089 1282 2123 quam
1309 2079 1597 2113 consolationem

154 2127 404 2168 inveniemus,
446 2126 536 2159 nudi
558 2137 578 2158 a
605 2130 668 2159 tuo
693 2126 774 2159 sinu
807 2130 850 2159 ut
873 2136 917 2158 ex
944 2130 1046 2158 utero
1071 2125 1195 2157 matris
1223 2125 1364 2159 avulsi?
1389 2126 1535 2171 quando
1559 2132 1596 2160 te

154 2174 419 2219 spectabimus,
448 2184 521 2206 non
545 2172 655 2206 talem
693 2172 811 2218 qualis
832 2183 929 2205 nunc
956 2183 1018 2212 es,
1051 2183 1213 2216 campum
1235 2173 1436 2213 vastitatis,
1464 2174 1596 2206 vallem

154 2221 292 2262 luctus,
321 2221 579 2262 conculcatam,
601 2220 645 2253 ab
681 2218 899 2253 exercitibus
916 2244 928 2260 ‚
955 2218 1134 2252 redactam
1159 2218 1204 2251 ad
1228 2218 1384 2252 nihilum
1410 2226 1448 2253 et
1473 2221 1597 2265 profli-

153 2273 296 2312 gatam,
331 2267 396 2301 sed
423 2267 615 2301 exaltatam
646 2272 682 2299 et
721 2267 959 2307 incolumem,
998 2271 1036 2300 et
1070 2265 1289 2304 adorandam
1327 2266 1373 2299 ab
1398 2267 1443 2300 iis
1471 2267 1535 2312 qui
1560 2273 1596 2300 te

155 2314 412 2359 depresserunt
443 2319 481 2348 et
515 2314 724 2354 irritarunt,
762 2319 798 2347 et
827 2313 924 2346 bona
959 2313 1120 2357 gentium
1151 2318 1363 2356 sugentem,
1389 2319 1427 2346 et
1449 2313 1597 2347 divitias

154 2371 276 2404 regum
296 2366 341 2394 ut
365 2366 449 2395 ante
472 2359 745 2394 comedentem?
767 2360 912 2405 quando
940 2359 1097 2400 tandem,
1121 2365 1162 2393 ut
1186 2360 1317 2392 ficulna
1341 2360 1431 2393 solia
1455 2366 1493 2394 et
1514 2361 1598 2406 pel-

153 2407 264 2441 liceas
288 2409 448 2449 tunicas,
473 2409 609 2441 laceros
630 2408 718 2440 istos
743 2418 882 2452 pannos
905 2417 973 2440 nec
995 2412 1114 2441 totum
1140 2418 1268 2451 corpus
1292 2406 1504 2452 obtegentes
1531 2407 1596 2439 ab·

153 2453 342 2488 iiciemus?
369 2455 502 2500 quibus
534 2466 602 2488 nos
625 2454 772 2487 barbari
796 2459 837 2487 ut
862 2454 1029 2488 insidiosi
1052 2459 1258 2499 serpentes,
1285 2454 1379 2486 mala
1403 2454 1596 2487 coniuncta

153 2506 192 2533 et
215 2500 348 2534 infesta
372 2501 718 2535 circumdederunt?
734 2512 798 2546 age
819 2512 904 2534 vero
920 2526 929 2542 ,
954 2500 1040 2535 urbs
1065 2500 1299 2542 sanctissima,
1322 2501 1464 2545 placato
1487 2499 1596 2532 deum

154 2547 354 2592 praetende
385 2549 539 2594 templa,
578 2554 775 2592 martyrum
817 2548 1012 2594 reliquias,
1045 2548 1141 2592 ipsas
1168 2547 1409 2587 calamitates,
1436 2545 1595 2579 cladium

154 2593 437 2637 magnitudinem
469 2595 602 2640 quibus
642 2606 680 2628 es
714 2606 884 2640 oppressa
903 2620 913 2636 ,
953 2595 1104 2628 nefariis
1143 2594 1229 2626 viris
1255 2593 1302 2626 ad
1326 2592 1595 2625 incendendum

155 2640 251 2673 data.
275 2639 378 2673 iubet
401 2641 495 2674 enim
520 2642 679 2674 invocari
718 2653 756 2675 se
779 2648 940 2687 tempore
962 2641 1188 2675 necessitatis
1215 2645 1322 2673 tuae:
1347 2650 1427 2671 nam
1454 2639 1531 2672 fore
1553 2644 1595 2672 ut

154 2687 234 2731 ipse
258 2691 294 2720 te
319 2686 459 2731 eripiat,
487 2692 527 2720 tu
551 2699 635 2720 vero
663 2699 745 2721 eum
769 2688 906 2722 laudes.
930 2687 1108 2733 nunquid,
1133 2687 1309 2730 templum
1334 2686 1593 2730 amplissimum

153 2739 195 2767 et
219 2733 500 2777 divinissimum,
529 2744 688 2779 unquam
712 2735 862 2780 posthac
887 2741 924 2768 te
960 2734 1091 2769 videbo
1108 2759 1118 2775 ,
1144 2732 1284 2766 eaelum
1307 2737 1509 2774 terrenum,
1534 2743 1593 2766 so-

1543 2885 1559 2898 Ι
