1878 3230
298 146 405 200 622
701 158 928 200 N1cE'rAE
966 159 1278 202 cHoNiATAE

295 262 367 316 τήν
396 257 530 311 ζωήν,
562 256 659 310 ἧδὲ
691 255 884 310 ἡγεμονία
914 259 992 298 τῶν
1030 256 1210 311 Βλάχων
1238 262 1381 312 βλέπει
1405 261 1506 315 πρὸς
1532 265 1720 318 Ἰωάννην

295 326 367 368 τὸν
395 324 530 377 τρίτον
558 322 638 363 τῶν
668 316 873 377 ἀδελφῶν.
928 322 1021 363 τότε
1054 325 1093 364 δ’
1121 320 1193 365 οὖν
1222 322 1243 363 ὁ
1265 326 1427 378 Πέτρος
1455 327 1716 384 συλλήπτορα

294 393 374 431 τῶν
406 388 540 429 πόνων
580 386 650 428 καί
687 388 859 441 μερίτην
883 389 957 441 τῆς
985 389 1230 437 δυναστείας
1253 388 1443 444 Ἰωάννην
1471 392 1722 446 προσελόμε-

294 471 359 503 νος
401 452 470 495 τὸν
521 449 754 504 ὁμαίμονα,
800 450 846 500 ὃς
885 453 954 508 ἐφ’
989 452 1130 494 ἱκανὸν
1165 453 1386 508 αἳμήρησεν
1410 457 1469 510 ,ἐν
1500 455 1722 509 Ῥωμαίοις

294 521 415 572 ἡνίκα
446 515 532 571 εἶχε
574 515 771 570 βασιλεύς
792 513 996 566 ’[σαάκιος
1030 517 1251 567 δισσεύσας
1279 518 1379 561 κατά
1409 523 1588 573 Μυσῶν,
1617 517 1760 575 ἄπο-5

295 583 400 637 δρας
430 585 503 635 δέ,
535 583 592 632 ὥς
623 581 727 636 πρὸς
755 580 807 624 τά
838 582 942 625 οἴκοι
966 581 1093 626 πάλιν
1114 585 1307 640 α’φίκετο,
1335 585 1410 625 οὐκ
1438 587 1482 635 ἐξ
1508 586 1723 629 α’ντιθέτου

294 653 349 707 τῷ
377 652 573 691 τεθνεῶτι
604 648 731 691 Ἀσάν
770 647 821 689 τά
846 649 1060 701 Ῥωμαίων
1094 648 1225 705 ἔκειρε
1251 651 1538 704 προνομεύων·
1592 653 1617 705 ἦ
1643 649 1724 707 γάρ

250 716 422 772 Βφύσις
442 717 514 757 καί
537 714 666 773 τούτῳ
714 711 834 756 οὐδέν
863 731 904 756 τι
931 714 1036 770 πρὸς
1061 714 1112 757 τά
1142 716 1323 770 ἡμέτερα
1353 715 1622 771 διεβράβευσε
1649 719 1726 770 με’-

292 796 418 835 τριον.
475 780 633 834 ὑπήντα
662 782 708 822 δὲ
734 783 790 836 τῷ
817 783 969 836 Πέτρῳ
1003 782 1046 830 ἐξ
1073 781 1190 834 ἡμῶν
1216 781 1375 834 ου’δείς,
1404 781 1494 823 οὐδ’
1520 781 1724 837 ἠδύνατο,

291 845 399 888 άλλά
430 845 632 888 τοσούτων
659 847 731 887 καί
770 844 1024 900 τηλικούτων
1053 851 1140 895 τοῖς
1167 847 1363 895 ἐναντίοις
1390 848 1727 902 κατωρθωμένων
1745 864 1792 891 ιο

289 911 362 953 ἐπὶ
386 913 590 959 πλείστοις
621 912 855 963 ἐνιαυτοῖς,
899 912 972 952 καί
997 912 1071 952 τοῦ
1099 914 1227 953 κακοῦ
1255 913 1377 953 τοῦδε
1406 915 1489 955 τῶν
1511 912 1727 966 Ῥωμαίων

290 977 408 1018 ἐσαεὶ
447 975 786 1028 διακυμαίνοντος
838 974 1096 1030 πράγμασιν,
1149 973 1247 1018 οὐδὲ
1284 993 1380 1020 ποτε
1414 981 1595 1033 βραχεῖα
1629 979 1720 1034 νίκη

281 1041 503 1094 Ῥωμαίοις
550 1039 826 1095 διαγεγελάκει
856 1037 954 1083 οὖδέ
979 1057 1021 1083 τι
1062 1043 1311 1098 παρυφέστη
1338 1041 1728 1097 τροπαιουχήματος

287 1105 481 1160 ἴνδαλμα.
538 1106 612 1162 τὴν
651 1109 690 1148 δ’
717 1108 761 1147 ἐκ
793 1108 898 1148 θεοῦ
923 1106 1155 1163 παρόρασιν
1181 1106 1334 1162 ταύτην
1367 1109 1440 1150 καί
1465 1107 1627 1150 τελείαν
1652 1124 1725 1162 μι-

286 1174 387 1226 κροῦ
413 1169 704 1226 ἐγκατάλειψιν
751 1173 886 1220 ου’δείς
913 1174 993 1214 τῶν
1021 1172 1266 1228 ὑψιθρόνων
1291 1174 1523 1229 α’ρχιερὲων
1551 1173 1624 1215 καί
1649 1175 1724 1224 τάς
1743 1174 1789 1217 15

285 1235 451 1291 πρώτας
488 1238 784 1290 καρπουμένων
823 1235 946 1289 τιμάς
985 1232 1013 1291 ἢ
1064 1239 1147 1278 τῶν
1185 1236 1257 1292 τὴν
1285 1239 1406 1292 ἒρέαν
1445 1241 1518 1293 τῆς
1541 1240 1726 1294 κεφαλῆς

284 1303 412 1356 μέχρι
446 1303 518 1342 καί
545 1299 657 1357 ῥινὸς
680 1302 975 1354 διαχαλώντων
995 1299 1318 1356 βαθυπωγώνων
1347 1305 1568 1356 μοναστῶν
1599 1304 1643 1345 ἐν
1668 1306 1727 1360 νῷ

282 1364 531 1418 βαλλόμενος
574 1361 647 1420 ἦν,
689 1361 717 1419 ἢ
745 1363 957 1407 διδάσκων
997 1364 1099 1421 πρὸς
1125 1364 1280 1421 ταύτην
1305 1366 1593 1423 ἀντιπράττειν
1624 1365 1724 1408 ‹ino-

285 1434 458 1481 σονοῦν,
489 1428 516 1486 ἢ
541 1433 584 1473 ἑν
627 1434 681 1487 τῷ
707 1430 1070 1486 παρρησιάζεσθαι
1109 1433 1313 1485 βασιλέως
1343 1430 1520 1474 ἐνώπιον
1542 1431 1723 1485 Ῥωμαί-

166 1506 272 1549 P.304
288 1511 348 1546 οις
381 1495 748 1550 διαμηχανώμενος
779 1495 828 1537 τά
858 1495 1065 1551 σωτήρια·
1122 1494 1211 1537 ἀλλ’
1243 1495 1299 1545 ὥς
1328 1498 1369 1538 εἶ
1396 1497 1544 1546 πάντες
1572 1499 1724 1548 ἐξέκλι-
1739 1512 1790 1541 ao

287 1564 359 1604 νάν
391 1578 431 1603 τε
463 1559 551 1615 ἅμα
581 1563 652 1603 καί
676 1561 993 1617 ἦχρειώθησαν,
1018 1559 1338 1617 ἀνεπαισθήτους
1365 1558 1480 1616 εἶχον
1507 1563 1590 1605 τῶν
1613 1577 1723 1617 γινο-

286 1628 419 1681 μένων
446 1630 518 1670 καί
544 1623 629 1669 οἷον
658 1627 897 1681 ἀντέβαινον
929 1633 1021 1678 ταῖς
1065 1629 1109 1669 ὲκ
1136 1629 1242 1669 θεοῦ
1266 1627 1582 1681 μαστιγώσεσιν.
1631 1626 1723 1671 Ἕλ-

381 1763 415 1795 6.
441 1761 489 1798 ως
512 1771 568 1793 om
591 1761 631 1794 A.
763 1772 811 1794 ιι.
838 1759 925 1808 τῶν]
954 1761 1059 1798 tols?
1179 1763 1229 1796 13
1258 1760 1551 1819 παρυφέστηκεῗ
1578 1772 1623 1795 an
1649 1772 1722 1795 πα-

383 1807 573 1862 ρυπέστηὶ)
690 1810 740 1842 15.
769 1807 891 1844 οὐδεὶς
911 1809 986 1841 τιὸν
1019 1805 1226 1852 αρχιερέων
1248 1807 1323 1843 τῶν
1346 1801 1412 1844 τάς
1437 1807 1585 1853 πρώτας
1613 1808 1721 1852 ἐχάν-

381 1866 455 1887 των
476 1850 589 1899 τιμάς
623 1856 686 1887 καὶ
720 1849 809 1892 τούς
848 1852 1036 1911 μεγάλους
1074 1854 1301 1898 ἄγαπωντας
1323 1852 1492 1908 θρόνους
1524 1855 1587 1887 καὶ
1626 1855 1721 1898 ὑψη-

380 1895 470 1938 λοῦς
500 1903 563 1934 καὶ
588 1900 835 1945 ἐπικερδεῐς,
845 1898 868 1942 ἢ
889 1912 963 1934 των
985 1901 1168 1958 μοναχιῦν
1190 1902 1266 1935 τῶν
1292 1911 1360 1942 την
1385 1900 1630 1956 καμαλαύκαν
1651 1912 1720 1944 χα-

380 1946 529 1981 λώντων
560 1948 674 1993 μέχρι
702 1949 764 1980 και
797 1948 894 1980 κάτω
934 1948 1008 1981 τῶν
1045 1945 1255 1992 ὀφθαλμοῖν
1297 1948 1360 1980 καὶ
1384 1943 1583 1991 γενειάδας
1613 1945 1720 1991 ἐχόν-

382 2005 457 2028 των
481 1995 648 2040 μεγάλας
673 1994 708 2026 Β.

292 2110 363 2132 rem
391 2099 553 2132 laborum
581 2104 618 2132 et
645 2100 743 2144 regni
770 2100 981 2144 participem
1026 2103 1272 2144 assumpserat.
1298 2098 1327 2131 is
1353 2108 1426 2131 non
1450 2109 1557 2143 parvo
1582 2103 1721 2144 tempo-

292 2157 328 2178 re
353 2146 448 2189 apud
480 2147 656 2178 Romanos
691 2146 794 2178 obses
827 2146 966 2186 fuerat,
999 2157 1079 2178 cum
1120 2146 1313 2190 imperator
1346 2145 1501 2178 Isaacius
1525 2145 1720 2179 secundum

291 2192 400 2235 Mysis
429 2203 524 2224 arma
549 2192 750 2232 intulisset,
777 2192 839 2224 sed
865 2192 946 2236 fuga
973 2192 1113 2237 elapsus
1139 2192 1281 2224 domum
1308 2191 1483 2230 redierat,
1506 2190 1621 2223 nihilo
1650 2193 1721 2225 fra,

290 2243 345 2270 tre
368 2238 482 2270 Asane
510 2240 674 2271 Romanis
699 2238 896 2283 spoliandis
928 2243 964 2271 et
991 2238 1204 2272 infestandis
1241 2237 1370 2270 mitior.
1410 2247 1429 2269 e
1453 2242 1575 2269 nostro
1601 2244 1721 2272 autem

293 2284 451 2317 exercitu
476 2295 580 2317 nemo
605 2285 770 2318 resistere
796 2286 898 2318 Petro
923 2285 1063 2330 potuit·
1092 2284 1155 2317 sed
1179 2284 1342 2316 hostibus
1368 2293 1431 2327 per
1448 2287 1503 2314 tot
1529 2294 1640 2316 annos
1666 2289 1722 2317 tot

294 2336 332 2364 et
354 2335 472 2363 tantas
497 2331 663 2364 victorias
689 2332 847 2376 adeptis,
872 2343 914 2364 eo
949 2332 1042 2363 malo
1068 2333 1258 2364 Romanam
1288 2339 1360 2361 rem
1385 2328 1563 2373 publicam
1593 2341 1721 2375 perpe-

294 2382 358 2410 tuo
382 2376 572 2417 turbante,
600 2389 784 2422 nunquam
808 2378 881 2411 ulla
904 2378 1052 2410 victoria
1079 2377 1191 2409 ullum
1216 2376 1267 2407 rei
1291 2375 1383 2406 bene
1410 2375 1585 2418 gerendae
1612 2377 1721 2409 simu-

295 2424 428 2456 lacrum
457 2403 587 2456 nostri's
616 2424 743 2457 arrisit.
770 2423 861 2457 hanc
884 2425 1042 2457 numinis
1066 2422 1347 2467 indignationem
1369 2426 1404 2453 et
1427 2422 1540 2454 nostri
1565 2422 1721 2456 destitu-

296 2470 430 2502 tionem
464 2480 568 2502 nemo
608 2480 651 2502 ex
675 2472 818 2503 summis
855 2476 892 2503 et
928 2469 1211 2502 honoratissimis
1236 2467 1501 2508 sacerdotibus,
1535 2479 1640 2502 nemo
1677 2480 1719 2502 ex

297 2516 571 2560 religiosissimis
602 2517 785 2550 monachis
825 2516 1081 2555 consideravit,
1122 2515 1240 2546 ullove
1278 2514 1383 2546 modo
1413 2514 1553 2558 placare
1578 2515 1718 2556 docuit,

298 2567 360 2596 aut
383 2562 531 2597 liberius
555 2562 651 2606 apud
674 2563 921 2607 imperatorem
947 2561 1152 2594 disserendo
1176 2561 1366 2605 quicquam
1392 2562 1557 2594 Romanis
1584 2561 1718 2595 saluta-

299 2620 336 2641 re
361 2614 508 2642 conatus
543 2614 616 2642 est:
650 2609 712 2642 sed
747 2610 848 2654 quasi
878 2619 999 2641 omnes
1036 2619 1055 2640 a
1081 2609 1139 2640 via
1170 2607 1373 2640 deerrantes
1402 2611 1437 2640 et
1462 2608 1608 2640 inutiles
1632 2608 1716 2641 facti

299 2655 387 2700 quid
413 2656 463 2688 rei
490 2660 582 2690 esset
619 2667 690 2688 non
729 2654 1075 2695 animadverterunt,
1111 2653 1372 2699 quodammodo
1399 2654 1546 2698 flagellis
1572 2653 1631 2688 dei
1656 2654 1717 2687 ad-

298 2708 486 2736 versantes.
545 2702 671 2738 Graeci
713 2702 857 2747 quidem
883 2713 986 2736 causa
1011 2701 1239 2746 pestilentiae
1269 2713 1311 2734 ex
1338 2700 1528 2735 Calchante
1554 2706 1634 2737 vate
1659 2712 1717 2734 co-
