1838 3210
237 163 348 218 218
640 180 866 222 NlcETAE
903 180 1222 222 0110N1ATAE1

232 279 409 333 πονθώς,
438 275 465 333 ἢ
491 279 538 320 τὸ
566 276 828 330 λογιζόμενον
844 280 1046 334 πρηστῆρι
1067 281 1344 333 παρακοπείς,
1372 277 1483 328 ἕνεὸς
1510 274 1559 334 ἦν
1588 281 1656 334 ἐφ’

232 343 385 389 ἱκανόν.
441 342 561 395 μόλις
589 344 629 384 δ’
657 341 880 396 α’νενεγκών
907 346 983 384 τοῦ
1021 344 1202 398 ἰλίγγου,
1231 343 1405 398 αἰτήσας
1431 345 1556 385 ἵππον
1587 344 1657 385 καί

231 406 499 464 ἀναπηδήσας
543 407 766 463 ἐφίσταται
800 409 858 464 τῷ
885 408 1101 466 Ῥωμαὶκῷ
1142 407 1418 464 στρατεύματι
1446 407 1550 461 μετα
1577 410 1657 450 τῶν

231 470 303 516 ὑπ’
331 469 459 515 αὐτὸν
487 471 718 524 ἐπιλέκτων,
748 474 822 514 καί
846 472 920 522 τὰς
939 473 1131 515 ἁπάντων
1151 471 1366 527 α’νακόψας
1395 472 1531 528 ὁρμὰς
1558 470 1659 514 ὕπο-

229 542 372 594 τίθησι
397 536 455 592 μή
478 537 764 590 διαμάχεσθαι
783 536 1022 592 ἀνθρώποις
1050 539 1178 580 πάλαι
1205 537 1549 593 διαμεμηνυκόσιν
1579 533 1653 579 αὖ·
1669 542 1694 583 5

229 606 286 661 τῷ
317 603 373 652 ὥς
405 600 580 651 ἑαυτούς
606 598 813 655 α’ναιμωτί
838 605 910 645 καί
947 602 1019 658 τήν
1046 604 1164 645 πόλιν
1194 607 1363 657 βασιλεῖ
1385 603 1660 657 παραδώσου-

229 685 285 711 σι.
340 666 414 709 καί
441 667 469 708 ὁ·
489 670 567 720 μὲν
594 666 713 721 λόγος
747 662 868 717 οὗτος
898 663 963 710 οἷά
986 685 1049 718 τις
1069 668 1196 724 νάρκη
1224 668 1299 718 τάς
1323 669 1543 721 Ῥωμαίων
1569 673 1660 722 χεῖ·
1698 722 1701 724 ⁴

230 750 307 790 ρας
337 734 511 788 ἐπέδησε
541 731 612 774 καὶ
638 732 760 787 ἐγγὺς
785 729 865 788 ἤδη
904 737 978 775 τοῦ
1004 738 1176 789 πορθεῖν
1202 733 1276 789 τήν
1303 734 1422 775 πόλιν
1447 734 1660 788 γεγενημέ-

228 813 326 849 νους
354 797 562 840 ἔπαυσεν·
629 797 752 847 αυ’τὸς
789 801 835 840 δὲ
865 797 885 840 0‘
936 798 1014 855 ῥήξ
1050 801 1092 848 ἐς
1131 801 1360 853 συμβάσεις
1404 798 1660 854 τραπόμενος

231 865 464 913 οἷσπασίους
488 865 647 915 μᾶλλον
672 869 759 911 τοῖς
787 865 831 904 ἐκ
858 866 933 918 τῆς
958 861 1095 918 ’Ἅγαρ
1126 861 1154 918 ἧ
1185 865 1415 918 Ῥωμαίους
1441 861 1658 905 κυδαινοῦ-
1678 881 1723 906 ιο

191 937 306 978 coac
346 927 420 977 τὰς
454 928 660 983 ξυνθήκας
707 927 940 983 εἰργάσατο.
1007 930 1044 970 οἱ
1087 931 1124 971 δ’
1163 925 1238 971 οὖν
1276 932 1523 984 στρατιῶται
1559 930 1657 984 μηδ’

231 989 338 1042 ὅλως
364 993 485 1035 ὁποῖα
527 992 581 1034 τὰ
621 994 693 1048 τῆς
735 991 898 1049 εἰρήνης
937 993 1290 1047 κατεξετασαντες,
1322 993 1427 1036 α’λλιὶ
1460 996 1531 1036 καί
1556 992 1660 1049 πρὸς

227 1057 360 1113 μόνην
394 1057 469 1114 τήν
507 1059 664 1114 ταύτης
699 1058 829 1114 οἷκοὴν
864 1056 1016 1101 νόστου
1060 1060 1340 1115 μνησάμενοι,
1367 1058 1443 1114 τήν
1468 1058 1660 1113 ναυτικήν

230 1125 510 1166 οἶπαιδευσίαν
557 1122 800 1178 πράγμασιν
827 1126 968 1174 αὐτοῖς
997 1126 1300 1175 καθυπέδειξαν
1330 1123 1661 1180 δραστικωτέραν

229 1186 380 1244 πυρός,
409 1190 482 1230 καί
510 1189 683 1238 α’ταξίας
724 1187 857 1238 εῦθύς
886 1189 1112 1245 ἐνέπλησαν
1137 1188 1186 1231 τά
1214 1190 1488 1245 στρατόπεδα.
1545 1189 1594 1230 αἵ
1615 1203 1659 1229 τε
1679 1189 1724 1230 ι5

227 1254 307 1308 γὰρ
335 1251 544 1302 ἑλεπόλεις
570 1251 639 1296 ὑπ’
670 1255 808 1296 αῦταῖν
824 1252 1105 1310 ἐπυριόθησαν
1121 1256 1284 1310 γνώμης
1301 1250 1397 1310 ἄτερ
1427 1255 1502 1296 τοῦ
1529 1270 1659 1308 στρα-

227 1321 467 1375 τηγοῦντος,
496 1318 570 1360 καί
594 1318 669 1369 τας
701 1320 897 1370 πλείστας
939 1317 1320 1377 ἅποφορτισάμενοι
1345 1322 1429 1362 ταῖν
1459 1319 1661 1361 ὁπλίσεων

226 1382 332 1440 πρὸς
358 1390 449 1434 ταῖς
477 1384 636 1434 κώπαις
660 1386 842 1440 ἐγένοντο
869 1386 942 1428 καί
959 1386 1030 1429 ἐπὶ
1053 1384 1198 1428 πόντον
1224 1384 1408 1440 ἔβλεψαν
1434 1384 1506 1427 τὸν
1534 1383 1660 1439 ἆτρῦ-

225 1465 367 1504 γετον,
407 1449 688 1506 μανικώτερον
732 1452 792 1499 εἷς
818 1449 894 1501 τὰς
928 1453 1031 1501 ναῦς
1057 1452 1343 1507 ἐφορμοῦντες,
1374 1451 1480 1504 μηδὲ
1509 1447 1553 1491 τὸ
1584 1450 1660 1490 τοῦ

227 1517 380 1571 καιροῦ
408 1514 683 1571 δυσχειζιιερον
713 1518 785 1558 καί
812 1515 859 1558 τὸ
887 1519 964 1558 τοῦ
990 1515 1113 1565 πλοὸς
1131 1515 1284 1571 ἔξωρον
1301 1517 1558 1564 ἐννοοῦντες·
1591 1526 1657 1554 τε·
1672 1532 1723 1558 20

226 1579 383 1636 τάρτην
420 1579 497 1635 γὰρ
528 1577 627 1636 ἦγεν
657 1580 680 1621 ὅ
707 1583 962 1637 Δεκέμβριος
999 1581 1098 1637 μήν.
1167 1577 1218 1636 ἦν
1247 1576 1320 1623 οὖν
1353 1582 1456 1623 ἰδεῖν
1481 1578 1551 1622 τόν
1582 1593 1658 1620 πο-

182 1645 385 1695 Βλύνεων
422 1647 575 1688 ἐκεῖνον
615 1644 762 1688 στόλον
792 1649 866 1689 καί
891 1646 968 1702 τήν
996 1647 1066 1689 ἐπὶ
1091 1649 1265 1700 λιμένων
1292 1649 1393 1700 μίαν
1418 1643 1659 1699 καταγωγήν

227 1713 302 1753 καί
326 1710 402 1766 τήν
441 1714 486 1754 ἐκ
511 1710 672 1753 τούτων
700 1707 827 1761 αὖθις
872 1713 1085 1768 ἀναγωγήν
1118 1714 1176 1762 εἰς
1199 1714 1333 1767 μυρία
1359 1713 1660 1754 σκεδασθεῖσαν

228 1777 442 1832 τμήματα,
474 1772 610 1819 ἄλλων
629 1775 932 1832 ἀγαπησάντων
959 1780 1096 1831 ἕτερον
1123 1779 1253 1820 πλοῦν
1281 1776 1354 1818 καὶ
1370 1777 1534 1818 πάντων
1559 1773 1660 1830 πρὸς

227 1843 299 1892 τὰς
339 1843 543 1897 πατρίδας
579 1843 990 1899 οἷακοστροφοϋντων
1026 1842 1101 1892 τας
1128 1844 1248 1896 ναῦς,
1291 1842 1348 1890 ὥς
1387 1841 1508 1895 μόλις
1534 1842 1576 1893 ἓξ
1598 1839 1657 1883 ε”τι
1671 1835 1725 1876 25

325 1969 350 1991 ι.
373 1957 621 2005 παρακοπείς]
650 1957 879 2004 διαφθαρεὶς
903 1960 941 1992 Α.
1018 1961 1049 1993 8.
1074 1957 1242 2005 ἐπέδησε]
1267 1958 1411 1997 ἐξέλυσε
1422 1957 1462 1998 Α,
1485 1956 1659 2002 ἐμάργω-

318 2013 360 2037 σε
372 2005 408 2037 Β.
486 2015 537 2037 11.
566 2004 755 2046 συνθήκας
771 2006 811 2038 A.
892 2008 941 2049 14.
959 2004 1099 2052 δραστ.]
1117 2005 1164 2042 ὥς
1177 2007 1230 2046 εἴη
1246 2016 1301 2042 τις
1327 2003 1602 2049 δραστικωτέρα
1618 2004 1658 2035 Α.

323 2053 374 2085 16.
397 2050 601 2096 ἑλεπόλεις]
626 2056 835 2098 τετραρεῖαι
857 2053 921 2085 καὶ
943 2046 1162 2098 μαγγανικιὶ
1196 2052 1285 2091 ξύλα
1312 2051 1349 2083 Β.
1427 2051 1481 2084 25.
1504 2052 1594 2090 νῆας
1619 2049 1661 2082 Α.

226 2164 324 2199 tibus
350 2164 397 2198 ad
416 2166 613 2199 Romanum
637 2166 830 2199 exercitum
854 2169 1034 2210 properat,
1054 2169 1248 2209 monetque
1272 2174 1317 2197 ne
1333 2174 1412 2197 cum
1431 2164 1476 2196 iis
1499 2169 1660 2208 pugnent

227 2212 291 2257 qui
306 2212 377 2244 iam
392 2212 531 2256 pridem
546 2212 616 2245 sibi
627 2213 833 2245 nunciarint
845 2223 882 2245 se
894 2213 1131 2244 Romanorum
1146 2211 1353 2255 imperatori
1368 2210 1590 2243 deditionem
1605 2211 1660 2244 fa-

225 2263 356 2291 cturos.
399 2268 440 2290 ea
458 2259 573 2291 oratio
589 2259 744 2291 militum
759 2269 884 2291 manus
902 2257 1100 2302 torpedinis
1123 2258 1236 2290 instar
1259 2257 1419 2301 alligavit
1439 2262 1476 2290 et
1499 2256 1544 2289 ab
1569 2257 1659 2291 urbe

208 2305 369 2338 'iamiam
389 2305 563 2349 capienda
581 2306 769 2339 revocavit.
793 2305 962 2350 pactione
980 2314 1063 2337 vero
1081 2315 1100 2336 a
1120 2314 1200 2348 rege
1222 2304 1325 2344 facta,
1350 2303 1517 2336 hostibus
1545 2305 1658 2347 magis

223 2352 308 2384 utili
322 2361 428 2396 quam
440 2352 606 2384 Romanis
623 2351 786 2392 honesta,
811 2351 944 2384 milites
964 2350 1064 2383 nulla
1084 2351 1223 2383 ratione
1240 2350 1365 2383 habita
1381 2350 1498 2394 qualis
1522 2361 1563 2381 ea
1588 2361 1658 2394 pax

224 2403 331 2438 esset,
367 2397 431 2430 sed
451 2398 638 2430 mentione
676 2398 752 2430 eius
777 2397 952 2430 duntaxat
983 2396 1119 2437 audita,
1152 2396 1288 2435 reditus
1321 2396 1444 2440 cupidi
1475 2396 1657 2435 nauticam

222 2444 462 2489 petulantiam
485 2444 559 2487 igni
587 2454 662 2477 esse
690 2444 901 2477 atrociorem
934 2453 971 2475 re
994 2443 1071 2487 ipsa
1095 2448 1406 2483 monstraverunt,
1433 2453 1474 2475 ac
1498 2443 1656 2476 tumultu

222 2496 302 2524 tota
330 2496 443 2524 castra
467 2490 743 2534 compleverunt.
779 2501 861 2523 nam
890 2494 927 2522 et
953 2490 1081 2522 arietes
1107 2490 1245 2522 iniussu
1274 2489 1373 2522 ducis
1397 2488 1657 2530 incenderunt,

224 2542 263 2571 et
294 2538 399 2570 armis
433 2537 615 2581 plerisque
649 2536 822 2580 depositis
847 2536 886 2567 in
921 2547 1034 2568 remos
1061 2535 1325 2576 incubuerunt,
1352 2535 1472 2567 surore
1499 2535 1656 2579 quodam

223 2584 263 2617 in
287 2594 394 2618 naves
419 2583 611 2623 irruentes,
647 2582 739 2615 nihil
779 2582 930 2615 hiberno
958 2587 1118 2626 tempore
1144 2582 1282 2622 territi,
1319 2581 1363 2614 ad
1391 2581 1655 2625 navigationem

224 2631 372 2663 minime
400 2635 500 2674 apto:
524 2634 671 2675 quartus
698 2629 793 2662 enim
818 2627 1024 2662 Decembris
1049 2628 1125 2661 dies
1151 2634 1226 2662 tum
1249 2628 1430 2673 agebatur.
1454 2633 1529 2661 tum
1553 2627 1654 2661 vide-

225 2687 263 2710 re
290 2676 425 2710 licebat
447 2677 626 2720 ingentem
650 2676 750 2709 illam
778 2676 925 2709 classem
958 2687 1000 2708 ex
1024 2686 1094 2708 una
1122 2675 1276 2708 statione
1301 2675 1338 2707 in
1362 2675 1475 2708 varias
1499 2674 1654 2707 diffundi

225 2728 363 2767 partes,
390 2723 469 2757 aliis
495 2723 602 2758 aliam
625 2723 717 2760 viam
743 2722 995 2768 sequentibus,
1019 2722 1104 2755 dum
1128 2733 1227 2756 suam
1255 2722 1389 2767 quique
1413 2721 1564 2766 patriam
1589 2731 1653 2766 pc-
