1878 3230
287 135 317 190 5
332 158 349 191 ι
367 155 393 191 2
708 151 935 195 ΝιοΕΤΑΕ
976 152 1284 196 cnomA‘rAE

285 253 684 306 ἕλευθεροστομοῦσι
723 257 903 293 Λατῖνοι
946 253 1017 292 καί
1052 254 1330 306 βρενθύονται
1368 253 1421 310 τῷ
1462 256 1534 295 ὑπ’
1573 257 1711 298 αι’τῶν

239 317 644 371 namurcum-afflat
685 318 881 370 Βρανᾶν,
919 312 1024 357 ἄλλα
1066 319 1137 358 καί
1163 316 1265 357 κατὰ
1297 318 1378 358 τῶν
1415 319 1711 372 ἀστυγειτόνων

281 388 400 439 σφίσι
421 381 637 432 Ῥωμαίων
667 381 981 435 διαπεπράχασι
1007 380 1056 421 τοὶ
1089 380 1340 434 οἷνύποιστα,
1366 381 1470 423 κατὰ
1501 382 1712 438 φάλαγγας

282 448 550 501 ιῖγηγερμένοι
589 446 660 485 καί
701 448 873 499 σπείρας
903 447 1018 500 δίκην
1046 445 1284 501 χειμάρρου
1312 452 1404 495 ταῖς
1430 449 1511 489 τῶν
1539 452 1714 491 Amm-

282 515 359 552 κῶν
388 512 516 564 γενῶν
546 512 693 558 οἰκίαις
723 510 1063 565 προσρήγνυνται.
1133 511 1182 551 αἶ’
1209 525 1252 552 τε
1284 506 1358 552 οὖν
1390 505 1546 566 ἄσημοι
1575 515 1716 568 φωναὶ
1727 515 1750 555 5

280 575 353 617 τὸν
384 572 488 629 ιῖέρα
522 573 738 628 ἐπλήρουν,
768 574 824 622 ὥς
853 576 941 616 οὐδ’
970 577 1010 616 εἰ
1036 577 1208 617 κολοιῶν
1236 574 1264 630 ἢ
1295 575 1482 631 γεράνων
1507 574 1536 631 ἢ
1562 575 1712 632 ψάρων

281 639 404 682 ἔθνεα
455 639 682 694 κλαγγηδὸν
722 640 1018 694 ἐπτερύσσοντο
1067 637 1092 695 ἢ
1134 642 1364 691 ἑπέκλωζον
1405 645 1610 696 θηρευταί
1629 642 1718 686 4καὶ

280 705 522 756 ἑπεῦώῦζον
562 707 797 760 κυνηγέται,
837 704 1043 758 ἀλλήλους
1083 721 1126 750 τε
1153 703 1411 760 παρεκάλουν
1438 706 1716 760 ἐπισπώμενοι

281 772 363 810 τῶν
402 772 618 823 χιτωνίων.
689 769 762 811 καί
799 769 875 810 οὐκ
918 764 969 824 ἦν
1008 772 1096 812 ἐκεῖ
1133 786 1197 818 τις
1226 772 1307 811 τῶν
1335 773 1638 825 εἰσηγουμένων
1663 771 1712 815 τοὶ

282 835 387 889 πρὸς
427 834 592 890 εἰρήνην
641 834 836 889 κατήκοος
849 868 861 888 ,
909 836 1000 877 ἀλλ’
1042 833 1098 884 ὦς
1133 834 1304 884 ἀσπίδες
1345 834 1393 877 τοὶ
1424 831 1511 877 ὦτα
1545 835 1780 889 βύοντεςιο

278 899 414 942 πάντα
445 903 697 955 παρέτρεχον
739 898 867 955 σοφὸν
906 898 1144 955 φαρμακὸν.
1198 898 1431 954 ἧγεμόμευε
1463 902 1509 941 δὲ
1536 903 1609 955 τῆς
1628 902 1716 943 τότε

282 967 365 1006 τῶν
392 965 599 1019 οἷγοραίων
637 967 878 1020 συνδρομῆς
916 961 965 1006 ού
994 965 1122 1017 μόνον
1150 964 1290 1017 θυμὸς
1317 961 1482 1019 ἄλογος,
1513 966 1619 1007 α’λλιὶ
1647 968 1720 1008 καί

282 1027 304 1070 ὅ
345 1033 424 1072 τῶν
458 1030 686 1084 α’λλοτρίων
728 1027 904 1085 ἦρρένου
942 1027 1047 1085 ἔρως
1085 1028 1335 1084 χρημάτων·
1408 1025 1533 1088 ᾠόντο
1565 1031 1644 1085 γὰρ
1673 1032 1718 1072 ἐν

280 1099 440 1149 βραχεῖ
460 1095 568 1153 πόνῳ
597 1094 695 1144 τούς
723 1097 937 1143 Λατίνους
967 1096 1163 1150 ἐκστῆσαι
1192 1093 1421 1148 οἰκημάτων
1451 1097 1522 1136 καί
1547 1095 1718 1150 διαρπά-

154 1173 354 1207 P.2510'at
399 1158 512 1202 ἅπαν
556 1160 913 1215 ἀπραγματεύτως
960 1158 1006 1200 τὸ
1036 1158 1155 1202 ἔνδον
1188 1158 1549 1215 κειμηλιούμενον,
1577 1157 1782 1216 dion-5915

282 1224 385 1268 κατὰ
416 1224 514 1275 τούς
542 1224 719 1280 χρόνους
747 1227 823 1266 τοῦ
859 1226 1066 1277 βασιλέως
1088 1223 1354 1279 Ἀνδρονίκου
1386 1224 1716 1280 διαπεπράχασι.

282 1298 370 1340 τοῖς
398 1293 443 1333 δὲ
471 1292 529 1339 εἰς
559 1291 800 1331 τούναντίον
828 1288 880 1330 τὰ
908 1289 988 1330 τῶν
1013 1290 1193 1331 ἐλπίδων
1219 1291 1539 1344 μετέστραπται.
1572 1289 1610 1331 οἱ
1636 1288 1719 1344 γὰρ

286 1357 483 1412 διάφοροι
511 1353 566 1405 ὦς
597 1351 708 1396 εἶδον
736 1353 811 1408 τήν
843 1355 906 1395 ἐπ’
935 1353 1094 1404 αύτούς
1123 1357 1206 1396 τῶν
1234 1352 1467 1408 ξυγκλύδων
1494 1355 1719 1410 σύρροιαν,

284 1422 359 1470 τάς
381 1437 424 1463 τε
453 1419 695 1476 λεωφόρους
728 1417 1110 1474 περιεφρὰγμωσαν
1135 1422 1342 1473 μεγίστοις
1370 1420 1592 1473 σκόλοψιν,
1621 1417 1719 1462 ὅσαι

286 1489 376 1528 κατ’
418 1485 569 1534 αὐτοὺς
610 1481 709 1539 ἦγον
751 1484 796 1526 τὸ
823 1485 1083 1538 παροδεύον,
1120 1484 1191 1527 καί
1226 1485 1562 1538 θωρακισθέντες
1586 1486 1718 1540 βύζην
1730 1505 1783 1531 20

285 1554 330 1595 ἐν
359 1557 442 1600 τοῖς
477 1547 750 1603 ὀχυρώμασιν
794 1547 983 1604 ἔστησαν.
1040 1546 1062 1589 ὃ
1092 1550 1134 1590 δ’
1158 1548 1349 1603 ἀγελαῖος
1376 1544 1497 1603 ὄχλος
1525 1549 1719 1599 πολλάκις

288 1619 364 1670 μὲν
407 1616 638 1671 ὑπερβῆναι
674 1612 726 1656 τά
763 1613 1145 1669 περισταυρώματα
1175 1612 1401 1669 (ὅρμησαν,
1441 1615 1494 1655 ου’
1520 1611 1645 1667 μόνον
1673 1616 1720 1657 δὲ

377 1745 406 1767 2.
423 1734 754 1778 καταγωνίσασθαι
770 1733 806 1765 Α.
890 1732 920 1774 4.
944 1732 1139 1777 χειμερίου
1169 1731 1274 1773 δίκην
1298 1731 1509 1777 χειμάρρου
1529 1731 1566 1763 Α».
1685 1733 1716 1766 5.

377 1780 498 1826 γενῶν
521 1791 577 1812 om
603 1781 642 1813 A.
807 1777 1083 1824 συρρήγνυνται
1108 1778 1145 1810 A.
1289 1789 1337 1813 ιι.
1364 1777 1501 1814 πάντες
1527 1778 1567 1811 Λ.
1668 1779 1717 1811 13.

378 1822 455 1872 γὰρ
485 1825 533 1864 ὦς
559 1826 600 1860 ἐν
624 1829 758 1871 βραχεῖ
777 1824 881 1868 πόνῳ
919 1824 994 1858 τῶν
1019 1826 1179 1857 lartum
1205 1824 1303 1858 ἐκστ.
1329 1824 1404 1859 τῶν
1436 1821 1648 1869 οἰκημάτων
1677 1825 1717 1857 A.

383 1885 432 1918 ¹9·
456 1873 521 1909 τάς
539 1873 591 1919 τε]
619 1872 787 1918 ἔφραξαν
812 1868 879 1907 τοὶς
904 1869 1026 1916 ῥύμας
1054 1870 1178 1905 αὐτῶν
1198 1868 1293 1916 μετὰ
1314 1870 1491 1916 μεγάλων
1510 1869 1632 1909 ξύλων
1655 1868 1718 1904 ‹50-

379 1921 521 1965 καρίων
552 1920 616 1952 καὶ
640 1917 884 1963 ἐσταύρωσαν
898 1917 933 1949 Β.

284 2009 500 2054 probarunt,
524 2019 597 2040 non
622 2007 808 2040 serendum
834 2017 910 2038 esse
947 2006 1013 2038 rati
1041 2004 1137 2049 quod
1163 2005 1280 2037 Latini
1310 2015 1383 2036 non
1407 2003 1514 2036 modo
1542 2003 1656 2036 libere
1682 2009 1717 2036 et

285 2056 482 2088 insolenter
507 2055 682 2087 iactarent
697 2055 844 2085 Branain
870 2063 890 2083 a
915 2062 951 2084 se
977 2052 1196 2084 debellatum
1225 2061 1322 2090 esse,
1349 2049 1412 2082 sed
1439 2051 1547 2082 etiam
1571 2050 1609 2082 in
1633 2050 1717 2082 sub—

285 2102 441 2133 urbanos
469 2102 643 2133 Romanos
669 2099 947 2133 intolerabiliter
975 2099 1122 2141 grassati
1152 2102 1287 2136 essent,
1314 2098 1351 2129 in
1375 2096 1538 2129 cohortes
1566 2102 1601 2129 et
1627 2095 1716 2140 pha-

286 2147 407 2190 langes
435 2147 626 2179 centuriati
653 2147 765 2179 instar
791 2145 935 2177 hiberni
962 2145 1132 2177 torrentis
1150 2145 1188 2176 in
1201 2143 1409 2175 Latinorum
1434 2142 1539 2174 aedes
1567 2142 1717 2174 irruunt.

286 2194 396 2236 igitur
427 2194 595 2225 confusae
626 2203 730 2225 voces
756 2203 828 2224 non
865 2191 970 2223 aliter
994 2202 1100 2235 quain
1130 2189 1292 2233 gregibus
1322 2199 1445 2231 gruum
1469 2193 1531 2220 aut
1554 2188 1717 2230 graculo-

285 2251 362 2271 rum
402 2239 714 2283 obstrepentibus,
753 2243 815 2269 aut
847 2237 1077 2269 venatoribus
1115 2236 1281 2268 latratum
1311 2246 1437 2267 canum
1458 2233 1716 2274 incitantibus,

286 2289 404 2318 aerem
429 2285 640 2328 implebant,
659 2290 766 2328 atque
792 2284 855 2315 alii
880 2284 969 2315 alios
997 2283 1128 2315 tunicis
1153 2281 1337 2325 prehensis
1364 2279 1591 2322 instigabant.
1610 2291 1715 2312 nemo

287 2331 338 2364 ibi
359 2331 574 2363 audiebatur
612 2331 675 2375 qui
699 2341 822 2374 pacem
848 2329 1042 2362 suadebat:
1069 2339 1190 2360 onmes
1217 2333 1256 2359 ut
1282 2326 1422 2370 aspides
1442 2337 1544 2358 aures
1569 2326 1716 2359 obtura-

286 2377 392 2417 bant,
426 2388 471 2409 ne
509 2378 706 2421 sapientem
746 2387 885 2419 magum
922 2374 1098 2406 audirent.
1133 2385 1213 2406 eum
1255 2373 1555 2404 circumforaneae
1587 2372 1715 2405 turbae

289 2435 497 2458 concursum
514 2434 586 2455 non
607 2423 713 2455 modo
732 2425 899 2454 effrenata
919 2420 1115 2459 iracundia,
1149 2419 1211 2451 sed
1236 2419 1343 2451 etiam
1382 2419 1520 2450 alienae
1542 2420 1718 2462 pecuniae

288 2470 465 2515 cupiditas
494 2469 648 2512 regebat.
679 2468 856 2512 putabant
894 2468 987 2499 enim
1024 2477 1060 2497 se
1091 2466 1224 2497 Latinis
1251 2465 1376 2507 exiguo
1415 2465 1538 2496 labore
1565 2464 1715 2498 aedibus

290 2516 468 2560 expulsis,
496 2514 670 2560 quicquid
698 2514 735 2546 in
767 2515 813 2546 iis
839 2518 931 2545 esset
956 2511 1197 2551 reconditum,
1226 2517 1266 2544 ut
1290 2510 1354 2543 sub
1383 2511 1585 2543 Andronico
1610 2512 1715 2543 secis-

290 2568 388 2602 sent,
425 2561 637 2606 direpturos.
678 2571 798 2593 verum
841 2569 914 2590 non
950 2558 1055 2590 modo
1091 2569 1152 2601 spe
1185 2568 1247 2590 sua
1288 2558 1465 2597 frustrati,
1505 2557 1567 2590 sed
1606 2557 1715 2590 etiam

291 2609 506 2642 contrarium
530 2612 612 2640 sunt
637 2606 784 2651 experti.
811 2616 891 2637 nam
913 2604 1103 2637 adversarii
1129 2603 1374 2635 animadverso
1398 2604 1514 2647 plebis
1528 2609 1650 2636 contra
1677 2613 1714 2635 se

291 2655 490 2688 concitatae
514 2654 671 2697 impetu,
695 2653 769 2685 vias
795 2651 955 2695 publicas
974 2676 981 2690 ‚
1019 2661 1111 2694 quae
1137 2649 1181 2681 ad
1210 2651 1365 2693 ipsorum
1389 2649 1494 2682 aedes
1522 2649 1713 2688 ducebant,

291 2702 452 2737 maximis
486 2699 647 2738 trabibus
678 2698 955 2738 obstruxerunt,
996 2702 1031 2730 et
1066 2696 1240 2729 thoracati
1274 2697 1310 2729 in
1333 2695 1592 2730 munitionibus
1618 2695 1711 2729 iuis.
