1878 3230
400 198 645 241 isAAqus
687 198 934 240 ANGELUS
975 199 1041 238 ET
1083 196 1306 238 ALExms
1345 199 1390 236 r.
1498 178 1598 251 731

173 292 312 352 (οὗτοι
342 298 388 338 δέ
417 299 523 340 εἰσιν
567 298 604 339 οἱ
637 297 768 339 πάλαι
802 298 1035 349 Φλαμίονες
1067 294 1394 351 κικλησκόμενοι)
1425 291 1614 336 Πισσαί-

170 379 227 404 ων
264 365 336 405 καί
359 364 589 405 Βενετίκων
617 363 770 417 μοῖραν
815 359 1169 417 προσειληφότες,
1199 361 1255 410 ὥς
1282 362 1342 410 εἰς
1370 354 1477 413 ὄψον
1504 361 1610 401 ἕτοι-

169 443 249 480 μον
274 430 347 470 καί
373 429 696 484 προχειρότατον
724 429 898 481 ἕρμαιον
936 427 987 469 τὰ
1016 429 1099 468 τῶν
1126 427 1382 482 Σαρακηνῶν
1411 426 1612 468 διαπλωΐ-

171 494 309 543 ζονται
346 490 561 548 χρήματα.
616 493 690 534 καὶ
729 490 780 546 δη
808 490 854 534 τὸ
881 490 1095 546 σύνταγμα
1123 494 1251 534 έκεῖνο
1278 491 1325 533 τό
1355 489 1535 546 πονηρὸν
1561 492 1613 547 τῇ

132 558 288 600 5πόλει
316 558 529 613 προσσχεῖν
558 560 614 599 δι’
634 555 821 599 ἁλιάδων
854 553 977 612 (οὐδὲ
1004 556 1083 612 γὰρ
1118 553 1169 611 ἦν
1196 573 1260 606 τις
1283 554 1305 597 ὅ
1333 554 1610 612 προσιστὰμεο
1624 562 1739 598 Ρ,356

169 639 239 673 νος
269 621 376 673 ὅλως
401 625 610 666 ἐπιπλέειν
640 625 753 678 σφᾶς
786 625 836 678 τῇ
865 622 984 663 πόλει
1025 624 1097 663 καί
1123 617 1252 671 αὖθις
1281 621 1533 677 ἀνάγεσθαι)
1559 623 1615 677 τῷ

170 691 251 732 τῶν
268 690 312 738 ἐξ
336 685 475 743 ”Ayap
502 690 742 745 συναγωγίῳ
761 686 900 745 λάθρᾳ
917 689 1269 741 ἐπεισπίπτουσιν,
1298 684 1319 728 ὅ
1349 703 1452 742 φησι
1468 684 1613 728 Muci-

169 769 239 796 τον
267 751 294 808 ἦ
320 752 514 808 δημώδης
539 753 765 806 διάλεκτος,
795 755 868 795 καί
893 751 944 795 τά
964 751 1108 795 ἐνόντα
1131 752 1234 805 μετὰ
1265 754 1412 807 ξίφους
1439 751 1614 808 λῃστεύ-

170 833 302 865 ουσιν.
333 819 389 868 ὥς
419 820 458 860 δ’
485 813 595 860 οὕτω
614 819 749 860 ταῦτα
771 819 1019 875 παραλόγως
1047 817 1119 860 καί
1143 817 1250 874 ὑπὲρ
1282 816 1446 873 δόκησιν
1474 820 1613 859 πᾶσαν

111 902 157 928 10
170 890 443 940 παρηνομεῖτο
452 917 466 937 ,
513 883 716 939 ἠμύνοντο
744 885 821 936 μὲν
851 882 1007 933 αὐτοὺς
1036 883 1075 925 οἱ
1102 884 1343 940 Σαρακηνοὶ
1367 881 1441 932 τὰς
1464 888 1613 936 χεῖρας

169 955 257 999 τοῖς
283 952 603 1004 παρατυχοῦσιν
631 949 875 1000 ὄπλίσαντες
889 983 903 1003 ,
931 951 1207 1005 έπιβοηθοῧσι
1235 951 1282 992 δὲ
1310 951 1384 991 καί
1397 948 1613 1001 Ῥωμαῖοι,

169 1016 284 1072 παρὰ
313 1018 387 1071 τῆς
414 1018 493 1057 τοῦ
516 1018 648 1058 κακοῦ
675 1014 818 1072 φήμης
836 1017 969 1058 ἐκεῖσε
997 1017 1303 1071 συνηλισμένοι.
1359 1014 1435 1057 καὶ
1460 1011 1612 1056 οὔκουν

169 1084 249 1134 μὲν
287 1078 403 1123 ἅπαν
441 1080 595 1124 ὄπόσον
632 1083 707 1124 καί
746 1079 834 1123 ἔδει
872 1079 1136 1136 κατήνυσαν,
1178 1080 1251 1124 ἐπὶ
1287 1083 1334 1124 δὲ
1374 1080 1516 1136 βραχὺ
1543 1083 1615 1136 τῆς

168 1148 249 1189 τῶν
285 1146 450 1200 ἀνδρῶν
486 1148 653 1189 ἐκείνων
683 1143 917 1201 ὅμαιχμιάς
948 1147 1218 1202 ἀναχώρησις
1244 1149 1419 1201 γίνεται.
1497 1145 1534 1188 οἱ
1565 1148 1614 1188 δὲ

111 1216 159 1257 15
171 1211 217 1255 τὸ
247 1213 305 1254 δι’
333 1210 472 1255 ὅπλων
504 1214 696 1266 α’ντέχειν
736 1215 936 1266 μεθέντες
969 1212 1042 1254 ἐπὶ
1082 1215 1138 1270 τῷ
1176 1211 1235 1268 μη
1266 1213 1378 1255 πάνυ
1407 1211 1612 1266 πρότερον

172 1280 407 1335 ἐμπρησμῷ
436 1279 700 1320 διανοοῦνται
729 1279 802 1319 καί
842 1277 1049 1333 δεύτερον,
1079 1277 1395 1332 ἀνυσιμώτατον
1428 1275 1650 1332 ἀμυνῶ-Β

173 1346 370 1397 ριονκαί
399 1344 506 1399 ὑπὲρ
537 1342 649 1386 ἅπαν
676 1344 817 1399 ἕτερον
850 1343 924 1399 τὴν
950 1341 1072 1386 πόλιν
1098 1343 1196 1398 ἔχον
1222 1342 1330 1398 ταχὺ
1356 1342 1614 1397 κατεργάσα-

167 1411 274 1450 σθαι
314 1411 436 1467 πείρα
472 1407 765 1464 μεμαθηκότες
810 1409 856 1451 τὸ
893 1412 991 1465 πῦρ.
1059 1409 1131 1452 καί
1171 1408 1224 1465 δη
1255 1410 1358 1452 κατὰ
1394 1412 1614 1459 πλείστους

169 1473 414 1525 διαστάντες
439 1472 593 1524 τόπους
616 1476 702 1531 πῦρ
728 1481 821 1524 ταῖς
849 1477 999 1525 οἰκίαις
1024 1474 1282 1532 ὑφάπτουσι.
1313 1474 1360 1518 τὸ
1392 1476 1438 1516 δὲ
1458 1490 1616 1529 μεταρ-

108 1556 158 1582 20
170 1543 326 1582 σιωθὲν
351 1540 455 1596 ὑπὲρ
497 1540 658 1583 ἔννοιαν
686 1539 762 1596 την
799 1538 931 1583 νύκτα
965 1536 1068 1596 ὅλην
1093 1542 1249 1596 ἐκείνην
1275 1542 1349 1582 καί
1374 1539 1450 1595 τὴν
1473 1542 1616 1582 ἐπιοῦ-

169 1621 250 1647 σαν
276 1603 436 1661 ἡμέραν
465 1609 539 1648 καὶ
568 1605 644 1661 την
671 1604 822 1660 ταύτης
859 1606 1059 1660 διάδοχον
1086 1603 1267 1661 ἑσπέραν
1287 1606 1333 1648 τὸ
1365 1608 1448 1647 πᾶν
1476 1607 1616 1647 έπενέ-

172 1685 286 1722 μετο.
342 1670 416 1713 καί
437 1666 489 1726 ἦν
519 1670 661 1713 καινὸν
689 1669 735 1713 τὸ
766 1669 978 1727 δρώμενον
998 1671 1072 1714 καί
1096 1672 1236 1714 πᾶσαν
1261 1669 1514 1727 ὗπερβαῖνον
1543 1670 1616 1712 λό-

264 1804 296 1827 2.
326 1791 389 1839 ὥς]
417 1794 479 1826 καὶ
505 1792 615 1827 APW.
657 1791 784 1838 ὥσπερ
812 1796 1051 1842 μαγείρευμα
1074 1793 1264 1841 ἑψημένον
1286 1795 1322 1827 Β.
1473 1803 1524 1829 ¹2.
1551 1795 1615 1826 καὶ

262 1837 420 1886 οὔκουν]
447 1843 512 1873 καὶ
542 1838 726 1874 τοσοῦτον
750 1838 822 1885 μὲν
860 1837 983 1878 κακὸν
1010 1840 1104 1876 ὅσον
1130 1843 1327 1885 ἐβούλοντο
1352 1842 1513 1882 ποιῆσαι
1535 1846 1615 1877 τοῖς

264 1891 495 1929 σαριικηνοῖς
531 1885 600 1920 οὐκ
634 1888 843 1928 ἐποίησαν·
890 1888 1229 1936 η’νεμποδίσθησαν
1265 1887 1362 1934 γάρ’
1425 1885 1515 1923 ὅθεν
1548 1888 1614 1920 καὶ

265 1929 513 1978 ἄνεχαίρησαν
540 1933 576 1965 Β.

175 2039 234 2066 ctu
261 2039 423 2075 utuntur,
462 2047 596 2069 summa
620 2048 698 2069 cum
727 2038 779 2071 eis
804 2039 1050 2072 familiaritate
1078 2038 1189 2078 inita,
1222 2036 1354 2070 mensis
1379 2035 1530 2080 Augusti
1554 2035 1615 2068 die

177 2080 275 2121 XIX,
306 2081 355 2113 VI
380 2082 601 2123 indictione,
627 2084 712 2116 anni
739 2084 789 2117 VI
804 2086 933 2118 MDCC
948 2086 1006 2120 XI.
1064 2085 1114 2131 (2)
1144 2084 1302 2130 Quidam
1328 2094 1411 2116 vero
1438 2094 1480 2115 ex
1505 2083 1616 2115 Fran-

175 2127 247 2167 cis,
273 2128 335 2172 qui
362 2128 448 2160 olim
473 2129 641 2163 Flaminii
665 2130 908 2173 vocabantur,
934 2133 1141 2165 Pisanorum
1167 2136 1204 2164 et
1220 2131 1442 2163 Venetorum
1468 2129 1615 2163 cohorte

174 2179 376 2218 assumpta,
404 2175 450 2207 ad
476 2175 697 2221 diripiendas
721 2177 996 2212 sarracenorum
1019 2179 1209 2211 facultates
1239 2183 1411 2222 tanquam
1439 2175 1486 2208 ad
1511 2188 1617 2221 para-

174 2226 248 2254 tam
274 2220 445 2265 praedam
477 2224 670 2257 traiiciunt.
713 2234 755 2256 ea
784 2225 957 2267 scelerata
981 2226 1090 2259 factio
1118 2237 1197 2257 cum
1226 2224 1273 2257 ad
1303 2223 1427 2256 urbem
1455 2224 1618 2267 appulis-

176 2272 231 2300 set
254 2269 388 2312 (neque
413 2269 508 2301 enim
528 2270 719 2315 quisquam
738 2277 815 2305 erat
839 2273 903 2317 qui
923 2283 1047 2306 eorum
1071 2272 1129 2305 vel
1148 2282 1328 2304 accessum
1353 2271 1412 2303 vel
1439 2281 1617 2303 recessum

175 2313 393 2360 impediret),
418 2316 457 2348 in
473 2315 748 2350 sarracenorum
762 2330 991 2364 synagogam,
1016 2330 1124 2365 quam
1146 2319 1253 2363 vulgo
1276 2318 1443 2351 Mitatum
1467 2317 1616 2356 dieunt,

175 2360 378 2405 irrumpunt
415 2367 452 2396 et
491 2374 555 2408 per
578 2364 650 2396 vim
686 2365 807 2398 omnia
832 2365 1020 2411 diripiunt.
1054 2377 1132 2399 eam
1156 2365 1420 2410 inexpectatum
1447 2364 1615 2396 iniuriam
1674 2365 1679 2368 '

176 2405 361 2440 Sarraceni
386 2409 492 2442 armis
520 2409 638 2444 obiter
663 2412 813 2457 arreptis
841 2413 1085 2453 ulciscuntur,
1104 2413 1271 2445 Romanis
1294 2411 1403 2444 etiam
1429 2410 1505 2442 eius
1531 2410 1619 2441 mali

176 2453 271 2485 fama
296 2454 458 2488 excitatis
483 2455 748 2492 adiutantibus:
770 2470 887 2504 neque
911 2465 1033 2492 tamen
1058 2465 1197 2492 tantum
1221 2458 1416 2503 proficiunt
1440 2461 1617 2500 quantum

177 2499 390 2542 oportebat,
426 2508 531 2535 coetu
565 2503 631 2538 illo
656 2505 813 2539 militum
839 2507 1024 2552 paulisper
1052 2506 1228 2539 duntaxat
1250 2515 1422 2549 regreSSO‚
1448 2508 1484 2535 et
1507 2503 1617 2535 omis-

181 2557 220 2578 sa
248 2545 458 2581 defensione
489 2549 536 2582 ad
571 2551 724 2584 alterum
761 2552 970 2586 incendium
993 2554 1113 2598 priore
1149 2552 1295 2586 vixdum
1336 2550 1507 2582 restincto
1532 2560 1617 2593 pro-
1670 2553 1677 2559 ‘

177 2597 351 2637 perante,
395 2604 475 2627 cum
499 2597 722 2641 experientia
752 2598 966 2633 didicissent
988 2599 1083 2632 nihil
1109 2610 1187 2632 esse
1217 2597 1391 2631 efficacius
1419 2595 1464 2627 ad
1490 2595 1617 2629 urbem

180 2637 422 2672 ulciscendam
448 2646 485 2674 et
509 2644 737 2678 evertendam
770 2657 879 2691 quam
903 2646 1031 2690 ignem.
1057 2644 1211 2690 proinde
1235 2643 1342 2678 variis
1368 2643 1405 2674 in
1429 2642 1518 2674 locis
1543 2642 1618 2675 dis-

179 2685 277 2729 persi
300 2685 406 2719 aedes
430 2685 639 2723 incendunt.
654 2690 796 2724 flamma
819 2704 903 2725 vero
927 2704 1034 2737 supra
1062 2692 1314 2736 cogitationem
1342 2689 1380 2721 in
1404 2688 1515 2720 altum
1543 2689 1617 2721 ela-

181 2737 219 2764 ta
243 2736 356 2765 totam
380 2733 481 2765 illam
505 2740 645 2769 noctem
672 2743 709 2771 et
731 2738 931 2783 postridie,
967 2750 1010 2771 eo
1037 2739 1125 2771 item
1152 2738 1211 2770 die
1236 2737 1299 2781 qui
1334 2734 1554 2780 sequebatur
1571 2735 1617 2768 ad

182 2789 367 2826 vesperam
400 2790 541 2827 usque,
571 2783 691 2816 omnia
723 2790 912 2829 pervagata
947 2790 1013 2820 est.
1048 2784 1259 2819 inusitatum
1304 2781 1342 2815 id
1375 2783 1617 2829 spectaculum
