1838 3210
591 170 862 216 mnANNFs
903 175 1208 218 comm-:Nus
1530 156 1604 212 63

163 271 244 322 νώς
270 275 347 315 τοῦ
388 276 628 316 καταλιπεῖν
668 273 714 315 ἐν
759 278 846 322 τοῖς
890 273 1030 317 ἔπειτα
1064 277 1259 330 μέγιστον
1286 274 1444 318 ἑαυτοῦ
1473 269 1607 330 ὄνομα

164 338 218 380 τά
248 339 382 382 πάντα
427 337 660 393 τιμώμενος
685 331 750 393 ἦν.
803 341 1014 389 ,τοσοῦτον
1041 342 1088 383 δὲ
1118 340 1191 384 καὶ
1223 343 1298 396 τῆς
1327 342 1413 384 τῶν
1443 340 1606 384 οἰκείων

164 400 479 460 εὐσχημοσύνης
509 403 584 446 καί
620 404 698 444 τοῦ
735 401 960 458 αἶδὴμονος
998 407 1159 461 τρόπου
1195 405 1405 461 ἐξείχετο,
1453 404 1510 457 ὥς
1531 410 1605 448 καί

164 469 322 526 κουράν
351 466 698 525 περιεργάζεσθαι
724 468 870 523 τριχὸς
889 469 962 511 καί
986 469 1029 512 τὸ
1061 475 1136 514 τοῦ
1161 471 1287 522 ποδὸς
1314 471 1459 522 σκότος
1485 488 1602 528 περι-

125 539 342 591 ὅαθρεῐν,
377 537 418 578 εἰ
447 532 554 576 κατὰ
584 533 703 588 λόγον
731 535 804 576 καί
833 534 939 590 πρὸς
966 534 1010 577 τὸ
1040 539 1118 577 τοῦ
1144 537 1432 591 ὖποδουμένου
1459 540 1604 595 σχῆμα

162 601 416 656 ὑπέρραπτο.
480 599 728 655 α’ργολογιάν
777 601 823 641 δὲ
851 603 924 642 καί
967 605 1246 656 σαπρολογιάν
1270 602 1344 658 τήν
1367 603 1438 647 ἐπὶ
1463 606 1601 660 κοινῆς

160 666 401 722 ἀκροάσεως
435 665 509 707 καὶ
545 663 591 707 τό
622 666 667 707 ἐν
707 663 944 719 ἱματισμοῖς
984 665 1058 708 καί
1085 668 1268 718 διαίταις
1306 664 1488 722 ἄσωτον,
1521 666 1600 712 ὅσα

158 731 232 773 καί
256 731 391 787 λύμην
423 729 515 773 τινα
541 731 802 787 βιοφθόρον,
843 734 926 774 τῶν
954 731 1194 789 α’νακτόρων
1222 733 1500 789 ἅπεσιὶρωσε,
1528 738 1604 777 καί

157 795 229 839 τὸν
247 798 431 852 ἐμβριθῆ
447 798 766 852 χαρακτηρίζων
790 796 1094 853 σωφρονιστὴν,
1123 798 1199 841 καί
1227 799 1415 854 μιμητὰς
1442 798 1601 842 ἑαυτοῦ

99 862 255 912 ιοτοὺς
282 861 363 904 ὑπὸ
381 869 508 917 χεῖρα
531 859 638 905 εἶναι
669 860 928 917 γλιχόμενος,
956 865 1094 906 πᾶσαν
1123 861 1271 920 ἇρετῆς
1299 867 1416 907 ἰδέαν
1446 864 1600 919 μετιών

157 928 234 969 οὖκ
265 927 385 970 α’νίει.
417 929 466 970 οὕ
488 927 573 983 μὴν
602 926 738 970 ταῦτα’
766 944 811 983 γε
839 927 1033 983 πράττων
1055 930 1245 986 χαρίτων
1274 931 1502 985 α’πείχετο,
1530 934 1645 977 καίΡ.
1663 947 1707 980 32

156 992 469 1050 δυσξόμβλητος
496 990 550 1049 ἦν
580 993 653 1036 καὶ
684 991 965 1049 δυσπρόσιτος
992 995 1067 1037 καί
1089 995 1262 1050 στυγνός
1289 995 1363 1051 τὴν
1399 989 1501 1050 ὄψιν
1527 997 1603 1040 καί

154 1059 360 1116 συννεφὴς
390 1059 464 1114 τήν
492 1058 632 1116 όφρὺν
659 1061 733 1100 καί
762 1061 836 1101 αἐί
857 1076 944 1109 πως
971 1059 1318 1114 ὖποσκυζόμενος.
1375 1058 1531 1105 ἑαυτὸν
1561 1065 1598 1104 δ’

153 1127 198 1167 ἐν
214 1127 272 1184 τῷ
290 1125 480 1183 προδήλῳ
495 1124 631 1181 πάσης
651 1123 838 1180 πράξεως
856 1127 1027 1181 α’ρίστης
1048 1126 1203 1168 πίνακα
1226 1130 1456 1182 προτιθείς,
1485 1123 1600 1182 ἄγων

96 1191 312 1246 ιόσχολὴν
349 1193 429 1233 τῶν
471 1189 618 1244 ἐκτός,
659 1190 733 1232 καί
767 1189 812 1233 τὸ
860 1193 1144 1246 περιορᾶσθαι
1174 1190 1257 1232 ὑπὸ
1287 1191 1493 1236 πλείστων
1521 1191 1598 1237 ὅσα

153 1259 226 1300 καί
253 1256 427 1299 κώδωνα
455 1255 646 1312 φλύαρον
681 1257 755 1297 καί
781 1254 905 1298 λάλον
925 1256 1272 1313 ἀποτρεπόμενος,
1298 1257 1370 1300 καὶ
1392 1269 1600 1314 κομψειαν

151 1321 306 1379 σεμνὴν
344 1324 577 1380 εἷσῳκίζετο
614 1321 689 1364 καί
732 1320 805 1365 τὸν
836 1323 1091 1378 εὐτράπελον
1118 1324 1169 1365 οὔ
1191 1325 1472 1380 παρέτρεχεν,
1504 1327 1600 1368 οὐδ’

151 1390 315 1443 ἐπεῖχεν
342 1389 494 1431 ἐπίπαν
521 1390 595 1430 καί
622 1383 724 1442 ἦγχε
754 1387 822 1430 τὸν
850 1390 1027 1443 γέλωτα.
1047 1388 1168 1443 ὀλίγα
1188 1385 1264 1430 οὖν
1291 1386 1369 1431 τοῦ
1396 1392 1439 1440 ἐς
1467 1387 1596 1446 ἄκρον

151 1454 413 1511 ἄποσφαλείς
453 1455 680 1508 ἐγκρατοῦς
705 1469 751 1495 τε
794 1455 867 1495 καί
896 1453 1142 1510 ἀσφαλοῦς,
1184 1454 1258 1496 καί
1280 1458 1365 1497 τῶν
1395 1454 1500 1511 πρὸς
1528 1459 1636 1505 ‹iv-B

87 1535 138 1563 20
151 1522 246 1575 τελῆ
273 1521 491 1575 α’κρίβειαν
517 1518 683 1574 βραχέα
714 1516 962 1573 διεκπεσιόν,
992 1521 1066 1563 καί
1086 1521 1247 1575 μηδένα
1278 1518 1348 1563 διὰ
1377 1522 1597 1578 ξυμπάσης

149 1586 265 1642 αὐτῷ
299 1588 371 1640 τῆς
409 1586 542 1641 ἀρχῆς
583 1581 611 1639 ἢ
653 1586 798 1639 ψυχῆς
828 1584 1037 1639 στερήσας
1068 1582 1096 1640 ἢ
1123 1587 1166 1634 ἐς
1195 1584 1242 1627 τὸ
1272 1588 1396 1640 σῶμα
1425 1586 1599 1630 ὄσονοῦν

148 1653 454 1706 λυμηνάμενος,
497 1649 707 1699 ἐπαινετὸς
745 1652 788 1701 ἐς
820 1651 944 1706 δεῦρο
982 1649 1099 1706 παρὰ
1131 1653 1236 1693 πᾶσι
1263 1650 1500 1707 λελόγισται
1527 1656 1601 1696 καί

148 1715 320 1772 κορωνίς
346 1715 403 1765 ὥς
435 1717 566 1758 εἰπεῖν
597 1717 682 1757 τῶν
710 1711 804 1757 ὅσοι
826 1713 1048 1769 Ῥωμαίων
1078 1718 1123 1759 ἐκ
1151 1719 1230 1759 τοῦ
1254 1718 1337 1760 τῶν
1364 1720 1599 1774 Κομνηνῶν

248 1824 274 1845 ι.
302 1812 370 1845 τοῦ
395 1809 631 1856 καταλιπεῖν]
656 1808 698 1843 τὸ
726 1821 805 1844 κατ.
828 1830 876 1836 -
899 1808 1022 1855 ὄνομα
1041 1812 1110 1845 τοῦ
1142 1810 1287 1850 παντός
1311 1822 1390 1859 τιμ.
1419 1811 1597 1854 Wolfius,

243 1857 340 1893 nihil
362 1857 519 1892 habebat
543 1856 748 1904 antiquius.
841 1856 962 1901 ἑαυτῷ·
985 1857 1026 1890 A.

149 1954 244 1987 xima
269 1963 288 1985 e
326 1951 571 1985 fundamentis
605 1955 777 1984 extructa.
812 1950 875 1984 sed
903 1957 940 1984 et
964 1952 1122 1995 gloriae,
1162 1957 1307 1996 praeter
1331 1952 1422 1986 alios
1449 1965 1589 1996 omnes,

148 1999 465 2045 appetentissimus
493 1999 581 2040 fuit,
605 1998 643 2031 in
669 2008 711 2030 eo
735 2009 875 2042 ponens
901 1999 1033 2039 omnia,
1056 2003 1097 2031 ut
1120 1999 1315 2032 maximum
1339 2011 1471 2034 nomen
1497 2002 1595 2046 apud

145 2052 310 2092 posteros
334 2046 568 2090 relinqueret.
596 2044 814 2078 domesticae
854 2043 1069 2089 disciplinae
1106 2050 1143 2078 et
1176 2045 1297 2078 decori
1332 2051 1405 2080 tam
1441 2047 1594 2093 diligens

148 2094 376 2134 observator,
415 2098 458 2125 ut
488 2097 526 2126 et
550 2092 589 2124 in
612 2090 808 2124 tondendis
849 2091 990 2136 capillis
1016 2097 1053 2124 et
1080 2091 1194 2124 forma
1220 2092 1420 2126 calceorum
1443 2106 1595 2140 propor-

147 2140 285 2173 tionem
309 2139 520 2184 requireret.
560 2138 684 2170 inania
713 2143 750 2171 et
777 2137 957 2171 obscoena
980 2138 1090 2171 verba
1115 2150 1135 2171 a
1158 2139 1316 2183 publicis
1334 2142 1594 2183 conventibus,

147 2192 185 2220 et
209 2187 333 2219 luxum
355 2186 510 2219 vestium
529 2196 570 2217 ac
591 2196 795 2218 mensarum
821 2189 993 2229 tanquam
1018 2186 1257 2230 corruptelam
1274 2191 1311 2219 et
1332 2187 1429 2220 vitae
1455 2194 1594 2233 pestem

146 2245 167 2266 a
191 2233 327 2278 palatio
355 2233 509 2277 pepulit.
535 2242 689 2276 cumque
714 2231 918 2276 exemplum
943 2231 1158 2276 disciplinae
1182 2238 1297 2266 semet
1319 2233 1436 2279 ipsum
1459 2236 1595 2278 gravis-

146 2281 274 2313 simum
307 2283 550 2325 proponeret,
583 2283 694 2323 atque
734 2288 858 2311 omnes
898 2278 1094 2311 familiares
1134 2279 1335 2313 imitatores
1371 2282 1427 2314 sui
1454 2281 1594 2316 efficere

145 2326 329 2367 studeret,
362 2337 467 2358 omne
500 2325 644 2358 virtutis
672 2335 783 2369 genus
812 2325 930 2358 colere
958 2336 1032 2358 non
1068 2324 1219 2359 destitit.
1245 2337 1366 2371 neque
1390 2332 1512 2361 tamen
1536 2329 1593 2363 in-

145 2374 249 2407 terim
277 2385 298 2406 a
322 2373 455 2406 Gratiis
483 2372 623 2405 alienus
658 2371 746 2412 fuit,
775 2382 895 2416 neque
919 2371 957 2404 in
982 2372 1084 2405 aditu
1116 2378 1179 2405 aut
1201 2383 1392 2416 congressu
1417 2386 1520 2419 asper
1539 2373 1594 2409 te*-

145 2420 254 2453 tricus
293 2419 547 2464 superciliosus
590 2422 654 2451 aut
688 2417 924 2451 inhumanus:
950 2418 1014 2451 sed
1050 2430 1129 2452 cum
1156 2419 1195 2452 in
1221 2419 1369 2464 publico
1408 2422 1591 2455 actionum

145 2467 359 2510 optimarum
388 2465 570 2510 exemplar
596 2476 633 2498 se
658 2465 860 2509 praeberet,
884 2475 950 2509 per
964 2465 1079 2498 otium
1108 2476 1128 2498 a
1152 2476 1189 2498 re
1206 2465 1355 2510 publica
1380 2473 1591 2513 remotaque

144 2512 274 2553 turba,
299 2524 407 2558 quam
431 2518 605 2556 tanquam
627 2517 836 2556 tympanum
870 2511 1122 2556 obstrepet-um
1148 2517 1186 2545 et
1209 2513 1390 2556 garrulum
1414 2515 1564 2548 cavebat
1579 2541 1588 2557 ,

146 2559 254 2592 etiam
279 2559 485 2592 comitatem
508 2558 697 2591 honestam
729 2557 969 2599 admittebat,
996 2564 1032 2592 et
1056 2559 1102 2591 ab
1126 2558 1333 2593 urbanitate
1357 2571 1431 2595 non
1457 2561 1589 2594 abhor-

145 2605 266 2646 rebat,
291 2617 410 2650 neque
438 2606 547 2639 risum
570 2615 715 2649 prorsus
741 2604 978 2649 opprimebat.
1003 2605 1128 2650 itaque
1151 2617 1231 2638 cum
1254 2617 1382 2651 parum
1405 2619 1425 2640 a
1451 2619 1588 2641 summa

146 2652 369 2685 continentia
402 2657 440 2685 et
470 2652 677 2696 integritate
715 2651 927 2692 recesserit,
969 2656 1006 2684 et
1028 2651 1073 2684 ab
1100 2653 1382 2697 exquisitissima
1405 2655 1501 2687 vitae
1531 2666 1588 2687 ra-

144 2698 244 2731 tione
278 2697 375 2731 haud
404 2698 557 2731 multum
589 2697 788 2738 aberrarit,
822 2708 890 2730 nec
923 2698 1037 2731 totius
1070 2699 1214 2743 imperii
1241 2705 1402 2744 tempore
1428 2702 1485 2733 vel
1512 2702 1586 2734 vita

144 2743 294 2789 privarit
328 2755 534 2790 quenquam
573 2745 630 2780 vel
665 2755 881 2790 quocunque
906 2743 1014 2778 modo
1042 2756 1191 2790 corpora
1218 2746 1403 2786 multarit,
1430 2747 1465 2779 in
1492 2746 1586 2780 hunc
