1878 3230
482 163 707 205 ALEXIUS
747 162 1018 205 MANUELIS
1058 161 1300 206 COMNEM
1347 165 1394 204 F.
1552 164 1664 219 299

218 264 290 309 τὸν
318 265 467 307 οἰκεῖον
503 266 601 306 καθ’
648 260 722 312 οὓς
756 263 952 317 ἐπισταίη
993 259 1117 317 ὅρκον
1159 259 1458 315 ἀναπτύσσων,
1487 264 1562 304 καί
1582 268 1668 313 τοῖς

218 330 549 383 πυνθανομένοις
579 327 744 379 διεξιών
769 326 814 370 τὸ
846 330 921 382 τῆς
944 329 1143 383 κινήσεως
1175 327 1320 374 αἴτιον.
1353 329 1426 369 καί
1447 329 1547 383 περί
1563 329 1671 370 ἐκεῖ*

220 411 293 438 νον
330 391 410 437 ὅσα
438 393 512 436 καὶ
539 392 664 436 αἐτὸν
698 392 890 449 ὗψινεφῆ
913 396 987 435 καί
1010 393 1281 448 γαμψώνυχα
1312 393 1470 436 κολοιοί
1494 392 1672 448 ἔγάρυον

225 457 416 516 ἄκραντα
455 459 495 501 οἱ
521 457 778 515 πραγμάτων
802 462 1016 514 νεωτέρων
1058 461 1279 516 τρέφοντες
1317 457 1483 516 ἔφεσιν,
1512 460 1586 500 καί
1611 454 1674 508 οἷς

188 525 251 581 5ἧ
274 525 406 567 πάλαι
435 523 556 582 φήμη
575 521 944 579 περιεσπούὸαστο,
974 524 1003 579 ἢ
1032 525 1083 580 δή
1103 542 1184 566 που
1213 523 1479 579 βασιλεύσειν
1506 521 1673 578 Ἀνδρό-

221 607 337 633 νικον
377 586 644 646 προηγόρευε.
715 590 790 631 καί
816 587 928 644 εἶχεν
955 589 1088 633 αὐτὸν
1130 587 1237 633 οὕτω
1265 589 1508 644 μεταβάντα
1539 588 1566 645 ἡ
1591 591 1675 632 τῶν

221 656 524 712 Παφλαγόνων
559 656 706 710 μερίς,
746 656 820 697 καί
856 653 935 698 ὅσα
984 655 1058 698 καὶ
1094 658 1268 712 σωτῆρα
1313 658 1386 697 καὶ
1422 654 1527 698 κατὰ
1557 659 1798 704 θεῖον1>.ι5ο

219 718 370 777 ἥκοντα
396 719 730 774 προσδεχόμενον
752 720 966 775 ἑριτᾲιως.

331 788 375 841 4.
425 786 475 829 Ὁ
506 788 553 828 δὲ
583 785 930 841 πρωτοσεβαστὸς
956 787 1140 838 Ἀλέξιος
1168 785 1244 840 τὴν
1271 787 1357 829 τῶν
1385 783 1495 830 ὅλων
1519 785 1674 842 διοίκη·
1686 801 1729 836 v,
1750 803 1810 836 123

164 870 212 898 10
223 867 291 895 σιν
319 853 380 901 εἷς
405 848 555 893 ἑαυτὸν
583 852 804 905 ἐπεσπᾶτο,
834 853 893 908 τῷ
923 853 1016 910 ἰδίῳ
1038 850 1321 908 φυσιούμενος
1351 850 1494 907 κράτει
1528 852 1602 894 καί
1625 854 1678 907 τῇ

222 917 566 974 παραδυναστειίῥ
605 918 679 972 τῆς
722 917 941 972 δεσποίνης
980 917 1325 973 καταχρώμενος,
1365 916 1507 972 ὥσπερ
1555 916 1629 960 καὶ
1654 917 1677 958 ὅ

222 982 358 1026 πολλὰ
401 980 601 1032 πολλάκις
640 981 851 1037 ε’ὃηδοκώς
891 982 1098 1039 φάρμακα
1139 980 1305 1038 δράκων
1345 985 1418 1025 καί
1459 984 1680 1038 γενόμενος

224 1050 592 1102 δυσαντίβλεπτος.
629 1044 779 1090 οὖκοῧν
806 1043 883 1090 οὖκ
902 1043 955 1104 ἦν
983 1064 1025 1091 τι
1051 1051 1137 1090 τῶν
1155 1046 1354 1090 ἁπάντων
1381 1046 1404 1091 ὃ
1429 1047 1488 1104 μὴ
1518 1050 1575 1090 δι’
1600 1050 1681 1090 αιῖ-

222 1115 298 1158 τοῦ
337 1112 592 1170 ἐπεραίνετο.
664 1115 707 1155 εἰ
736 1114 783 1155 δέ
809 1130 850 1156 τι
877 1114 951 1156 καί
983 1112 1258 1169 ὃιεπεπράχει
1288 1112 1434 1156 λαθών
1461 1115 1622 1170 ἕτερος,
1652 1109 1683 1168 ἢ

165 1182 300 1235 ιότῆς
326 1180 575 1233 βασιλίσσης
603 1177 788 1233 deq-9⁸12,
817 1175 846 1234 ἦ
862 1177 935 1221 τὸν
953 1180 1131 1233 βασιλέα
1153 1178 1514 1235 καρυατιζόμενον
1544 1178 1682 1233 εὑρών

224 1240 254 1301 ἢ
297 1245 441 1302 ῥιμμῷ
479 1242 674 1286 λιθιδίων
717 1243 970 1298 καταλαβών
1004 1247 1320 1299 προσανέχοντα
1365 1243 1522 1301 καὶτῷ
1549 1246 1682 1300 καιρῷ

223 1310 332 1366 πρὸς
359 1306 596 1366 περάτωσιν
622 1311 699 1352 τοῦ
724 1311 974 1364 αἰτουμένου
1000 1309 1292 1367 χρησάμενος,
1321 1311 1423 1353 ου’δὲ
1447 1313 1571 1352 τοῦτο
1599 1312 1719 1359 τῶνΒ

223 1377 383 1419 ἐκείνου
422 1376 715 1430 ἑκπεριίστατο
754 1375 1012 1432 ὀφθαλμῶν·
1100 1374 1366 1430 σκεψάμενος
1401 1374 1483 1432 γὰρ
1526 1373 1683 1431 τρόπον

227 1442 284 1483 δι’
309 1435 360 1482 οὗ
398 1439 452 1483 τὰ
483 1446 581 1497 παρ’
623 1437 762 1484 ἄλλων
793 1443 1049 1496 ὁιηνυσμένα
1077 1439 1185 1497 πρὸς
1212 1443 1368 1484 ἐκεῖνον
1393 1439 1683 1484 ἑπαναλύσου-

163 1523 295 1552 αοσιν
336 1506 393 1556 ὥς
424 1509 485 1556 εἷς
529 1508 819 1563 στροφάλιγγα
857 1506 1184 1562 περιδινούμενα
1223 1505 1445 1563 ῥεύματα,
1475 1507 1612 1561 δόγμα
1641 1507 1686 1548 ἐκ

226 1575 435 1626 βασιλέως
460 1574 647 1628 ἐξήνεγκε
684 1572 743 1628 μὴ
770 1568 907 1622 ἄλλως
934 1570 1230 1627 εὕπαροίὸεκτα
1252 1571 1420 1615 οἴεσθαι
1447 1569 1527 1615 ὅσα
1558 1570 1583 1626 ἡ
1610 1575 1686 1625 βα-

227 1637 366 1694 σιλικὴ
397 1641 492 1695 χείρ
522 1639 852 1694 ὑποσημαίνεται
877 1638 1133 1695 γράμματα,
1162 1640 1203 1681 εἰ
1228 1638 1289 1694 μὴ
1309 1638 1513 1694 πρότερον
1540 1638 1688 1694 ὀφθεῖ-

324 1755 357 1779 2-
381 1744 446 1776 καὶ
469 1745 559 1787 περὶ
582 1744 648 1790 ἐκ]
676 1745 741 1777 καὶ
771 1743 1016 1786 ἠκολούθουν
1040 1742 1159 1778 αὔτὸν
1183 1743 1359 1790 καθάπερ
1385 1743 1546 1789 γαγίλαι
1573 1741 1688 1778 ιῗετὸν

322 1789 491 1833 ὕψιπετῆ
515 1791 553 1823 Β.
655 1796 705 1825 io.
730 1790 1008 1838 φυσιούμενος]
1044 1788 1245 1827 πεποιθώς
1269 1790 1309 1823 A.
1410 1801 1460 1822 ιι.
1490 1792 1690 1834 καταχριό-

322 1837 452 1884 μενος]
479 1836 652 1882 ἀκρατῶς
674 1838 772 1882 ἔχων
795 1838 834 1870 A.
936 1839 986 1871 15.
1011 1836 1348 1884 καρυατιζόμενον]
1375 1834 1436 1870 ὅτε
1461 1834 1505 1869 τὰ
1531 1836 1688 1881 καρίδια

324 1883 453 1924 ἔπαιζε
476 1884 523 1924 Β,
547 1884 894 1931 καρυαντιζόμενον
915 1884 956 1917 A.
1123 1895 1177 1919 αι.
1204 1881 1371 1930 οἴεσθαι]
1418 1885 1622 1929 κρίνεσθαι
1646 1884 1686 1916 A.

231 2001 326 2034 mam
349 1991 604 2024 auctoritatem
638 1990 834 2024 obtineret.
867 1991 994 2035 itaque
1019 1991 1167 2024 Oenaeo
1206 1990 1334 2023 relicto
1361 1989 1503 2034 Cpolim
1540 1990 1689 2033 profici-

231 2038 364 2080 scitur3
390 2042 428 2070 et
450 2048 681 2082 quocumque
704 2038 815 2078 venit,
843 2037 1093 2071 iusiurandum
1117 2049 1220 2071 suum
1244 2037 1406 2082 [ποῖοι-ῖς
1435 2040 1580 2080 rogatus
1603 2047 1690 2082 pro-

232 2083 403 2118 fectionis
427 2095 512 2117 suae
537 2096 681 2117 causam
705 2085 866 2130 exponit.
904 2084 1070 2117 homines
1097 2090 1218 2117 autem
1242 2095 1416 2116 novarum
1442 2093 1560 2115 rerum
1586 2084 1690 2128 cupi-

235 2129 295 2171 di,
331 2136 369 2164 et
403 2131 468 2176 qui
491 2132 606 2165 veteri
633 2131 750 2164 famae
785 2131 991 2164 Andronico
1030 2142 1180 2175 regnum
1220 2130 1434 2163 vaticinanti
1464 2129 1686 2171 credebant,

232 2177 281 2210 ad
306 2177 410 2210 illum
433 2183 606 2223 tanquam
641 2178 688 2211 ad
720 2178 880 2223 aquilam
913 2178 1131 2211 monedulae
1167 2177 1391 2211 confluentes
1439 2176 1541 2209 irrita
1576 2176 1687 2209 verba

231 2224 448 2258 fundebant.
472 2224 543 2258 hoc
566 2225 675 2258 modo
702 2236 817 2270 usque
843 2225 882 2257 in
897 2225 1162 2270 Paphlagoniae
1188 2229 1309 2268 partes
1337 2223 1514 2268 pervenit,
1539 2228 1577 2256 et
1603 2223 1688 2256 ubi-

234 2281 308 2317 que
337 2277 378 2304 ut
405 2277 564 2305 servator
591 2271 766 2305 divinitus
795 2272 924 2305 missus
949 2271 1315 2305 honorificentissime
1342 2270 1532 2314 excipitur.

328 2319 362 2361 4.
409 2318 602 2351 Caeterum
628 2319 775 2352 Alexius
800 2318 1086 2359 sebastocrator,
1121 2329 1184 2351 sua
1207 2317 1373 2363 potentia
1397 2322 1434 2350 et
1459 2316 1688 2362 imperatoris

235 2364 350 2409 gratia
374 2364 508 2406 fretus,
543 2376 717 2400 summam
742 2376 861 2398 rerum
899 2365 971 2398 sibi
993 2365 1212 2399 vendicabat
1240 2370 1276 2398 et
1300 2363 1500 2397 insolenter
1526 2374 1563 2396 se
1589 2374 1691 2407 gere-

236 2411 324 2452 bat,
357 2416 400 2444 ut
438 2411 565 2453 draco,
607 2412 709 2446 cuius
742 2417 926 2457 aspectum
960 2418 1046 2457 post
1077 2412 1191 2446 multa
1225 2422 1365 2445 venena
1389 2410 1559 2443 devorata
1584 2420 1690 2442 nemo

238 2459 427 2492 sustineat.
454 2469 575 2503 neque
613 2459 807 2504 quicquam
848 2465 925 2492 erat
951 2470 1069 2492 rerum
1110 2459 1270 2492 omnium
1298 2456 1398 2503 quod
1420 2468 1486 2501 per
1510 2467 1592 2489 eum
1617 2467 1692 2488 non

239 2503 509 2546 gubernaretur.
538 2505 670 2550 quodsi
697 2507 778 2551 quis
807 2505 900 2539 alius
925 2506 1017 2538 elam
1055 2505 1198 2551 aliquid
1219 2505 1278 2538 vel
1305 2505 1350 2538 ab
1376 2504 1604 2548 imperatrice
1629 2512 1693 2534 ex-

241 2556 399 2592 orasset,
421 2551 480 2585 vel
508 2553 697 2586 occasione
726 2564 810 2586 usus
842 2552 887 2585 ab
917 2553 1158 2597 imperatore,
1199 2552 1353 2585 nucibus
1381 2556 1444 2583 aut
1474 2548 1609 2593 lapillis
1634 2548 1692 2580 lu-

242 2594 328 2628 dere
350 2597 599 2642 impetrasset,
625 2610 671 2632 ne
699 2599 739 2632 id
761 2599 909 2645 quidem
924 2600 1191 2644 inexploratum
1217 2597 1459 2643 relinquebat.
1490 2606 1568 2627 eam
1595 2595 1692 2627 enim

243 2642 421 2676 rationem
451 2644 553 2686 iniit,
589 2657 661 2691 qua
697 2658 762 2691 per
795 2647 885 2679 alios
908 2646 1075 2682 ,confecta
1114 2646 1160 2679 ad
1188 2657 1225 2679 se
1252 2645 1491 2682 referrentur,
1517 2651 1693 2685 aquarum

243 2689 356 2722 instar
392 2690 430 2722 in
451 2693 625 2725 vorticem
663 2693 912 2733 redeuntium,
940 2694 1132 2738 impetrato
1168 2692 1286 2725 edicto
1315 2702 1387 2735 quo
1417 2686 1691 2726 continebatur,

244 2746 285 2769 ea
309 2735 442 2782 quibus
469 2748 593 2773 manus
618 2739 845 2784 imperatoris
871 2740 1143 2785 subscripsisset
1172 2750 1246 2773 nou
1271 2738 1375 2771 aliter
1402 2740 1481 2769 rata
1504 2735 1593 2774 sore,
1620 2734 1692 2767 nisi
