1878 3230
546 216 618 255 nF„
659 212 873 257 isAAcuo
914 213 1131 256 ANGELO
1168 214 1268 255 Lm.
1294 216 1347 256 11.
1544 196 1652 271 517

219 312 484 367 σωσάμενος,
514 312 543 366 ἢ
571 316 646 355 νῦν
661 309 763 356 ”Axe
790 314 975 366 λέγεται,
1004 315 1077 355 καί
1106 311 1251 369 ἑτέρας
1277 313 1417 362 πόλεις
1442 317 1527 362 τοῖς
1555 311 1657 367 ὃμο-

221 380 383 437 φύλοις.
441 377 548 420 ἀλλὰ
579 377 656 433 γὰρ
689 377 755 420 ὅτι
781 381 854 419 καί
877 378 926 420 τά
952 381 1043 433 ἐκεῖ
1064 377 1240 432 πάσχειν
1266 381 1402 428 κακῶς
1428 379 1655 435 ιῖφώριστο,

219 443 341 488 ἄλλοι
367 459 412 487 τε
439 446 562 486 καλοί
591 441 664 485 καί
698 450 878 498 γενναῖοι
923 442 1139 486 ἀπώλοντο
1176 446 1407 499 στρατηγοί
1445 444 1522 500 τὴν
1547 445 1654 488 κατὰ

220 509 407 565 Χριστὸν
448 508 607 558 ἑκόντες
642 507 716 550 καί
741 510 906 558 οἰκείοις
939 508 1137 562 ὀψωνίοις
1178 511 1352 564 πορείαν
1377 511 1656 564 στειλάμενοι,

180 575 292 619 5καί
318 570 447 624 αὐτὸς
474 575 522 616 δὲ
549 574 785 627 ἀναιρεῖται
822 572 904 615 ὑπὸ
935 574 1175 627 Χασισίου,
1199 573 1352 629 μικρόν
1381 592 1419 616 τι
1447 572 1658 628 ἐπιβιούς,

215 640 290 683 καὶ
315 637 412 683 ὅσον
439 644 587 695 πεῖραν
614 641 689 692 τῆς
717 635 851 680 auito&
877 637 1074 693 ἀνδρείας
1100 643 1144 681 τε
1173 639 1247 681 καί
1271 637 1516 696 φρονήσεως
1558 642 1697 683 doz-c

215 723 285 749 ναι
311 711 398 755 τοῖς
423 706 667 760 Ἀγαρηνοῖς
700 705 772 746 καί
794 706 1116 759 θαυμασθῆναι.
1144 705 1261 759 γένος
1292 707 1339 747 δέ
1365 706 1472 748 εἰσιν
1503 704 1541 748 οὶ
1562 709 1658 749 Χα-

213 773 344 814 σίσιοι
371 768 576 825 τοσαύτην
601 769 820 823 λεγόμενον
848 774 988 825 τηρεῖν
1013 770 1071 827 τῷ
1097 765 1274 824 ἄρχοντι
1302 773 1423 827 σφῶν
1452 770 1658 825 συστολὴν

216 836 290 879 καί
316 839 401 878 τῶν
428 836 724 887 ἐντελλομένων
741 833 966 890 πλήρωσιν,
995 834 1052 884 ὥς
1071 834 1146 877 καί
1170 834 1274 878 κατὰ
1303 839 1500 891 κρημνῶν
1529 838 1658 879 αἰθεῖν

155 900 389 951 ιοὲαυτοὺς
429 902 588 943 ἐκείνου
627 901 690 942 ἐπ’
727 898 887 956 ὀφρύσι
928 898 1147 950 νεύσαντος
1185 901 1316 954 μόνον
1356 904 1428 943 καί
1461 902 1657 956 χορεύειν

212 967 320 1010 κατὰ
354 968 486 1023 ξιφῶν
524 966 598 1009 καί
620 963 791 1008 ὑδάτων
829 966 1119 1008 καθάλλεσθαι
1145 967 1220 1007 καί
1242 965 1346 1008 κατὰ
1377 967 1509 1021 πυρὸς
1536 968 1655 1009 duov-

210 1035 420 1085 τίζεσθαι.
476 1032 619 1085 α’μέλει
648 1047 715 1073 τοι
744 1030 818 1074 καὶ
841 1031 945 1087 πρὸς
973 1029 1046 1081 οὓς
1074 1029 1128 1073 ἂν
1155 1033 1357 1074 ἐθέλωσιν
1385 1031 1423 1075 οἱ
1454 1035 1535 1074 τῶν
1558 1036 1656 1075 Χα-

210 1097 359 1141 σισίων
384 1096 693 1149 ἐξουσιάζοντες
732 1097 1035 1140 ἀποστέλλουσι
1062 1095 1157 1146 τούς
1185 1099 1294 1153 σφᾶς
1322 1097 1652 1154 ἀναιρήσοντας·

212 1162 251 1206 οἱ
282 1166 330 1206 δὲ
356 1163 414 1213 ὥς
441 1165 574 1219 φίλιοι
602 1164 844 1219 προσιόντες
859 1159 888 1217 ἢ
904 1164 978 1204 καί
1002 1162 1061 1211 ὥς
1076 1162 1279 1218 ἐπήλυδες
1299 1165 1472 1213 ἐκείνοις
1497 1164 1655 1219 ὀφθέν-

153 1233 277 1279 ι5ῐες
296 1225 325 1284 ἥ
342 1246 383 1272 τι
414 1232 498 1271 τῶν
525 1229 792 1284 καθηκόντων
805 1229 936 1270 εἰπεῖν
955 1226 1134 1281 ἔχοντες,
1164 1222 1192 1282 ἢ
1209 1229 1283 1271 καί
1308 1227 1367 1279 ὥς
1393 1229 1590 1283 πρέσβεις
1608 1230 1654 1280 ἐξ

210 1297 346 1339 ἐθνῶν
367 1290 481 1349 ἥκειν
497 1292 780 1347 πλαττόμενοι,
813 1291 1036 1349 πλήττουσι
1059 1293 1254 1343 πολλάκις
1283 1297 1568 1352 παραξιφιδίῳ
1584 1296 1658 1337 καί

207 1361 444 1402 θανατοῦσι
473 1358 574 1408 τούς
609 1365 695 1408 τοῖς
731 1360 890 1415 κυρίοις
937 1359 1077 1401 αύταῖν
1103 1358 1382 1414 α’ντίφρονας,
1413 1358 1472 1414 μη
1505 1359 1551 1401 τὸ
1580 1361 1659 1402 τοῦ

207 1424 445 1480 πράγματος
472 1426 650 1480 ἐργῶδες
680 1421 787 1474 ὅλως
824 1426 872 1468 ἐν
900 1426 959 1483 νῷ
982 1422 1257 1478 βαλλόμενοι,
1282 1426 1383 1480 μηδ’
1413 1421 1479 1467 ὅτι
1507 1424 1553 1468 ἔκ
1580 1435 1700 1469 τουΙ)

209 1489 421 1547 δήπουθεν
452 1488 802 1546 ἀναιρεθήσονται
825 1492 926 1547 γοῦν
953 1489 1098 1546 αὐτοί,
1129 1490 1202 1532 καῖ
1223 1489 1284 1550 μῆ
1312 1489 1379 1534 τὸν
1403 1489 1549 1548 ἑτέρου
1580 1509 1653 1535 κα-

144 1577 198 1606 20
212 1557 518 1612 ταπραξάμενοι
546 1556 745 1600 θάνατον.

288 1623 405 1666 Ἀλλ’
432 1619 453 1663 ὂ
472 1625 550 1675 μὲν
568 1621 771 1675 βασιλεύς
787 1623 884 1678 περὶ
905 1624 1138 1676 δισχιλίους
1155 1624 1399 1671 ἐπιλέκτους
1415 1619 1651 1677 ἀποκρίνας,

207 1690 282 1729 καί
296 1688 453 1736 τούτοις
476 1683 583 1729 ὅπλα
600 1688 673 1728 καί
689 1688 841 1736 ἵππους
864 1688 1086 1736 ὠκύποδας
1100 1687 1285 1740 διαδούς,
1305 1685 1498 1742 ὥρμησεν
1518 1691 1564 1731 ἐκ
1578 1691 1654 1730 τοῦ

213 1753 495 1809 Ταυροκώμου
518 1750 623 1806 πρὸς
651 1751 698 1793 τὸ
722 1753 919 1806 πολέμιον
929 1785 941 1805 ,
983 1751 1057 1808 τὴν
1082 1754 1118 1795 δ’
1147 1752 1385 1807 ἀποσκευήν
1413 1755 1554 1795 πᾶσαν
1580 1757 1655 1796 καί

302 1851 334 1884 5,
361 1850 541 1893 χασισίου
567 1852 603 1880 et
630 1858 712 1880 mox
737 1848 912 1892 χασίσιοι
934 1848 978 1880 B:
1003 1847 1107 1892 vulgo
1133 1848 1295 1900 χασίουζ
1314 1847 1469 1892 χάσιοι.
1494 1850 1650 1893 tantm.

299 1897 332 1929 8.
360 1900 486 1938 τηρεῖν
514 1894 624 1939 σφῶν
650 1891 862 1935 ὑποστολὴν
883 1895 920 1928 Δ.
1093 1895 1142 1928 13.
1170 1904 1258 1930 τους
1282 1893 1405 1940 α’ναιρ,
1422 1895 1588 1933 ἐκείνους
1609 1897 1650 1930 Α.

300 1954 356 1976 21.
383 1939 606 1991 δισχιλίους]
633 1941 779 1986 χιλίους
807 1941 848 1977 A.
962 1940 1021 1976 23.
1050 1942 1317 1987 ταυροκωμίου
1342 1942 1381 1974 Α.

209 2043 305 2066 nunc
331 2033 402 2066 Aee
429 2032 579 2073 dicitur,
611 2033 755 2077 aliaque
781 2032 915 2077 oppida
941 2032 1175 2076 recuperavit.
1204 2031 1268 2064 sed
1297 2031 1382 2076 quia
1407 2031 1480 2063 illis
1505 2042 1650 2076 quoque

208 2079 297 2112 locis
326 2079 445 2111 fatalis
479 2079 663 2112 calamitas
701 2078 957 2123 impendebat,
994 2079 1100 2112 multi
1122 2078 1298 2123 praeclari
1322 2083 1359 2111 et
1383 2079 1493 2111 fortes
1519 2078 1651 2120 duces,

208 2126 274 2170 qui
303 2125 545 2158 Christianum
571 2125 665 2158 illud
691 2126 760 2158 iter
797 2125 893 2158 ultro
920 2130 957 2158 et
985 2125 1057 2158 suis
1086 2124 1278 2170 stipendiis
1303 2130 1558 2169 susceperant,
1587 2136 1653 2169 pe-

207 2172 369 2213 rierunt3
393 2177 432 2205 et
466 2172 544 2216 ipse
567 2172 752 2205 Conradus
778 2182 852 2204 non
882 2172 998 2204 multo
1023 2177 1124 2217 post,
1149 2172 1209 2205 vix
1235 2171 1334 2206 edito
1359 2171 1555 2215 specimine
1581 2172 1652 2204 vir-

206 2218 296 2252 tutis
321 2223 358 2251 et
386 2217 602 2263 prudentiae
636 2230 742 2259 suae,
772 2223 814 2250 ut
848 2219 1020 2262 Agarenis
1059 2218 1292 2251 admirationi
1334 2223 1450 2258 esset,
1474 2229 1494 2250 a
1518 2217 1650 2250 Chasio

205 2264 364 2309 quodam
390 2264 577 2298 occiditur.
603 2276 687 2308 gens
716 2269 837 2297 autem
863 2264 1073 2298 Chasiorum
1099 2275 1183 2297 suos
1206 2264 1387 2310 principes
1405 2264 1456 2297 ita
1484 2265 1599 2296 vereri
1614 2269 1652 2297 et

204 2311 396 2344 observare
435 2316 472 2344 et
507 2312 545 2344 in
571 2312 675 2344 iussis
711 2322 833 2344 eorum
862 2311 1084 2356 exequendis
1113 2310 1204 2344 adeo
1233 2311 1362 2344 alacris
1391 2321 1470 2345 esse
1495 2310 1650 2351 dicitur,

204 2362 248 2390 ut
271 2358 301 2391 si
341 2363 482 2391 tantum
523 2358 716 2402 supercilio
758 2357 984 2401 magistratus
1012 2358 1190 2398 innuerit,
1217 2358 1339 2391 statim
1365 2357 1410 2391 de
1438 2356 1587 2401 rupibus
1611 2367 1651 2390 se

203 2404 474 2448 praecipitent,
494 2404 532 2437 in
561 2415 662 2437 enses
688 2405 845 2444 irruant,
874 2405 912 2438 in
935 2403 1052 2437 undas
1080 2403 1270 2446 desiliant,
1299 2404 1338 2438 in
1360 2404 1477 2448 ignem
1503 2414 1650 2442 secon-

205 2449 354 2492 iiciant3
394 2456 432 2483 et
465 2450 511 2483 ad
538 2461 599 2483 eos
637 2452 737 2484 missi
763 2461 854 2495 quos
893 2462 1017 2484 eorum
1053 2451 1235 2496 principes
1277 2450 1412 2483 occisos
1437 2450 1584 2489 volunt,
1608 2454 1650 2481 ut

206 2495 367 2540 hospites
393 2502 431 2530 et
453 2497 557 2530 amici
581 2497 739 2539 adeunt,
765 2502 802 2530 et
834 2503 898 2532 aut
921 2509 959 2530 se
981 2497 1116 2530 habere
1142 2497 1241 2543 quod
1264 2497 1316 2530 eis
1341 2496 1481 2536 dicant,
1506 2501 1568 2528 aut
1596 2495 1648 2542 le-

206 2547 308 2585 gatos
332 2543 453 2575 venire
495 2544 728 2583 simulantes,
771 2554 879 2587 saepe
911 2543 1139 2576 dominorum
1166 2555 1310 2576 suorum
1337 2542 1557 2574 adversarios
1580 2552 1648 2584 pu-

206 2587 374 2631 gionibus
411 2590 597 2629 occidunt,
644 2590 745 2623 nulla
784 2589 1005 2623 difficultatis
1047 2595 1086 2623 et
1107 2591 1284 2637 explorati
1309 2589 1477 2634 supplicii
1505 2587 1646 2619 ratione

205 2634 352 2674 habita,
379 2635 519 2669 etiamsi
545 2637 696 2669 alterum
725 2647 799 2669 non
816 2635 1026 2670 occiderint.

295 2682 495 2725 Imperator
523 2693 607 2715 vero
633 2684 774 2715 circiter
798 2683 854 2715 bis
893 2683 993 2716 mille
1021 2682 1173 2716 delectis
1198 2682 1300 2721 viris,
1330 2681 1463 2725 quibus
1488 2689 1584 2711 arma
1609 2683 1646 2712 et

204 2727 344 2761 veloces
379 2738 492 2772 equos
517 2727 642 2769 dedit,
666 2729 890 2762 'saurocomo
927 2729 972 2761 ad
999 2728 1122 2761 hostes
1161 2727 1368 2768 contendit3
1409 2724 1646 2768 impedimen-

203 2779 242 2807 ta
277 2773 409 2814 omnia,
435 2773 524 2807 lixas
563 2779 598 2807 et
647 2774 791 2808 calones
829 2775 1102 2819 Adrianopolim
1148 2775 1199 2809 ire
1233 2774 1346 2807 iussit.
1385 2772 1523 2806 interea
1562 2781 1644 2816 spe-
