1838 3210
290 181 392 255 178
699 193 927 235 NicETAE
959 190 1269 234 CHONIATAE

278 299 442 344 τοῦντες
482 295 526 336 τό
555 308 598 334 τε
624 293 854 346 Ζεϋγμινον
879 291 1108 344 η’ρτίωσαν,
1158 285 1256 330 ὅσαι
1286 288 1577 343 κατηρείποντο
1598 286 1702 343 τύρ-

237 370 363 411 (ὶσεις
382 356 748 409 ἐπισκευάσαντες,
776 358 849 397 καί
873 357 943 409 τῆς
972 350 1096 408 ἄλλης
1132 351 1282 405 ὁμοίως
1310 354 1497 408 φρουρᾶς
1524 368 1700 408 πεφρον-

274 429 434 476 τίκασι,
474 425 546 465 καί
570 421 623 464 τὰ
655 424 700 464 έν
728 420 1009 475 Βελεγράδοις
1049 420 1243 472 πολίχνια
1269 419 1458 471 πλείστης
1485 413 1581 472 ὅσης
1610 419 1700 461 ἐπι·

274 491 441 544 μελειάς
480 487 673 542 ῆξιῖοσαν.
738 489 812 528 καί
842 483 967 527 αὐτὸν
995 486 1041 526 δὲ
1068 483 1140 526 τὸν
1172 485 1304 527 Νίσον
1327 484 1480 536 τείχεσι
1508 485 1701 536 περιέβα-

275 560 369 606 λον,
399 555 470 595 καί
503 552 578 607 τὴν
619 553 908 608 Βρανίτζοβαν
947 547 1194 608 συνῴκισαν.
1267 549 1340 589 καί
1363 545 1412 590 τὰ
1446 546 1569 589 λοιποὶ
1597 546 1738 602 πρὸς5

275 618 320 662 τὸ
351 635 397 659 ευ
430 619 693 693 διαθέμενοι,
724 615 827 659 ἔνθα
854 614 1009 669 διάγων
1037 610 1088 669 ἦν
1111 613 1337 690 ιβάσιλεύς,
1366 613 1579 668 ἄφιᾝκοντο
1634 615 1698 669 (4)

275 678 392 760 ουτος
418 684 463 725 δὲ
489 682 557 725 τὸν
584 683 693 726 Δεσὲ
735 677 1075 735 μετελευσόμενος
1105 676 1258 721 ἑαυτοῦ
1283 676 1500 733 γενόμενον
1525 693 1701 732 κακουρ-

274 746 443 804 ῃότερον
473 746 548 803 τήν
575 750 618 797 ές
648 748 830 803 Σερβιάν
871 743 996 801 (ὅρμα
1024 746 1271 800 τραπέσθαι.
1329 741 1418 786 ἀλλ’
1451 741 1472 784 ὅ
1501 744 1608 786 Δεσὲ
1632 742 1705 785 καί

274 812 493 869 πόρρωθεν
519 814 722 891 ἐπιτηρῶν
735 811 784 854 τὰ
812 807 1088 866 πραττόμενα,
1116 808 1298 862 μάλιστα
1327 811 1367 850 δ’
1394 805 1493 864 ὅπερ
1522 803 1573 862 ἦν
1602 809 1702 863 α’λη-

274 881 349 927 θὲς
376 877 544 930 δεδιως,
573 877 632 932 μή
660 893 700 920 τι
729 877 852 929 ἀηδὲς
878 875 1007 915 πάθοι
1043 889 1112 914 και
1141 875 1390 915 α’πευκταῖον
1414 875 1616 926 βασιλέως
1643 874 1703 923 εις
1719 887 1765 913 ιο

274 942 348 997 τὴν
373 940 530 984 ἑαυτοῦ
564 941 712 995 χώραν
738 935 1103 994 παρεμβαλόντος,
1147 940 1316 991 πέμψας
1343 939 1402 986 εἷς
1431 940 1604 990 βασιλέα
1635 941 1701 980 ἐν.

230 1008 457 1060 Βδοθῆναί
479 1003 517 1046 οἱ
545 1001 810 1046 καθικετεύει
837 1001 913 1056 τὴν
941 1004 983 1050 ές
1002 999 1131 1044 αὐτόν
1163 1002 1308 1056 ἀπαθῆ
1333 997 1487 1058 ἄφιξιν.
1544 1003 1601 1051 ὥς
1629 998 1703 1044 οὖν

276 1068 387 1124 εἶχεν
415 1068 437 1111 ὃ
463 1065 624 1127 ᾔτησεν,
655 1067 824 1124 α’φίκετο
846 1068 1104 1123 δορυφορίας
1128 1069 1311 1120 μετέχων
1338 1069 1605 1121 σατραπικῆς,
1633 1066 1706 1108 καί

274 1138 332 1184 εἰς
360 1138 464 1178 θέαν
491 1136 548 1192 τῷ
574 1137 745 1187 βασιλεῖ’
779 1131 985 1181 καταστὰς
1012 1130 1056 1173 τὸ
1087 1131 1312 1186 δολιόφρον
1339 1134 1411 1186 τῆς
1436 1131 1600 1187 γνώμης
1627 1148 1702 1172 κα-
1766 1177 1784 1188 s

272 1201 561 1251 τονειδίζεται,
598 1201 671 1240 καί
698 1195 831 1247 οὕτως
869 1196 926 1246 ὥς
957 1192 1162 1244 ἄσπονδος
1190 1197 1486 1249 α’ποπέμπεται.
1539 1198 1611 1238 καί
1636 1197 1767 1250 ἐγ·’15

272 1264 347 1320 γύς
363 1264 498 1307 ἐλθών
515 1265 591 1306 τοῦ
611 1265 902 1318 συλληφθῆναι
929 1263 1145 1317 διαφίεται
1172 1259 1296 1303 πάλιν
1324 1261 1465 1303 οἴκαδε
1493 1262 1700 1314 ἀπελθεῖν,

272 1329 346 1385 τὴν
389 1333 466 1371 τοῦ
501 1327 658 1385 τρόπου
698 1326 933 1382 μεταβολὴν
970 1326 1044 1369 καὶ
1069 1325 1115 1367 τὸ
1160 1329 1302 1382 μηκέτι
1333 1325 1382 1368 τοὶ
1412 1326 1470 1382 μὴ
1504 1329 1702 1369 δοκοῦντα

272 1399 442 1449 βασιλεῖ’
455 1391 788 1450 διαπράττεσθαι
805 1392 1060 1449 φρικώδεσιν
1077 1388 1213 1448 ὅρκοις
1232 1394 1595 1446 ἐμπεδωσάμενος,
1625 1389 1702 1434 κᾶν

161 1470 202 1503 V.
218 1481 260 1516 72
274 1461 349 1502 οὐκ
380 1456 431 1514 ἦν
444 1459 514 1502 τὸν
534 1461 818 1514 χαμαιλέοντα
850 1456 949 1512 πρὸς
971 1457 1046 1513 τὴν
1071 1461 1140 1513 τῆς
1168 1459 1366 1512 οἶληθείας
1394 1461 1703 1511 μεταβαλέσθαι

273 1522 526 1579 λευκότητα,
571 1525 640 1579 ἐφ’
666 1520 809 1578 ἑτέραν
837 1525 975 1564 πᾶσαν
1002 1522 1156 1578 χροιὰν
1184 1524 1338 1580 ῥᾳδίως
1364 1526 1796 1576 piscariam-woman«

274 1588 396 1641 ἐξιών
415 1588 495 1643 γάρ
520 1588 601 1629 ἀπὸ
624 1589 844 1643 προσώπου
864 1590 940 1630 τοῦ
955 1590 1159 1642 βασιλέως
1180 1592 1345 1636 πολλοῖς
1363 1586 1451 1641 ἅμα
1472 1587 1546 1643 την
1561 1587 1705 1643 ψυχὴν

274 1657 481 1709 ἐμερίζετο
503 1652 696 1695 πάθεσιν.
725 1650 928 1710 ιἦσχύνετο
945 1652 998 1710 έφ
1023 1650 1084 1702 οἷς
1108 1655 1166 1711 τῷ
1183 1657 1354 1707 βασιλεῖ
1374 1653 1704 1708 προσελήλυθεν,

275 1721 466 1775 ω’ργίζετο
496 1714 554 1761 ὧν
581 1721 697 1760 ἕνεκα
725 1721 942 1772 πέπονθεν,
975 1719 1225 1760 ἐπαθαίνετο
1254 1715 1316 1767 οἷς
1344 1717 1419 1768 τοὶς
1445 1721 1517 1774 τῆς
1541 1717 1703 1772 γνώμης

274 1782 565 1840 παρεκτροπὰς
604 1786 809 1837 θριγγιόις
852 1781 988 1838 ὅρκων
1013 1781 1151 1840 ἑαυτῷ
1185 1785 1425 1837 ἐπετείχισε.
1493 1785 1607 1834 τέλος
1634 1786 1702 1837 δέ,

277 1847 356 1892 ὅσα
380 1846 590 1902 ὄμωμόκει
632 1850 688 1904 τῷ
716 1851 899 1901 ,βασιλεῖ’
928 1848 1001 1903 την
1038 1850 1190 1890 οἰκείαν
1232 1844 1504 1903 ἀποκρύπτων
1541 1847 1767 1904 γνώμηναὸ

365 1963 422 1986 2¹.
447 1951 539 2000 ἅμα]
564 1953 636 1999 μὲν
660 1950 738 1998 ἅμα
754 1952 795 1986 Α,
912 1954 967 1987 25.
991 1950 1057 1995 τὴν
1082 1971 1124 1978 -—-
1148 1952 1303 1999 γνώμην
1328 1963 1385 1985 om
1410 1953 1450 1985 A.

276 2041 338 2075 sed
365 2047 401 2075 et
420 2041 552 2086 oppida
578 2041 858 2085 Belligradensia
881 2053 1007 2086 magno
1033 2041 1153 2075 studio
1180 2047 1408 2082 curaverunt,
1433 2052 1474 2074 ac
1497 2041 1611 2086 ipsum
1640 2042 1705 2075 Ni-

276 2101 352 2122 sum
376 2089 565 2121 moenibus
591 2087 920 2129 circumdederunt,
960 2094 997 2121 et
1024 2089 1258 2121 Branizobam
1286 2088 1392 2121 ducta
1416 2088 1556 2120 colonia
1587 2094 1704 2121 caete—

276 2136 397 2179 risque
425 2134 530 2167 rebus
557 2134 762 2167 constitutis
787 2134 832 2166 ad
855 2135 1106 2178 imperatorem
1135 2134 1313 2169 abierunt.
1360 2135 1412 2179 (1¹⁸)
1437 2135 1470 2167 Is
1494 2134 1622 2167 Desem
1649 2135 1706 2168 ul-

276 2187 396 2221 turus,
439 2181 501 2224 qui
525 2180 705 2224 prioribus
753 2181 973 2214 facinoribus
1009 2182 1144 2214 maiora
1169 2181 1303 2213 scelera
1329 2180 1532 2221 adiecerat,
1556 2181 1593 2213 in
1624 2181 1706 2214 Ser-

275 2227 368 2259 vium
393 2227 550 2259 intendit
579 2227 748 2259 animum.
786 2227 849 2260 sed
876 2229 984 2260 Deses
1007 2228 1120 2260 multo
1147 2233 1229 2260 ante
1253 2226 1443 2260 observans
1471 2226 1559 2271 quid
1584 2238 1706 2271 agere-

278 2279 354 2313 tur,
377 2278 412 2305 et
437 2272 476 2304 id
501 2273 599 2317 quod
618 2284 671 2305 res
699 2279 774 2306 erat
797 2274 949 2306 maxime
973 2274 1123 2313 timens,
1146 2284 1209 2314 ne,
1233 2273 1264 2305 si
1286 2273 1479 2316 imperator
1501 2273 1705 2317 impressio-

277 2330 357 2352 nem
386 2319 422 2350 in
449 2319 605 2351 Serviam
635 2319 800 2360 fecisset,
826 2321 963 2363 gravius
998 2319 1136 2364 aliquid
1163 2319 1232 2352 sibi
1258 2319 1458 2359 accideret,
1483 2330 1547 2363 per
1570 2320 1704 2363 legatos

278 2365 429 2409 supplex
452 2365 558 2408 petiit
582 2371 622 2397 ut
648 2365 898 2409 imperatorem
927 2367 1013 2399 citra
1035 2366 1231 2410 periculum
1255 2365 1352 2398 adire
1374 2365 1508 2398 liceret.
1538 2377 1609 2410 quo
1638 2367 1705 2398 im-

277 2416 418 2456 petrato
442 2422 520 2442 cum
553 2412 728 2456 satrapico
765 2413 934 2445 comitatu
961 2412 1125 2452 advenit,
1149 2411 1194 2444 ad
1219 2412 1467 2455 imperatorem
1493 2411 1703 2452 adducitur,

280 2458 341 2502 qui
380 2456 543 2489 dolosum
577 2457 759 2500 ingenium
795 2459 827 2490 ei
854 2458 982 2491 obiicit
1019 2464 1055 2491 et
1081 2469 1202 2502 pacem
1230 2463 1346 2500 negat.
1371 2469 1410 2490 ac
1439 2468 1560 2502 parum
1589 2457 1705 2492 abfuit

281 2504 368 2548 quin
409 2502 791 2546 comprehenderetur,
823 2504 886 2536 sed
921 2510 1039 2537 tamen
1070 2504 1212 2536 domum
1236 2505 1351 2536 redire
1379 2504 1495 2536 iussus
1522 2509 1595 2544 est,
1621 2515 1703 2536 san-

282 2549 438 2582 ctissimo
464 2549 695 2581 iureiurando
724 2549 869 2582 adactus
906 2561 943 2582 se
969 2551 1114 2583 mutatis
1143 2550 1300 2583 moribus
1328 2549 1420 2582 nihil
1445 2555 1564 2583 contra
1589 2550 1703 2594 impe-

283 2601 435 2629 ratorem
456 2594 709 2635 admissurum,
736 2596 895 2639 quamvis
921 2597 1004 2628 satis
1030 2602 1216 2640 appareret
1242 2608 1319 2629 eum
1336 2607 1354 2628 a
1371 2597 1507 2629 malitia
1532 2607 1604 2628 non
1629 2596 1702 2629 dis-

283 2653 461 2674 cessurum
492 2652 576 2674 esse.
611 2652 767 2685 egressus
805 2642 848 2674 ab
879 2643 1091 2686 imperatore
1116 2643 1221 2675 variis
1245 2643 1336 2675 curis
1365 2644 1561 2675 aestuabat.
1588 2642 1702 2687 pude-

282 2688 347 2721 bat
377 2688 586 2727 accessisse,
619 2688 838 2720 irascebatur
874 2689 921 2720 ita
959 2699 995 2721 se
1040 2694 1227 2722 tractatum
1266 2700 1369 2729 esse,
1409 2687 1638 2721 iureiurando
1662 2699 1700 2721 se

284 2735 384 2768 velut
406 2735 444 2767 in
468 2733 629 2767 ordinem
654 2740 814 2768 coactum
850 2745 924 2768 esse
951 2733 1106 2768 dolebat.
1131 2734 1288 2781 denique
1313 2734 1508 2780 repudiatis
1535 2734 1699 2768 omnibus
