1838 3210
296 683 375 724 AD
403 681 754 724 MAGNIFICUM
789 680 864 721 ET
892 681 1228 722 GENEROSUM
1255 683 1463 737 VIRUM,

234 787 310 846 D.
350 781 889 847 ANTONIUM
936 783 1526 859 FUGGERUM‚

211 909 620 954 KIRCHBERGAE
655 909 735 951 ET
769 907 1223 953 WEISSENHORNI
1255 908 1560 966 DOMINUM,

514 1013 707 1047 Caesareae
730 1012 910 1046 Maiestati
936 1023 956 1045 a
986 1012 1146 1046 consiliis
1179 1017 1244 1047 etc.

305 1104 356 1137 IN
381 1103 582 1137 NICETAE
606 1102 871 1137 ACOMINATI
900 1102 1163 1136 CHONJATAE
1185 1102 1444 1136 HISTORIAM

250 1198 694 1249 HIERONYMI
731 1197 1021 1250 WOLFII
1062 1196 1511 1247 PRAEFATIO.

160 1379 375 1439 Zomuum
404 1398 567 1450 Tuum,
596 1398 675 1438 Vir
705 1398 963 1452 amplissime,
993 1399 1220 1439 Cnomnsss
1247 1399 1447 1454 sequitur,
1471 1399 1593 1440 homo

162 1481 234 1506 sua
271 1472 401 1506 aetate
428 1480 508 1505 non
534 1473 691 1505 tantum
709 1467 862 1520 magnis
881 1466 1142 1520 dignitatibus
1161 1473 1343 1518 ornatus,
1374 1465 1444 1506 sed
1472 1466 1592 1506 etiam

160 1532 320 1586 ingenio
348 1539 388 1572 et
416 1530 627 1585 multiplici
656 1531 839 1571 doctrina
867 1538 1084 1586 praestans,
1113 1539 1152 1571 et
1177 1532 1355 1572 veritatis
1385 1531 1592 1583 historiae,

161 1605 208 1637 ut
239 1597 339 1637 mihi
366 1597 530 1639 videtur
548 1627 560 1649 ,
587 1597 736 1651 ubique
764 1598 988 1647 studiosus,
1027 1598 1171 1638 ordine
1208 1598 1412 1652 aptissimo
1449 1605 1488 1637 et
1530 1597 1591 1638 le-

163 1664 345 1704 ctoribus
374 1663 611 1716 utilissim03
642 1665 710 1717 qui
741 1663 839 1703 ordo
868 1678 960 1703 cum
1001 1664 1208 1717 sequentia
1254 1664 1303 1703 iis
1339 1678 1442 1717 quae
1477 1671 1593 1704 ante-

162 1729 541 1783 cessereadiungat
583 1737 701 1782 atque
743 1736 958 1781 annectat,
1003 1729 1193 1769 historiae
1237 1729 1443 1782 quoddam
1480 1730 1591 1782 quasi

160 1809 310 1849 corpus
341 1795 515 1835 absolvit
537 1800 577 1834 et
606 1795 646 1833 in
677 1808 748 1834 suo
764 1808 906 1848 genere
936 1795 1114 1834 homines
1131 1794 1310 1835 eruditos
1335 1794 1484 1845 reddit,
1512 1794 1589 1834 hoc

159 1868 247 1913 cst,
277 1875 299 1900 a
328 1859 450 1914 vulgo
478 1860 708 1900 mortalium
732 1860 955 1914 distinguit.
982 1860 1130 1899 multos
1161 1874 1257 1900 sane
1286 1862 1492 1913 invenias,
1519 1862 1588 1914 qui

159 1927 230 1966 etsi
260 1940 284 1966 a
314 1925 461 1966 litteris
490 1925 632 1978 alieni,
663 1933 794 1966 tamen
831 1927 1014 1966 acumine
1045 1926 1225 1980 ingenii,
1266 1926 1482 1979 facundia,
1511 1941 1587 1967 usu

157 2005 296 2032 rerum
317 2021 330 2043 ,
357 1991 594 2031 doctissimis
622 1992 742 2043 viris,
775 1991 846 2032 sed
871 1993 935 2031 vel
966 1998 1113 2030 natura
1148 1990 1396 2032 tardioribus
1436 1991 1501 2032 vel
1543 1995 1586 2032 in

159 2058 371 2097 hominum
400 2057 626 2111 frequentia
652 2059 784 2097 minus
817 2059 1009 2109 versatis,
1038 2059 1111 2097 etsi
1149 2071 1310 2097 omnem
1338 2065 1507 2098 aetatem
1543 2061 1584 2098 in

158 2123 402 2177 optimarum
429 2123 575 2163 artium
606 2124 749 2163 studiis
780 2125 1023 2175 contrivere,
1050 2123 1343 2177 praeferantur.
1374 2124 1514 2178 quodsi
1534 2125 1586 2164 ad

158 2189 266 2229 illam
299 2197 465 2229 naturae
489 2188 721 2229 felicitatem
750 2198 790 2229 et
814 2189 1076 2244 multiplicem
1106 2190 1385 2243 experientiam
1415 2204 1587 2231 accura«

155 2257 236 2295 tior
267 2261 308 2296 et
338 2254 564 2294 methodica
594 2256 794 2295 institutio
823 2257 1066 2303 accessisset,
1098 2255 1196 2309 quid
1217 2269 1309 2294 cum
1334 2255 1499 2296 illorum
1518 2271 1584 2297 ex-

157 2321 346 2362 cellentia
375 2322 599 2375 comparari
628 2327 787 2375 posset?
819 2337 927 2362 nunc
955 2322 1144 2363 laudibus
1171 2337 1315 2362 eorum
1343 2330 1497 2364 tantum
1515 2325 1586 2365 de-

158 2387 266 2427 cedit
294 2395 489 2440 quantum
510 2389 738 2428 accuratior
758 2389 954 2428 institutio
973 2388 1050 2428 illis
1071 2388 1298 2429 addidisset.
1327 2403 1459 2444 neque
1476 2391 1583 2430 enim

157 2451 258 2492 falso
289 2453 437 2492 dicitur
466 2460 618 2505 artem,
665 2470 768 2508 quae
812 2461 873 2495 est
915 2456 1063 2509 ingenii
1111 2456 1233 2495 veluti
1276 2455 1390 2495 rudis
1435 2457 1584 2510 speculi

158 2520 269 2571 quasi
299 2518 492 2572 expolitio
527 2521 750 2573 quaedam,
787 2523 1002 2560 certiorem
1031 2535 1112 2561 esse
1141 2521 1285 2560 ducem
1314 2535 1434 2575 quam
1468 2529 1585 2561 natu-

158 2598 245 2623 ram
266 2614 276 2631 ,
307 2592 425 2637 atque
454 2587 569 2624 etiam
602 2587 843 2628 uberiorem.
873 2601 964 2626 nam
992 2589 1060 2641 qui
1092 2587 1210 2626 nullis
1238 2587 1470 2627 eruditionis
1507 2588 1580 2627 ad-

158 2649 356 2688 miniculis
383 2658 681 2701 sustentantur,
708 2659 857 2692 temere
892 2653 1128 2706 plerumque
1166 2653 1351 2692 feruntur
1388 2660 1426 2692 et
1471 2659 1580 2693 extra

157 2714 328 2765 limites,
358 2730 437 2768 quo
463 2716 599 2756 animi<
628 2724 758 2757 aestus
796 2720 922 2772 rapit,
967 2726 1203 2772 evagantur:
1240 2718 1351 2757 docti
1394 2733 1417 2757 a
1462 2720 1580 2760 certis
