1878 3230
287 158 359 197 DE
397 155 592 197 ALExio
633 152 826 196 isAAcn
868 151 1066 194 Auem
1106 152 1192 193 Fa.
1234 153 1332 193 Lm.
1369 154 1400 192 1.
1479 133 1592 190 623

146 261 276 310 ,ληιες
298 257 343 296 δὲ
372 254 446 309 τήν
472 258 612 296 αἰτίαν
630 252 831 308 ἐζήτησαν
852 255 925 293 τοῦ
948 254 1109 306 λοιμοῦ,
1131 251 1203 292 καί
1221 253 1297 293 τοῦ
1315 251 1500 304 μάντεως
1517 269 1597 294 πυ-

161 321 333 374 θόμενοι
363 321 612 374 Κάλχαντος
649 320 725 360 οὐκ
755 318 923 374 ἀφῆκαν
960 317 1004 359 τὸ
1025 318 1149 360 κακὸν
1174 317 1479 373 ἀθεράπευτον,
1498 323 1599 372 παρ’

162 388 284 428 ου’δὲν
300 388 469 439 θέμενοι
489 387 529 427 εἰ
539 385 805 440 βαρυμηνιᾶν
821 381 987 435 ἔμελλεν
1007 383 1028 424 ὅ
1050 382 1282 439 πρώτιστος
1295 382 1368 426 καὶ
1379 383 1601 438 κράτιστος

160 454 235 494 τοῦ
255 449 573 507 στρατεύματος.
591 448 659 504 ὅγε
677 449 762 503 μήν
778 447 958 502 ’[βαγκὸς
975 450 1032 504 τῷ
1050 452 1223 502 βασιλεῖ
1235 448 1460 504 προσρυεὶς
1476 450 1602 503 ἅσμὲὸ

122 522 240 566 5νως
267 519 561 572 προσδέδεκτο,
591 517 664 557 καί
685 517 849 569 γέγονεν
877 515 920 563 ἐς
948 514 1025 555 οὐκ
1051 514 1170 568 ὀλίγα
1195 514 1403 569 χρήσιμος
1423 515 1602 570 Ῥωμαί-

161 599 244 636 οις,
282 578 461 637 εὐμήκης
503 577 563 623 α’)’ν
590 580 665 635 τὴν
707 578 870 636 ἡλικίαν
896 580 970 620 καί
995 581 1195 634 α’γχίνους
1221 580 1402 632 μάλιστα
1434 583 1505 623 καί
1530 581 1603 636 τὴν

160 649 306 705 ῥώμην
332 650 508 700 α’κμαῖος
531 649 609 688 τοῦ
633 646 848 698 σώματος·
903 644 974 686 τὸν
1002 647 1048 686 δέ
1067 661 1112 699 γε
1140 641 1276 700 ἄνδρα
1305 649 1388 687 τῶν
1416 645 1605 699 αἱμάτων

159 716 215 771 τῷ
253 718 327 757 τοῦ
370 711 508 761 εἴδους
545 710 762 769 α’κροχόλῳ
804 710 878 752 καί
909 713 968 767 τῷ
993 713 1065 766 τῆς
1093 708 1257 766 γνώμης
1285 712 1499 770 α’ποκρότῳ
1527 730 1605 756 στι-

161 781 252 836 φῶς
290 777 552 832 διεχοίραττε,
601 776 826 830 Ῥωμαίοις
860 777 939 830 μὲν
974 776 1348 830 συναυλιζόμενος,
1392 791 1640 834 μεταρρυ-Β

100 863 147 890 ιο
160 843 412 899 θμιζόμενος
439 844 484 885 δὲ
505 844 711 898 μηδαμῶς
735 840 840 896 πρὸς
868 841 915 883 τὸ
941 843 1016 884 τοῦ
1042 840 1312 898 φρονήματος
1341 841 1504 896 ὁμαλὸν
1534 848 1607 886 καί

159 912 385 952 εϋένδοτον.
441 907 462 951 ὃ
489 911 627 962 μέντοι
666 906 868 962 βασιλευς
897 908 974 949 οιῖκ
1002 907 1172 958 α’νάξιον
1199 909 1345 963 κρίνας
1370 908 1442 951 τὸν
1469 904 1606 966 ἄνδρα

159 978 242 1018 τῶν
268 977 326 1024 εἷς
356 974 483 1017 αὐτὸν
514 976 740 1028 γενομένων
763 975 951 1028 γαμικῶν
979 972 1212 1029 ἐγγυήσεων
1238 973 1314 1028 τὴν
1339 977 1418 1027 μὲν
1444 978 1607 1018 παστά-

159 1044 216 1085 δα
245 1043 288 1090 ἐς
327 1039 399 1084 τὸν
434 1039 610 1094 νόμιμον
651 1038 798 1095 καιρὸν
839 1039 1066 1093 α’νεβάλετο
1104 1037 1184 1094 (ἔτι
1227 1039 1309 1094 γὰρ
1337 1041 1607 1097 ἑψέλλιζενῆ

159 1106 302 1164 νύμφη
329 1106 379 1149 τὰ
406 1104 630 1162 παιδικά),
661 1104 789 1148 αὐτὸν
817 1107 864 1147 δὲ
891 1110 975 1155 τοῖς
997 1107 1106 1159 μέγα
1139 1107 1386 1159 δυναμένοις
1413 1109 1609 1162 συγγενὲ-

101 1174 147 1217 ι5
161 1189 228 1216 σιν
256 1175 506 1229 ἐνέγραψεν,
537 1170 705 1220 οὐδενὸς
734 1173 817 1213 τῶν
834 1171 893 1220 εἰς
921 1170 1150 1226 θεραπείαν
1175 1170 1352 1226 ἀρχικήν
1371 1172 1454 1214 -καί
1479 1175 1610 1214 πλοῦ-

161 1255 232 1283 τον
258 1237 401 1293 βαθύν
438 1236 644 1292 παρεικώς
685 1239 925 1291 στέρεσθαι.
987 1235 1010 1278 ὅ
1039 1237 1086 1278 δὲ
1115 1236 1220 1291 πρὸς
1251 1234 1296 1278 τὸ
1326 1241 1609 1293 κατηγγυημέ-

159 1321 230 1362 νης
262 1305 377 1362 αὐτῷ
404 1303 747 1358 θυγατρόπαιδος
781 1304 855 1345 τοῦ
881 1304 1088 1356 βασιλέως
1127 1303 1268 1353 α’τελὲς
1295 1303 1430 1359 ὁρῶν,
1459 1307 1531 1346 καί
1556 1306 1608 1362 τῇ

158 1372 234 1414 τοῦ
265 1369 443 1419 κάλλους
483 1367 670 1426 ῥοδωνιᾷ
709 1370 760 1426 τῇ
787 1371 859 1424 τῆς
900 1368 1098 1424 τεκούσης
1126 1365 1426 1426 αὖτὴν”Αννης
1455 1372 1500 1413 ἑν
1527 1388 1606 1425 χη-

159 1437 249 1495 ρείᾳ
276 1435 340 1479 ἔτι
387 1431 514 1491 οὔσης
541 1437 768 1490 περιέργως
797 1434 1067 1488 ἑνατενίζων,
1097 1436 1171 1476 καί
1205 1434 1368 1489 γάμους
1399 1435 1606 1493 φανταζό-

96 1520 147 1547 20
158 1518 279 1557 μενος
305 1502 522 1555 μείζονας,
564 1503 642 1555 ,,τι’
665 1516 738 1554 μοι
775 1503 850 1543 καί
880 1503 938 1559 τῷ
966 1504 1012 1544 ἐν
1037 1499 1230 1555 γάλαξιν”
1261 1500 1463 1558 ἔφασκεν,
1499 1503 1604 1556 „cip-

159 1571 255 1625 νειῷ
287 1566 472 1621 ἅμνάδος
489 1565 597 1622 πρὸς
619 1567 762 1620 ὀχείαν
789 1569 862 1608 καί
891 1564 1007 1620 αἰγὸς
1035 1566 1198 1616 τελείας
1225 1568 1522 1624 ἑπιδεομέιίο,·”
1550 1567 1642 1612 w'c

258 1690 284 1712 ι.
308 1678 536 1723 πειθόμενοι
561 1677 678 1709 APW:
708 1675 877 1718 ἤκουσαν
901 1676 936 1708 Β.
1073 1689 1103 1722 7.
1128 1670 1196 1711 τόν
1211 1675 1278 1730 δέ]
1307 1672 1350 1719 ἦν
1375 1675 1416 1711 δὲ
1440 1675 1480 1711 τὸ
1509 1675 1603 1719 ἦθος

253 1725 420 1783 ὀργίλος
435 1725 499 1757 καὶ
522 1717 572 1781 μὴ
609 1722 769 1760 ειῖκόλως
801 1722 1124 1780 μεταβαλλόμενος
1146 1716 1224 1756 α’πό
1249 1725 1385 1758 τούτου
1413 1725 1466 1761 εἰς
1490 1725 1601 1759 τοῦτο

251 1773 319 1814 τὴν
343 1771 496 1816 γνώμην
520 1770 639 1804 αὐτοῦ
663 1770 699 1804 Β.
806 1772 854 1805 13.
884 1781 939 1803 eu
963 1767 1051 1816 γὰρ]
1068 1768 1204 1826 α’κμῆν
1231 1769 1356 1815 ὀρθῶς
1382 1772 1507 1805 λαλεῖν
1531 1772 1603 1804 οὐκ

252 1795 434 1860 ἠδύνατο,
467 1818 661 1862 τεσσάρων
700 1813 796 1850 οὖσα
832 1816 997 1862 χρόνων.
1045 1815 1121 1860 εἶχε
1148 1815 1189 1850 δὲ
1213 1816 1280 1859 τήν
1306 1815 1421 1863 τιιιιὶν
1447 1819 1510 1851 καὶ
1535 1830 1604 1859 την

252 1865 388 1899 στάσιν
413 1861 542 1901 καθως
567 1849 741 1919 γαμβρός
759 1863 793 1895 Β.
931 1865 982 1898 ι6.
1006 1860 1063 1910 τὸ]
1094 1861 1135 1897 τὸ
1161 1863 1252 1905 τῆς-ἐ’
1372 1874 1428 1900 20.
1456 1867 1492 1898 rt
1514 1864 1600 1918 μοι]

252 1915 289 1946 τί
311 1921 359 1969 με
399 1908 512 1955 α’ρνὶν
549 1907 770 1964 βιζασῐερόν
803 1902 922 1943 υἰδετε
956 1911 1021 1942 καὶ
1059 1915 1255 1954 καρτερεῖν
1286 1911 1409 1956 λέγετε
1449 1913 1512 1944 καὶ
1535 1906 1605 1954 τὴν

252 1957 403 2006 ἀμνάδα
432 1962 600 2003 κρατεῖτε
632 1952 700 2000 τήν
732 1956 890 2002 ἕτοιμον
919 1952 1017 2002 πρὸς
1053 1956 1178 2002 γάμου
1219 1961 1426 1994 κοινωνίαν
1451 1959 1517 1992 καὶ
1539 1961 1603 2004 μί-

253 1992 364 2046 tarn

160 2110 276 2165 gnita,
304 2108 431 2141 offensi
454 2107 612 2140 numinis
637 2107 725 2139 iram
753 2106 964 2151 placarunt,
990 2106 1154 2152 neglecta
1177 2107 1305 2140 summi
1331 2112 1368 2141 et
1389 2109 1605 2154 potentissi-

160 2157 210 2190 mi
234 2155 460 2200 imperatoris
492 2153 753 2199 indignatione.
813 2152 966 2186 Ibancus
996 2164 1080 2187 vero
1105 2164 1185 2186 cum
1209 2154 1255 2187 ad
1280 2155 1535 2200 imperatorem
1561 2169 1601 2191 se

161 2203 391 2242 contulisset,
414 2179 591 2245 benigneo
593 2205 779 2245 susceptus
805 2200 971 2233 Romanis
994 2200 1118 2234 multis
1144 2201 1182 2234 in
1205 2201 1311 2234 rebus
1337 2202 1464 2236 utilem
1491 2215 1601 2237 nava-

160 2251 213 2284 vit
235 2260 401 2294 operam,
429 2248 536 2281 homo
562 2257 732 2292 procerae
756 2251 935 2287 staturae,
970 2248 1169 2292 praestanti
1194 2248 1338 2293 ingenio
1363 2254 1400 2282 et
1425 2249 1601 2284 robustis-

162 2296 252 2329 simo
277 2306 438 2340 corpore.
473 2294 536 2328 sed
575 2294 761 2327 iracundia
792 2298 830 2326 et
861 2295 1087 2327 contumacia
1126 2294 1236 2327 animi
1263 2307 1283 2328 e
1308 2295 1411 2329 vultu
1436 2297 1603 2331 relucens

162 2343 408 2375 crudelitatem
445 2342 522 2375 eius
555 2341 700 2374 abunde
741 2339 953 2373 testabatur.
991 2352 1103 2387 quare
1129 2342 1271 2375 tametsi
1297 2343 1391 2375 inter
1420 2344 1600 2377 Romanos

162 2389 316 2429 viveret,
347 2394 467 2421 tamen
503 2399 621 2421 mores
648 2398 729 2420 suos
755 2386 800 2419 ad
833 2386 1043 2421 facilitatem
1068 2393 1105 2421 et
1129 2388 1428 2434 aequabilitatem
1449 2391 1601 2424 minime

163 2435 410 2479 componebat.
434 2435 669 2468 nihilominus
692 2435 886 2478 imperator
913 2445 992 2467 eum
1017 2435 1245 2480 sponsalibus
1269 2447 1289 2469 a
1314 2436 1600 2471 sebastocratore

163 2482 345 2527 promissis
368 2494 442 2515 non
468 2481 655 2526 indignum
680 2487 799 2521 ratus,
823 2482 968 2525 nuptias
1000 2482 1037 2514 in
1064 2482 1264 2525 legitimum
1290 2488 1430 2528 tempus
1455 2484 1599 2517 distulit

164 2528 210 2560 ob
237 2528 380 2572 puellae
403 2534 545 2562 teneros
572 2540 708 2569 annos,
734 2529 849 2573 ipsum
875 2539 959 2561 vero
985 2529 1023 2561 in
1046 2540 1233 2562 numerum
1258 2536 1488 2574 cognatorum
1512 2541 1597 2563 suo-

165 2586 240 2608 rum
266 2575 593 2619 potentissimorum
622 2575 806 2608 hominum
831 2575 989 2620 recepit,
1026 2587 1161 2608 summa
1185 2579 1350 2622 potentia
1375 2583 1412 2610 et
1434 2576 1596 2609 maximis

165 2620 295 2674 opibus
311 2619 491 2654 donatum.
517 2623 545 2654 is
563 2633 646 2655 vero
663 2633 815 2666 sponsae
831 2633 916 2654 suae
945 2622 1135 2656 immatura
1162 2629 1280 2657 aetate
1307 2623 1545 2663 considerata,
1560 2629 1597 2656 et

164 2668 287 2701 matris
316 2667 392 2700 eius
403 2667 525 2699 Annae
563 2668 693 2702 viduae
711 2668 828 2703 adhuc
858 2669 1035 2712 elegantia
1061 2671 1236 2703 curiosius
1261 2671 1433 2715 inspecta,
1458 2670 1595 2713 nuptiis

166 2713 398 2761 amplioribus
427 2713 568 2748 inhians
595 2715 728 2761 „quid”
754 2716 874 2761 inquit
896 2715 1009 2758 „mihi
1035 2716 1086 2749 rei
1112 2722 1166 2750 est
1194 2728 1273 2752 cum
1299 2717 1454 2751 lactente
1479 2715 1596 2751 adhuc
