1878 3230
338 186 408 225 DF.
449 185 642 227 Ammo
684 184 878 228 isAAcu
916 185 1115 228 ANGEM
1156 187 1240 228 FR.
1277 187 1379 226 Lm.
1402 188 1455 226 ιι.
1534 165 1647 222 633

727 303 1152 343 ΒΑΣΙΛΕΙΑΣ

359 412 748 467 ΑΛΕΞῙΟΤ
798 414 959 462 ΤΟΥ
1003 412 1510 463 KOMNHNOY

762 531 1007 574 TOMOE
1039 534 1095 573 Β.

331 677 364 704 ι.
414 645 473 699 Τ
465 660 493 703 ἁ
524 663 560 704 δ’
588 662 738 717 ἑφεξῆς
762 686 819 695 -
845 660 953 703 α’λλά
983 659 1047 710 τίς
1072 656 1125 703 ἄν
1152 656 1279 711 ἇξίως
1305 660 1379 711 τὰς
1408 664 1486 703 τοῦ
1504 663 1649 716 κυρίου
1663 666 1698 699 Ρ.
1720 667 1788 710 ³09

178 724 407 780 ὅλαλὴσειε
436 728 712 779 δυναστείαςς
751 723 781 781 ἦ
809 728 873 777 τίς
904 725 1112 776 α’κουστάς
1141 725 1327 780 ποιήσειε
1363 726 1438 776 τὰς
1478 728 1654 774 αἰνέσεις
1670 734 1788 779 v.254

217 792 380 843 av'tm‘1'3
409 788 564 847 φθάνει
595 790 672 846 τήν
697 790 932 846 α’ποστολὴν
967 794 1050 833 τῶν
1078 789 1314 846 χρημάτων
1353 791 1377 832 ὅ
1413 794 1490 833 τοῦ
1529 789 1655 846 ῥηγός

212 858 468 911 Ἀλαμανίας
506 857 708 906 θάνατος.
774 857 825 898 οὔ
861 857 1085 910 Ῥωμαίοις
1123 859 1171 899 δὲ
1205 858 1334 911 μόνον
1375 859 1656 912 πολυέραστος

218 918 339 972 οὗτος
363 925 609 979 γεγένηται,
639 921 744 964 ἄλλά
773 925 847 965 καί
871 929 958 972 τοῖς
984 920 1194 979 ἑσπερίοις
1222 922 1403 977 μάλιστα
1421 921 1656 979 τρισασπά-

215 1003 306 1036 σιος
337 988 529 1042 ἔθνεσιν,
561 985 643 1030 ὅσα
681 1004 726 1030 τε
755 987 859 1044 πρὸς
895 987 1047 1031 ἑαυτὸν
1082 990 1236 1037 ἐκεῖνος
1275 993 1348 1047 βίᾳ
1387 991 1511 1031 πλέον
1548 983 1653 1043 ἥπερ

157 1069 205 1095 10
219 1057 368 1096 πειθοῖ
390 1053 653 1096 ἐπεσπάσατο
681 1053 756 1096 καὶ
788 1051 866 1097 ὅσα
899 1057 1119 1108 μετελθεῖν
1154 1058 1326 1109 μελέτην
1362 1056 1547 1107 ἐτίθετο,
1589 1051 1659 1094 αἐἰ

214 1120 438 1174 μερίμναις
462 1120 802 1174 κατατεινόμενος
830 1123 904 1163 καί
928 1119 1033 1176 πρὸς
1061 1118 1231 1163 ἅπασαν
1267 1121 1456 1172 α’ντίξους
1492 1117 1656 1174 δρώμε-

215 1200 284 1235 νος
295 1184 573 1239 ἡδυπάθειαν,
585 1182 696 1235 ὅπως
706 1185 942 1240 μοναρχίαν
957 1190 1242 1241 περιβαλεῖται
1254 1185 1327 1228 καί
1342 1183 1487 1241 κύριος
1497 1187 1657 1228 ἐσεῖται

215 1253 298 1293 τῶν
321 1248 461 1308 κύκλῳ
482 1252 746 1304 δυναστειῶν,
771 1250 869 1300 τούς
890 1247 1137 1301 Ἀντωνίους
1163 1251 1237 1294 καί
1249 1247 1525 1306 Αὖγοόστους
1545 1253 1656 1293 Καί-

215 1331 350 1371 σαρας
375 1319 433 1372 τῷ
461 1317 712 1374 ὃιανοητικῷ
741 1316 1076 1373 φανταζόμενος,
1122 1316 1196 1358 καί
1232 1316 1338 1373 πρὸς
1376 1316 1451 1371 τήν
1491 1318 1658 1358 ἐκείνων

156 1383 203 1424 15
216 1380 353 1436 ἀρχήν
395 1382 588 1423 ἐκτείνων
618 1380 696 1437 τήν
734 1379 904 1438 ἔφεσιν,
942 1380 1016 1423 καὶ
1052 1383 1209 1438 μικροῦ
1249 1379 1534 1438 φθεγγόμενος
1571 1382 1694 1425 κατ’Β

215 1447 487 1501 Ἀλέξανδρον
513 1445 590 1500 „vd
618 1448 716 1505 τῇδε
744 1446 817 1489 καί
841 1447 895 1489 τὰ
925 1449 1024 1504 τῇδε
1043 1448 1178 1490 πάντα
1206 1447 1289 1501 ἐμά
1299 1450 1336 1500 ‚'’
1362 1446 1502 1503 ὦχρός
1520 1463 1566 1489 τε
1585 1449 1660 1489 καί

213 1513 387 1561 σύννους
417 1511 651 1567 ὁρώμενος,
679 1515 753 1555 καί
778 1513 851 1568 τῆς
881 1512 1042 1568 ἡμέρας
1070 1511 1149 1566 ὀψὲ
1175 1512 1337 1569 τροφὴν
1363 1516 1656 1568 προσιέμενος,

213 1578 286 1619 καί
311 1576 416 1633 πρὸς
442 1576 542 1627 τούς
568 1577 809 1632 εἰσάγοντας
836 1581 1082 1633 παραίνεσιν
1110 1575 1167 1627 ὥς
1191 1577 1333 1634 χρεών
1360 1578 1406 1619 ἐκ
1435 1580 1514 1620 τοῦ
1543 1574 1655 1619 οὕτω

311 1704 338 1727 ι.
368 1694 479 1727 ΒΛΣ.
500 1712 546 1719 -
568 1693 742 1741 ΚΟΜΝ]
766 1694 932 1732 θάνατος
958 1671 1027 1729 toti
1061 1686 1180 1741 ρηγός
1210 1691 1419 1742 α’λαμανίας
1444 1694 1470 1727 Β
1485 1719 1496 1736 ,
1531 1704 1588 1727 om
1613 1694 1653 1728 A.

306 1741 339 1774 3.
371 1741 545 1774 ΤΟΜΟΣ
567 1742 599 1774 Β
623 1751 681 1774 om
703 1741 742 1776 B.

734 1887 1129 1922 IMPERII

425 1982 837 2027 ALEXII
921 1981 1445 2053 COMNENI

779 2100 976 2141 LIBER
1014 2100 1076 2141 11.

310 2242 340 2266 ι.
387 2208 475 2267 Sed
499 2230 579 2276 quis
606 2230 743 2264 domini
766 2231 966 2277 potentiam
992 2242 1058 2277 pro
1085 2230 1262 2276 dignitate
1285 2230 1447 2264 celebret
1478 2234 1542 2264 aut
1571 2230 1650 2264 lau-

215 2275 278 2309 des
305 2277 382 2310 eius
409 2277 598 2322 divulget?
638 2283 832 2323 antequam
862 2278 1017 2323 pecunia
1052 2279 1280 2318 mitteretur,
1318 2277 1552 2311 Alemanniae
1588 2289 1650 2310 rex

214 2324 388 2365 moritur,
412 2325 513 2357 cuius
539 2324 660 2358 obitus
682 2336 755 2358 non
779 2325 946 2358 Romanis
971 2324 1148 2358 duntaxat
1165 2324 1428 2370 optatissimus,
1456 2324 1520 2357 sed
1544 2323 1651 2357 Occi-

216 2369 423 2404 dentalibus
451 2372 561 2404 etiam
595 2371 763 2415 gentibus
788 2371 1008 2415 gratissimus
1032 2372 1122 2413 suit,
1162 2376 1240 2405 tum
1277 2371 1323 2404 iis
1354 2381 1442 2416 quas
1469 2372 1505 2404 vi
1537 2371 1650 2415 magis

215 2425 323 2459 quam
347 2417 601 2452 benevolentia
624 2429 743 2451 secum
767 2418 1021 2459 coniunxerat,
1046 2424 1124 2452 tum
1144 2418 1190 2451 iis
1214 2428 1304 2464 quas
1330 2417 1500 2451 invadere
1524 2417 1649 2450 decre-

215 2468 332 2503 verat,
362 2475 501 2509 semper
527 2465 703 2498 sollicitus
732 2470 769 2498 et
793 2465 951 2498 omnium
977 2465 1202 2510 voluptatum
1227 2469 1471 2509 contemptor,
1507 2469 1548 2496 ut
1571 2474 1649 2495 mo-

215 2508 396 2542 narchiam
425 2512 662 2544 constitueret
687 2516 723 2544 et
747 2511 1082 2545 circumiacentibus
1107 2512 1223 2556 regnis
1250 2510 1416 2543 omnibus
1445 2510 1650 2543 dominare-

215 2560 294 2594 tur,
321 2555 494 2590 Antonios
522 2563 558 2590 et
582 2559 758 2601 Augustos
784 2558 952 2592 Caesares
980 2558 1135 2591 subinde
1161 2558 1363 2597 somnians,
1395 2562 1431 2589 et
1455 2556 1501 2588 ad
1526 2566 1650 2587 eorum

215 2601 454 2646 principatum
478 2603 712 2648 cupiditatem
739 2604 955 2645 extendens,
981 2610 1017 2637 et
1041 2610 1181 2638 tantum
1205 2615 1278 2637 non
1303 2609 1343 2636 ut
1366 2601 1568 2636 Alexander
1592 2600 1649 2632 di-

217 2647 347 2679 ctitans
372 2653 432 2687 „et
456 2647 543 2681 haec
568 2656 605 2683 et
629 2651 693 2684 ina
716 2662 795 2683 mea
819 2653 943 2691 sunt,'’
979 2651 1137 2696 pallidus
1162 2656 1199 2684 et
1223 2661 1377 2683 severus.
1415 2659 1494 2681 cum
1528 2652 1648 2680 autem

216 2705 295 2726 sero
324 2693 443 2726 cibum
472 2702 631 2740 caperet,
661 2703 697 2730 et
722 2704 927 2731 moneretur
951 2697 1147 2731 cavendum
1173 2707 1250 2729 esse
1284 2706 1330 2728 ne
1363 2705 1403 2727 ea
1440 2705 1477 2727 re
1508 2695 1650 2727 valetu-

218 2739 338 2774 dinem
364 2739 542 2783 laederet,
570 2742 756 2788 respondit
778 2743 918 2779 homiui
942 2745 1081 2789 privato
1106 2742 1258 2789 quodvis
1284 2748 1423 2786 tempus
1450 2740 1496 2774 ad
1529 2741 1647 2775 cibum
