<?xml version="1.0" encoding="UTF-8"?>
<!DOCTYPE html PUBLIC "-//W3C//DTD XHTML 1.0 Transitional//EN"
    "http://www.w3.org/TR/xhtml1/DTD/xhtml1-transitional.dtd">
<html xmlns="http://www.w3.org/1999/xhtml" xml:lang="en" lang="en">
 <head>
  <title>
</title>
<meta http-equiv="Content-Type" content="text/html;charset=utf-8" />
  <meta name='ocr-system' content='tesseract 3.04.00' />
  <meta name='ocr-capabilities' content='ocr_page ocr_carea ocr_par ocr_line ocrx_word'/>
</head>
<body>
  <div class='ocr_page' id='page_1' title='image "./corpusscriptorum41niebuoft/corpusscriptorum41niebuoft_0744.png"; bbox 0 0 1878 3230; ppageno 0'>
   <div class='ocr_carea' id='block_1_1' title="bbox 255 187 1246 260">
    <p class='ocr_par' dir='ltr' id='par_1_1' title="bbox 255 187 1246 260">
     <span class='ocr_line' id='line_1_1' title="bbox 255 187 1246 260; baseline 0.007 -20"><span class='ocrx_word' id='word_1_1' title='bbox 255 206 281 260; x_wconf 87' lang='lat'><strong>7</strong></span> <span class='ocrx_word' id='word_1_2' title='bbox 300 187 363 252; x_wconf 70' lang='lat'><strong><em>¹4</em></strong></span> <span class='ocrx_word' id='word_1_3' title='bbox 661 203 891 245; x_wconf 76' lang='grc' dir='ltr'><strong><em>ΝιοΕΤΑΕ</em></strong></span> <span class='ocrx_word' id='word_1_4' title='bbox 935 204 1246 247; x_wconf 71' lang='lat' dir='ltr'><strong>cuomA&#39;rAE</strong></span> 
     </span>
    </p>
   </div>
   <div class='ocr_carea' id='block_1_2' title="bbox 103 303 1751 1803">
    <p class='ocr_par' dir='ltr' id='par_1_2' title="bbox 103 303 1751 1803">
     <span class='ocr_line' id='line_1_2' title="bbox 248 303 1686 362; baseline 0.003 -17"><span class='ocrx_word' id='word_1_5' title='bbox 248 307 332 345; x_wconf 77' lang='grc' dir='ltr'><strong><em>τῶν</em></strong></span> <span class='ocrx_word' id='word_1_6' title='bbox 355 303 571 354; x_wconf 88' lang='grc' dir='ltr'><strong><em>Ῥωμαίων</em></strong></span> <span class='ocrx_word' id='word_1_7' title='bbox 598 305 786 357; x_wconf 82' lang='grc' dir='ltr'><strong><em>σκῆπτρα</em></strong></span> <span class='ocrx_word' id='word_1_8' title='bbox 818 304 1040 354; x_wconf 74' lang='grc' dir='ltr'><strong><em>διέποντος.</em></strong></span> <span class='ocrx_word' id='word_1_9' title='bbox 1100 304 1224 353; x_wconf 77' lang='grc' dir='ltr'><strong><em>εἰδώς</em></strong></span> <span class='ocrx_word' id='word_1_10' title='bbox 1254 306 1301 347; x_wconf 77' lang='grc' dir='ltr'><strong><em>δὲ</em></strong></span> <span class='ocrx_word' id='word_1_11' title='bbox 1328 306 1434 347; x_wconf 74' lang='grc' dir='ltr'><strong><em>κατὰ</em></strong></span> <span class='ocrx_word' id='word_1_12' title='bbox 1474 309 1546 362; x_wconf 80' lang='grc' dir='ltr'><strong><em>τῆς</em></strong></span> <span class='ocrx_word' id='word_1_13' title='bbox 1585 307 1686 350; x_wconf 78' lang='grc' dir='ltr'><strong><em>ἑαυ-</em></strong></span> 
     </span>
     <span class='ocr_line' id='line_1_3' title="bbox 246 366 1687 425; baseline 0.003 -15"><span class='ocrx_word' id='word_1_14' title='bbox 246 369 320 410; x_wconf 76' lang='grc' dir='ltr'><strong><em>τοῦ</em></strong></span> <span class='ocrx_word' id='word_1_15' title='bbox 356 369 542 423; x_wconf 76' lang='grc' dir='ltr'><strong><em>κεφαλῆς</em></strong></span> <span class='ocrx_word' id='word_1_16' title='bbox 581 367 895 423; x_wconf 72' lang='grc' dir='ltr'><em>προχωρήσειν,</em></span> <span class='ocrx_word' id='word_1_17' title='bbox 935 366 980 410; x_wconf 77' lang='grc' dir='ltr'><strong><em>εἴ</em></strong></span> <span class='ocrx_word' id='word_1_18' title='bbox 1015 386 1053 410; x_wconf 89' lang='grc' dir='ltr'><strong><em>τι</em></strong></span> <span class='ocrx_word' id='word_1_19' title='bbox 1093 385 1175 411; x_wconf 92' lang='grc' dir='ltr'><strong><em>που</em></strong></span> <span class='ocrx_word' id='word_1_20' title='bbox 1199 370 1432 423; x_wconf 75' lang='grc' dir='ltr'><strong><em>“Ρωμαιὀις</em></strong></span> <span class='ocrx_word' id='word_1_21' title='bbox 1469 373 1687 425; x_wconf 79' lang='grc' dir='ltr'><strong><em>ἐπίβουλον</em></strong></span> 
     </span>
     <span class='ocr_line' id='line_1_4' title="bbox 245 431 1686 492; baseline 0.003 -18"><span class='ocrx_word' id='word_1_22' title='bbox 245 432 351 486; x_wconf 70' lang='grc' dir='ltr'><strong><em>μετα</em></strong></span> <span class='ocrx_word' id='word_1_23' title='bbox 381 433 521 485; x_wconf 80' lang='grc' dir='ltr'><strong><em>μόνων</em></strong></span> <span class='ocrx_word' id='word_1_24' title='bbox 544 434 625 475; x_wconf 79' lang='grc' dir='ltr'><strong><em>τῶν</em></strong></span> <span class='ocrx_word' id='word_1_25' title='bbox 654 431 881 489; x_wconf 75' lang='grc' dir='ltr'><em>ὁμοφύλων</em></span> <span class='ocrx_word' id='word_1_26' title='bbox 904 433 1147 489; x_wconf 79' lang='grc' dir='ltr'><strong><em>ἐργάσεται,</em></strong></span> <span class='ocrx_word' id='word_1_27' title='bbox 1177 435 1250 476; x_wconf 82' lang='grc' dir='ltr'><strong><em>καί</em></strong></span> <span class='ocrx_word' id='word_1_28' title='bbox 1277 431 1429 486; x_wconf 75' lang='grc' dir='ltr'><strong><em>ἄλλους</em></strong></span> <span class='ocrx_word' id='word_1_29' title='bbox 1456 440 1686 492; x_wconf 82' lang='grc' dir='ltr'><strong><em>προσλαβέ-</em></strong></span> 
     </span>
     <span class='ocr_line' id='line_1_5' title="bbox 244 498 1688 557; baseline 0.003 -17"><span class='ocrx_word' id='word_1_30' title='bbox 244 502 348 540; x_wconf 97' lang='grc' dir='ltr'><strong><em>σθαι</em></strong></span> <span class='ocrx_word' id='word_1_31' title='bbox 386 498 675 555; x_wconf 78' lang='grc' dir='ltr'><strong><em>συλλήπτορας</em></strong></span> <span class='ocrx_word' id='word_1_32' title='bbox 715 501 958 552; x_wconf 85' lang='grc' dir='ltr'><strong><em>σκέπτεται,</em></strong></span> <span class='ocrx_word' id='word_1_33' title='bbox 1003 500 1078 542; x_wconf 82' lang='grc' dir='ltr'>καί</span> <span class='ocrx_word' id='word_1_34' title='bbox 1110 500 1272 550; x_wconf 81' lang='grc' dir='ltr'><strong><em>τούτοις</em></strong></span> <span class='ocrx_word' id='word_1_35' title='bbox 1315 504 1565 557; x_wconf 74' lang='grc' dir='ltr'><strong><em>κοινωνῆσαι</em></strong></span> <span class='ocrx_word' id='word_1_36' title='bbox 1606 504 1688 544; x_wconf 76' lang='grc' dir='ltr'><strong><em>’ταῖν</em></strong></span> 
     </span>
     <span class='ocr_line' id='line_1_6' title="bbox 245 559 1723 623; baseline 0.004 -20"><span class='ocrx_word' id='word_1_37' title='bbox 245 563 492 618; x_wconf 74' lang='grc' dir='ltr'><strong><em>ἀπορρήτων</em></strong></span> <span class='ocrx_word' id='word_1_38' title='bbox 522 562 592 613; x_wconf 75' lang='grc' dir='ltr'><strong><em>οὓς</em></strong></span> <span class='ocrx_word' id='word_1_39' title='bbox 619 559 712 622; x_wconf 79' lang='grc' dir='ltr'><strong><em>ᾔδει</em></strong></span> <span class='ocrx_word' id='word_1_40' title='bbox 743 565 1097 619; x_wconf 86' lang='grc' dir='ltr'><strong><em>πρὸςῬωμαίους</em></strong></span> <span class='ocrx_word' id='word_1_41' title='bbox 1125 560 1332 608; x_wconf 68' lang='grc' dir='ltr'><strong><em>ἄσπονδον</em></strong></span> <span class='ocrx_word' id='word_1_42' title='bbox 1357 571 1481 620; x_wconf 81' lang='grc' dir='ltr'><strong><em>μῖσος</em></strong></span> <span class='ocrx_word' id='word_1_43' title='bbox 1507 569 1723 623; x_wconf 85' lang='grc' dir='ltr'><strong><em>τρέφον-5</em></strong></span> 
     </span>
     <span class='ocr_line' id='line_1_7' title="bbox 244 629 1687 686; baseline 0.005 -18"><span class='ocrx_word' id='word_1_44' title='bbox 244 643 320 676; x_wconf 80' lang='grc' dir='ltr'><strong><em>τας</em></strong></span> <span class='ocrx_word' id='word_1_45' title='bbox 349 631 421 670; x_wconf 77' lang='grc' dir='ltr'><strong><em>καί</em></strong></span> <span class='ocrx_word' id='word_1_46' title='bbox 449 634 538 678; x_wconf 89' lang='grc' dir='ltr'><strong><em>τοῖς</em></strong></span> <span class='ocrx_word' id='word_1_47' title='bbox 564 629 722 671; x_wconf 81' lang='grc' dir='ltr'><strong><em>τούτων</em></strong></span> <span class='ocrx_word' id='word_1_48' title='bbox 752 634 891 680; x_wconf 85' lang='grc' dir='ltr'><strong><em>καλοῖς</em></strong></span> <span class='ocrx_word' id='word_1_49' title='bbox 922 631 1131 684; x_wconf 81' lang='grc' dir='ltr'><strong><em>βάσκανον</em></strong></span> <span class='ocrx_word' id='word_1_50' title='bbox 1160 633 1234 672; x_wconf 80' lang='grc' dir='ltr'><strong><em>καί</em></strong></span> <span class='ocrx_word' id='word_1_51' title='bbox 1267 634 1409 686; x_wconf 78' lang='grc' dir='ltr'><strong><em>λίχνον</em></strong></span> <span class='ocrx_word' id='word_1_52' title='bbox 1436 633 1687 685; x_wconf 79' lang='grc' dir='ltr'><strong><em>ἐνατενιζον-</em></strong></span> 
     </span>
     <span class='ocr_line' id='line_1_8' title="bbox 200 693 1688 753; baseline 0.001 -15"><span class='ocrx_word' id='word_1_53' title='bbox 200 705 330 741; x_wconf 80' lang='grc' dir='ltr'><strong><em>Βτας.</em></strong></span> <span class='ocrx_word' id='word_1_54' title='bbox 374 697 450 736; x_wconf 78' lang='grc' dir='ltr'><strong><em>τοῦ</em></strong></span> <span class='ocrx_word' id='word_1_55' title='bbox 477 696 523 738; x_wconf 76' lang='grc' dir='ltr'><strong><em>δὲ</em></strong></span> <span class='ocrx_word' id='word_1_56' title='bbox 547 698 698 752; x_wconf 83' lang='grc' dir='ltr'><strong><em>καιροῦ</em></strong></span> <span class='ocrx_word' id='word_1_57' title='bbox 720 695 1030 751; x_wconf 74' lang='grc' dir='ltr'><strong><em>χορηγήσαντος</em></strong></span> <span class='ocrx_word' id='word_1_58' title='bbox 1059 693 1303 750; x_wconf 72' lang='grc' dir='ltr'><strong><em>αὐτομάτως</em></strong></span> <span class='ocrx_word' id='word_1_59' title='bbox 1330 695 1544 753; x_wconf 78' lang='grc' dir='ltr'><strong><em>τοπάρχας</em></strong></span> <span class='ocrx_word' id='word_1_60' title='bbox 1570 698 1688 748; x_wconf 70' lang='grc' dir='ltr'><strong><em>τινας</em></strong></span> 
     </span>
     <span class='ocr_line' id='line_1_9' title="bbox 244 758 1686 817; baseline 0.005 -18"><span class='ocrx_word' id='word_1_61' title='bbox 244 760 429 814; x_wconf 71' lang='grc' dir='ltr'><strong><em>εὐγενεῖς</em></strong></span> <span class='ocrx_word' id='word_1_62' title='bbox 438 792 451 813; x_wconf 88' lang='grc'><strong><em>,</em></strong></span> <span class='ocrx_word' id='word_1_63' title='bbox 480 760 628 811; x_wconf 78' lang='grc' dir='ltr'><strong><em>οἵτινες</em></strong></span> <span class='ocrx_word' id='word_1_64' title='bbox 655 761 759 817; x_wconf 87' lang='grc' dir='ltr'><strong><em>πρὸς</em></strong></span> <span class='ocrx_word' id='word_1_65' title='bbox 789 765 1080 816; x_wconf 76' lang='grc' dir='ltr'><strong><em>Παλαιστίνην</em></strong></span> <span class='ocrx_word' id='word_1_66' title='bbox 1109 758 1262 817; x_wconf 66' lang='grc' dir='ltr'><strong><em>ὥρμων</em></strong></span> <span class='ocrx_word' id='word_1_67' title='bbox 1288 764 1555 817; x_wconf 76' lang='grc' dir='ltr'><strong><em>τραπέσθαι,</em></strong></span> <span class='ocrx_word' id='word_1_68' title='bbox 1583 762 1686 806; x_wconf 75' lang='grc' dir='ltr'><strong><em>κατὰ</em></strong></span> 
     </span>
     <span class='ocr_line' id='line_1_10' title="bbox 243 825 1686 881; baseline 0.003 -16"><span class='ocrx_word' id='word_1_69' title='bbox 243 825 538 880; x_wconf 76' lang='grc' dir='ltr'><strong><em>κοινοπραγίαν</em></strong></span> <span class='ocrx_word' id='word_1_70' title='bbox 576 828 738 877; x_wconf 80' lang='grc' dir='ltr'><strong><em>τούτοις</em></strong></span> <span class='ocrx_word' id='word_1_71' title='bbox 783 829 1019 881; x_wconf 86' lang='grc' dir='ltr'><strong><em>συγγίνεται</em></strong></span> <span class='ocrx_word' id='word_1_72' title='bbox 1052 827 1126 869; x_wconf 84' lang='grc' dir='ltr'><em>καί</em></span> <span class='ocrx_word' id='word_1_73' title='bbox 1165 827 1413 881; x_wconf 81' lang='grc' dir='ltr'><strong><em>συνωμότας</em></strong></span> <span class='ocrx_word' id='word_1_74' title='bbox 1459 830 1686 872; x_wconf 81' lang='grc' dir='ltr'><strong><em>ἐπισπᾶται</em></strong></span> 
     </span>
     <span class='ocr_line' id='line_1_11' title="bbox 241 888 1751 949; baseline 0.003 -18"><span class='ocrx_word' id='word_1_75' title='bbox 241 892 318 932; x_wconf 79' lang='grc' dir='ltr'><strong><em>τοῦ</em></strong></span> <span class='ocrx_word' id='word_1_76' title='bbox 344 890 447 933; x_wconf 74' lang='grc' dir='ltr'><strong><em>κατὰ</em></strong></span> <span class='ocrx_word' id='word_1_77' title='bbox 471 891 690 946; x_wconf 88' lang='grc' dir='ltr'><strong><em>Ῥωμαίων</em></strong></span> <span class='ocrx_word' id='word_1_78' title='bbox 717 893 954 948; x_wconf 78' lang='grc' dir='ltr'><strong><em>κινήματος.</em></strong></span> <span class='ocrx_word' id='word_1_79' title='bbox 1009 889 1118 947; x_wconf 78' lang='grc' dir='ltr'><strong><em>ἦσαν</em></strong></span> <span class='ocrx_word' id='word_1_80' title='bbox 1143 895 1190 936; x_wconf 71' lang='grc' dir='ltr'><strong><em>δὲ</em></strong></span> <span class='ocrx_word' id='word_1_81' title='bbox 1218 888 1338 935; x_wconf 70' lang='grc' dir='ltr'><strong><em>οὗτοι</em></strong></span> <span class='ocrx_word' id='word_1_82' title='bbox 1363 893 1384 935; x_wconf 80' lang='grc' dir='ltr'>ὁ</span> <span class='ocrx_word' id='word_1_83' title='bbox 1405 893 1578 949; x_wconf 85' lang='grc' dir='ltr'><strong><em>Μὸντης</em></strong></span> <span class='ocrx_word' id='word_1_84' title='bbox 1601 897 1684 936; x_wconf 82' lang='grc' dir='ltr'><strong><em>Φε-</em></strong></span> <span class='ocrx_word' id='word_1_85' title='bbox 1703 909 1751 935; x_wconf 81' lang='grc' dir='ltr'><strong><em>ιο</em></strong></span> 
     </span>
     <span class='ocr_line' id='line_1_12' title="bbox 241 954 1685 1015; baseline 0.002 -18"><span class='ocrx_word' id='word_1_86' title='bbox 241 954 391 1011; x_wconf 79' lang='grc' dir='ltr'><strong><em>ράντης</em></strong></span> <span class='ocrx_word' id='word_1_87' title='bbox 419 960 645 1013; x_wconf 87' lang='grc' dir='ltr'><strong><em>μαρκέσιος</em></strong></span> <span class='ocrx_word' id='word_1_88' title='bbox 670 960 952 1015; x_wconf 83' lang='grc' dir='ltr'><strong><em>Βονιφάτιος,</em></strong></span> <span class='ocrx_word' id='word_1_89' title='bbox 994 956 1015 999; x_wconf 83' lang='grc' dir='ltr'><strong><em>ὅ</em></strong></span> <span class='ocrx_word' id='word_1_90' title='bbox 1062 958 1193 1014; x_wconf 84' lang='grc' dir='ltr'><strong><em>κόμης</em></strong></span> <span class='ocrx_word' id='word_1_91' title='bbox 1224 959 1445 1015; x_wconf 84' lang='grc' dir='ltr'><strong><em>Φλάντρας</em></strong></span> <span class='ocrx_word' id='word_1_92' title='bbox 1473 962 1685 1002; x_wconf 58' lang='grc' dir='ltr'><strong><em>Βαλὸουΐο</em></strong></span> 
     </span>
     <span class='ocr_line' id='line_1_13' title="bbox 103 1021 1687 1082; baseline 0.004 -21"><span class='ocrx_word' id='word_1_93' title='bbox 103 1027 143 1060; x_wconf 76' lang='lat' dir='ltr'><strong><em>V.</em></strong></span> <span class='ocrx_word' id='word_1_94' title='bbox 157 1028 226 1066; x_wconf 83' lang='lat'><strong><em>286</em></strong></span> <span class='ocrx_word' id='word_1_95' title='bbox 241 1037 332 1074; x_wconf 90' lang='grc' dir='ltr'><strong><em>νος,</em></strong></span> <span class='ocrx_word' id='word_1_96' title='bbox 360 1021 383 1063; x_wconf 82' lang='grc' dir='ltr'>ὅ</span> <span class='ocrx_word' id='word_1_97' title='bbox 411 1022 544 1079; x_wconf 84' lang='grc' dir='ltr'><strong><em>κόμης</em></strong></span> <span class='ocrx_word' id='word_1_98' title='bbox 571 1027 649 1066; x_wconf 80' lang='grc' dir='ltr'><strong><em>τοῦ</em></strong></span> <span class='ocrx_word' id='word_1_99' title='bbox 677 1024 799 1079; x_wconf 82' lang='grc' dir='ltr'><strong><em>ἁγίου</em></strong></span> <span class='ocrx_word' id='word_1_100' title='bbox 833 1023 1017 1066; x_wconf 78' lang='grc' dir='ltr'><strong><em>Παύλου</em></strong></span> <span class='ocrx_word' id='word_1_101' title='bbox 1045 1024 1202 1078; x_wconf 85' lang='grc' dir='ltr'><strong><em>Ἐρίκος</em></strong></span> <span class='ocrx_word' id='word_1_102' title='bbox 1234 1027 1308 1066; x_wconf 82' lang='grc' dir='ltr'><em>καί</em></span> <span class='ocrx_word' id='word_1_103' title='bbox 1333 1024 1356 1066; x_wconf 79' lang='grc' dir='ltr'>ὁ</span> <span class='ocrx_word' id='word_1_104' title='bbox 1384 1024 1513 1080; x_wconf 80' lang='grc' dir='ltr'><strong><em>κόμης</em></strong></span> <span class='ocrx_word' id='word_1_105' title='bbox 1541 1029 1687 1082; x_wconf 86' lang='grc' dir='ltr'><strong><em>Πλέης</em></strong></span> 
     </span>
     <span class='ocr_line' id='line_1_14' title="bbox 239 1086 1687 1146; baseline 0.001 -15"><span class='ocrx_word' id='word_1_106' title='bbox 239 1086 441 1138; x_wconf 87' lang='grc' dir='ltr'><strong><em>Δολόϊκος</em></strong></span> <span class='ocrx_word' id='word_1_107' title='bbox 470 1090 546 1130; x_wconf 79' lang='grc' dir='ltr'><strong><em>καί</em></strong></span> <span class='ocrx_word' id='word_1_108' title='bbox 570 1090 722 1144; x_wconf 75' lang='grc' dir='ltr'><strong><em>συχνοὶ</em></strong></span> <span class='ocrx_word' id='word_1_109' title='bbox 751 1092 884 1146; x_wconf 75' lang='grc' dir='ltr'><strong><em>ἕτεροι</em></strong></span> <span class='ocrx_word' id='word_1_110' title='bbox 911 1089 1130 1145; x_wconf 87' lang='grc' dir='ltr'><strong><em>τολμητίαι</em></strong></span> <span class='ocrx_word' id='word_1_111' title='bbox 1149 1091 1398 1143; x_wconf 73' lang='grc' dir='ltr'><strong><em>πολεμισταὶ</em></strong></span> <span class='ocrx_word' id='word_1_112' title='bbox 1420 1091 1494 1133; x_wconf 82' lang='grc' dir='ltr'><strong><em>καί</em></strong></span> <span class='ocrx_word' id='word_1_113' title='bbox 1517 1107 1687 1146; x_wconf 72' lang='grc' dir='ltr'><strong><em>συμμηι-</em></strong></span> 
     </span>
     <span class='ocr_line' id='line_1_15' title="bbox 239 1151 1685 1213; baseline 0.003 -20"><span class='ocrx_word' id='word_1_114' title='bbox 239 1155 458 1209; x_wconf 88' lang='grc' dir='ltr'><strong><em>κιζομένην</em></strong></span> <span class='ocrx_word' id='word_1_115' title='bbox 495 1151 585 1198; x_wconf 83' lang='grc' dir='ltr'><strong><em>οἷον</em></strong></span> <span class='ocrx_word' id='word_1_116' title='bbox 613 1157 669 1212; x_wconf 77' lang='grc' dir='ltr'><strong><em>τῷ</em></strong></span> <span class='ocrx_word' id='word_1_117' title='bbox 701 1157 855 1213; x_wconf 76' lang='grc' dir='ltr'><strong><em>δολιχῷ</em></strong></span> <span class='ocrx_word' id='word_1_118' title='bbox 883 1157 964 1198; x_wconf 74' lang='grc' dir='ltr'><strong><em>τῶν</em></strong></span> <span class='ocrx_word' id='word_1_119' title='bbox 986 1153 1176 1209; x_wconf 76' lang='grc' dir='ltr'><strong><em>δοράτων</em></strong></span> <span class='ocrx_word' id='word_1_120' title='bbox 1203 1155 1279 1210; x_wconf 78' lang='grc' dir='ltr'><strong><em>τὴν</em></strong></span> <span class='ocrx_word' id='word_1_121' title='bbox 1306 1153 1473 1211; x_wconf 74' lang='grc' dir='ltr'><strong><em>ἡλικίαν</em></strong></span> <span class='ocrx_word' id='word_1_122' title='bbox 1502 1158 1685 1212; x_wconf 80' lang='grc' dir='ltr'><strong><em>προφαί-</em></strong></span> 
     </span>
     <span class='ocr_line' id='line_1_16' title="bbox 239 1217 1748 1277; baseline 0.002 -17"><span class='ocrx_word' id='word_1_123' title='bbox 239 1234 388 1268; x_wconf 79' lang='grc' dir='ltr'><strong><em>νοντες.</em></strong></span> <span class='ocrx_word' id='word_1_124' title='bbox 443 1224 798 1275; x_wconf 75' lang='grc' dir='ltr'><strong><em>ναυπηγηθέντων</em></strong></span> <span class='ocrx_word' id='word_1_125' title='bbox 826 1217 902 1263; x_wconf 74' lang='grc' dir='ltr'><strong><em>οὖν</em></strong></span> <span class='ocrx_word' id='word_1_126' title='bbox 929 1222 989 1270; x_wconf 84' lang='grc' dir='ltr'><strong><em>εἰς</em></strong></span> <span class='ocrx_word' id='word_1_127' title='bbox 1016 1224 1214 1263; x_wconf 85' lang='grc' dir='ltr'><strong><em>Βενετίαν</em></strong></span> <span class='ocrx_word' id='word_1_128' title='bbox 1239 1223 1296 1262; x_wconf 76' lang='grc' dir='ltr'><strong><em>δι’</em></strong></span> <span class='ocrx_word' id='word_1_129' title='bbox 1325 1219 1432 1263; x_wconf 82' lang='grc' dir='ltr'><strong><em>ὅλων</em></strong></span> <span class='ocrx_word' id='word_1_130' title='bbox 1457 1223 1585 1277; x_wconf 77' lang='grc' dir='ltr'><strong><em>τριῶν</em></strong></span> <span class='ocrx_word' id='word_1_131' title='bbox 1611 1226 1685 1263; x_wconf 74' lang='grc' dir='ltr'><strong><em>λυ·</em></strong></span> <span class='ocrx_word' id='word_1_132' title='bbox 1699 1227 1748 1272; x_wconf 77' lang='lat'><strong><em>15</em></strong></span> 
     </span>
     <span class='ocr_line' id='line_1_17' title="bbox 238 1284 1684 1342; baseline 0.003 -16"><span class='ocrx_word' id='word_1_133' title='bbox 238 1284 458 1339; x_wconf 68' lang='grc' dir='ltr'><strong><em>καβάντων</em></strong></span> <span class='ocrx_word' id='word_1_134' title='bbox 487 1287 715 1340; x_wconf 76' lang='grc' dir='ltr'><strong><em>ὃρομαίνων</em></strong></span> <span class='ocrx_word' id='word_1_135' title='bbox 746 1289 824 1339; x_wconf 82' lang='grc' dir='ltr'><strong><em>μὲν</em></strong></span> <span class='ocrx_word' id='word_1_136' title='bbox 851 1285 1107 1341; x_wconf 76' lang='grc' dir='ltr'><strong><em>ἱππαγωγῶν</em></strong></span> <span class='ocrx_word' id='word_1_137' title='bbox 1139 1284 1290 1328; x_wconf 70' lang='grc' dir='ltr'><strong><em>ἑκατὸν</em></strong></span> <span class='ocrx_word' id='word_1_138' title='bbox 1329 1289 1454 1340; x_wconf 71' lang='grc' dir='ltr'><strong><em>δέκα,</em></strong></span> <span class='ocrx_word' id='word_1_139' title='bbox 1492 1289 1600 1342; x_wconf 78' lang='grc' dir='ltr'><strong><em>νηῶν</em></strong></span> <span class='ocrx_word' id='word_1_140' title='bbox 1637 1289 1684 1330; x_wconf 78' lang='grc' dir='ltr'><strong><em>δὲ</em></strong></span> 
     </span>
     <span class='ocr_line' id='line_1_18' title="bbox 237 1349 1682 1408; baseline 0.001 -16"><span class='ocrx_word' id='word_1_141' title='bbox 237 1353 412 1406; x_wconf 77' lang='grc' dir='ltr'><strong><em>μακρῶν</em></strong></span> <span class='ocrx_word' id='word_1_142' title='bbox 440 1349 661 1406; x_wconf 72' lang='grc' dir='ltr'><strong><em>ἑξήκοντα,</em></strong></span> <span class='ocrx_word' id='word_1_143' title='bbox 704 1349 765 1394; x_wconf 75' lang='grc' dir='ltr'><strong><em>ἔτι</em></strong></span> <span class='ocrx_word' id='word_1_144' title='bbox 794 1354 840 1394; x_wconf 79' lang='grc' dir='ltr'><strong><em>δὲ</em></strong></span> <span class='ocrx_word' id='word_1_145' title='bbox 870 1355 1025 1394; x_wconf 82' lang='grc' dir='ltr'><strong><em>πλοίων</em></strong></span> <span class='ocrx_word' id='word_1_146' title='bbox 1051 1355 1450 1407; x_wconf 75' lang='grc' dir='ltr'><strong><em>συναθροισθέντων</em></strong></span> <span class='ocrx_word' id='word_1_147' title='bbox 1481 1350 1682 1408; x_wconf 78' lang='grc' dir='ltr'><strong><em>στρογγύ-</em></strong></span> 
     </span>
     <span class='ocr_line' id='line_1_19' title="bbox 237 1411 1684 1474; baseline 0 -15"><span class='ocrx_word' id='word_1_148' title='bbox 237 1420 323 1459; x_wconf 86' lang='grc' dir='ltr'><strong><em>λων</em></strong></span> <span class='ocrx_word' id='word_1_149' title='bbox 346 1419 552 1471; x_wconf 83' lang='grc' dir='ltr'><strong><em>μεγίστων</em></strong></span> <span class='ocrx_word' id='word_1_150' title='bbox 580 1417 688 1472; x_wconf 78' lang='grc' dir='ltr'><strong><em>ὖπὲρ</em></strong></span> <span class='ocrx_word' id='word_1_151' title='bbox 715 1417 766 1460; x_wconf 77' lang='grc' dir='ltr'><strong><em>τὰ</em></strong></span> <span class='ocrx_word' id='word_1_152' title='bbox 797 1413 1100 1472; x_wconf 74' lang='grc' dir='ltr'><strong><em>ἑβδομήκοντα,</em></strong></span> <span class='ocrx_word' id='word_1_153' title='bbox 1129 1411 1188 1459; x_wconf 76' lang='grc' dir='ltr'><strong><em>ὧν</em></strong></span> <span class='ocrx_word' id='word_1_154' title='bbox 1207 1421 1251 1460; x_wconf 76' lang='grc' dir='ltr'><strong><em>ἓν</em></strong></span> <span class='ocrx_word' id='word_1_155' title='bbox 1276 1418 1448 1471; x_wconf 85' lang='grc' dir='ltr'><strong><em>Κόσμος</em></strong></span> <span class='ocrx_word' id='word_1_156' title='bbox 1475 1420 1577 1474; x_wconf 86' lang='grc' dir='ltr'><strong><em>παρ’</em></strong></span> <span class='ocrx_word' id='word_1_157' title='bbox 1604 1418 1684 1460; x_wconf 65' lang='lat' dir='ltr'><strong>‘av&#39;—</strong></span> 
     </span>
     <span class='ocr_line' id='line_1_20' title="bbox 237 1478 1682 1539; baseline 0 -15"><span class='ocrx_word' id='word_1_158' title='bbox 237 1489 325 1531; x_wconf 83' lang='grc' dir='ltr'><strong><em>τοῖς</em></strong></span> <span class='ocrx_word' id='word_1_159' title='bbox 356 1482 594 1535; x_wconf 73' lang='grc' dir='ltr'><strong><em>ὠνομάζετο</em></strong></span> <span class='ocrx_word' id='word_1_160' title='bbox 623 1481 679 1532; x_wconf 82' lang='grc' dir='ltr'><strong><em>ὥς</em></strong></span> <span class='ocrx_word' id='word_1_161' title='bbox 711 1482 818 1527; x_wconf 64' lang='lat' dir='ltr'><strong><em>nom}</em></strong></span> <span class='ocrx_word' id='word_1_162' title='bbox 847 1485 930 1526; x_wconf 78' lang='grc' dir='ltr'><strong><em>τῶν</em></strong></span> <span class='ocrx_word' id='word_1_163' title='bbox 959 1478 1097 1525; x_wconf 74' lang='grc' dir='ltr'><strong><em>ἄλλων</em></strong></span> <span class='ocrx_word' id='word_1_164' title='bbox 1123 1482 1362 1539; x_wconf 77' lang='grc' dir='ltr'><strong><em>ὑπερφέρον</em></strong></span> <span class='ocrx_word' id='word_1_165' title='bbox 1405 1485 1448 1532; x_wconf 79' lang='grc' dir='ltr'><strong><em>ἐς</em></strong></span> <span class='ocrx_word' id='word_1_166' title='bbox 1481 1486 1682 1538; x_wconf 75' lang='grc' dir='ltr'><strong><em>μέγεθος,</em></strong></span> 
     </span>
     <span class='ocr_line' id='line_1_21' title="bbox 235 1546 1747 1607; baseline 0.002 -19"><span class='ocrx_word' id='word_1_167' title='bbox 235 1546 408 1590; x_wconf 74' lang='grc' dir='ltr'><strong><em>εἴσεισιν</em></strong></span> <span class='ocrx_word' id='word_1_168' title='bbox 435 1550 482 1590; x_wconf 81' lang='grc' dir='ltr'><strong><em>ἑκ</em></strong></span> <span class='ocrx_word' id='word_1_169' title='bbox 508 1550 790 1603; x_wconf 85' lang='grc' dir='ltr'><strong><em>παραγγελίας</em></strong></span> <span class='ocrx_word' id='word_1_170' title='bbox 821 1547 927 1591; x_wconf 78' lang='grc' dir='ltr'><strong><em>αὐτὰ</em></strong></span> <span class='ocrx_word' id='word_1_171' title='bbox 954 1549 1079 1597; x_wconf 76' lang='grc' dir='ltr'><strong><em>ἵππος</em></strong></span> <span class='ocrx_word' id='word_1_172' title='bbox 1106 1551 1186 1601; x_wconf 78' lang='grc' dir='ltr'><strong><em>μὲν</em></strong></span> <span class='ocrx_word' id='word_1_173' title='bbox 1212 1551 1331 1602; x_wconf 86' lang='grc' dir='ltr'><strong><em>χιλία</em></strong></span> <span class='ocrx_word' id='word_1_174' title='bbox 1358 1547 1517 1607; x_wconf 74' lang='grc' dir='ltr'><strong><em>σιδήρῳ</em></strong></span> <span class='ocrx_word' id='word_1_175' title='bbox 1553 1547 1683 1591; x_wconf 78' lang='grc' dir='ltr'><strong><em>κατά-</em></strong></span> <span class='ocrx_word' id='word_1_176' title='bbox 1695 1565 1747 1591; x_wconf 80' lang='lat'><strong><em>2⁰</em></strong></span> 
     </span>
     <span class='ocr_line' id='line_1_22' title="bbox 103 1613 1678 1672; baseline 0.002 -19"><span class='ocrx_word' id='word_1_177' title='bbox 103 1619 138 1652; x_wconf 84' lang='lat' dir='ltr'><strong><em>P.</em></strong></span> <span class='ocrx_word' id='word_1_178' title='bbox 157 1618 222 1663; x_wconf 74' lang='grc'><strong><em>348</em></strong></span> <span class='ocrx_word' id='word_1_179' title='bbox 235 1629 446 1669; x_wconf 83' lang='grc' dir='ltr'><strong><em>φρακτος,</em></strong></span> <span class='ocrx_word' id='word_1_180' title='bbox 474 1614 599 1663; x_wconf 74' lang='grc' dir='ltr'><strong><em>α’σπίς</em></strong></span> <span class='ocrx_word' id='word_1_181' title='bbox 626 1615 672 1656; x_wconf 75' lang='grc' dir='ltr'><strong><em>δὲ</em></strong></span> <span class='ocrx_word' id='word_1_182' title='bbox 701 1615 932 1670; x_wconf 88' lang='grc' dir='ltr'><strong><em>τρισμυρία</em></strong></span> <span class='ocrx_word' id='word_1_183' title='bbox 957 1616 1017 1663; x_wconf 87' lang='grc' dir='ltr'><strong><em>εἰς</em></strong></span> <span class='ocrx_word' id='word_1_184' title='bbox 1039 1613 1209 1663; x_wconf 78' lang='grc' dir='ltr'><strong><em>ὁπλίτας</em></strong></span> <span class='ocrx_word' id='word_1_185' title='bbox 1231 1616 1447 1664; x_wconf 88' lang='grc' dir='ltr'><strong><em>πλείστους</em></strong></span> <span class='ocrx_word' id='word_1_186' title='bbox 1476 1616 1678 1672; x_wconf 75' lang='grc' dir='ltr'><strong><em>διῃρημέ-</em></strong></span> 
     </span>
     <span class='ocr_line' id='line_1_23' title="bbox 232 1678 1683 1736; baseline 0.001 -16"><span class='ocrx_word' id='word_1_187' title='bbox 232 1695 310 1734; x_wconf 87' lang='grc' dir='ltr'><strong><em>νη,</em></strong></span> <span class='ocrx_word' id='word_1_188' title='bbox 338 1681 521 1733; x_wconf 80' lang='grc' dir='ltr'><strong><em>μάλιστα</em></strong></span> <span class='ocrx_word' id='word_1_189' title='bbox 552 1683 598 1722; x_wconf 77' lang='grc' dir='ltr'><strong><em>δὲ</em></strong></span> <span class='ocrx_word' id='word_1_190' title='bbox 634 1682 693 1730; x_wconf 87' lang='grc' dir='ltr'><strong><em>εἰς</em></strong></span> <span class='ocrx_word' id='word_1_191' title='bbox 728 1679 828 1729; x_wconf 77' lang='grc' dir='ltr'><strong><em>τούς</em></strong></span> <span class='ocrx_word' id='word_1_192' title='bbox 855 1682 1136 1733; x_wconf 82' lang='grc' dir='ltr'><strong><em>καλουμένους</em></strong></span> <span class='ocrx_word' id='word_1_193' title='bbox 1162 1679 1492 1736; x_wconf 78' lang='grc' dir='ltr'><strong><em>τζαγροτοξότας.</em></strong></span> <span class='ocrx_word' id='word_1_194' title='bbox 1552 1678 1609 1729; x_wconf 76' lang='grc' dir='ltr'><strong><em>ὥς</em></strong></span> <span class='ocrx_word' id='word_1_195' title='bbox 1646 1683 1683 1722; x_wconf 77' lang='grc' dir='ltr'><strong><em>δ’·</em></strong></span> 
     </span>
     <span class='ocr_line' id='line_1_24' title="bbox 233 1739 1679 1803; baseline 0.001 -16"><span class='ocrx_word' id='word_1_196' title='bbox 233 1739 283 1799; x_wconf 78' lang='grc' dir='ltr'><strong><em>ἦν</em></strong></span> <span class='ocrx_word' id='word_1_197' title='bbox 309 1742 330 1787; x_wconf 82' lang='grc' dir='ltr'><em>ὃ</em></span> <span class='ocrx_word' id='word_1_198' title='bbox 361 1745 504 1795; x_wconf 89' lang='grc' dir='ltr'><strong><em>στόλος</em></strong></span> <span class='ocrx_word' id='word_1_199' title='bbox 533 1745 640 1802; x_wconf 84' lang='grc' dir='ltr'><strong><em>πρὸς</em></strong></span> <span class='ocrx_word' id='word_1_200' title='bbox 666 1745 885 1801; x_wconf 69' lang='grc' dir='ltr'><strong><em>ἀναγωγὴν</em></strong></span> <span class='ocrx_word' id='word_1_201' title='bbox 914 1748 1077 1799; x_wconf 75' lang='grc' dir='ltr'><strong><em>ἕτοιμος</em></strong></span> <span class='ocrx_word' id='word_1_202' title='bbox 1087 1777 1100 1799; x_wconf 85' lang='grc'><strong><em>,</em></strong></span> <span class='ocrx_word' id='word_1_203' title='bbox 1137 1744 1260 1788; x_wconf 87' lang='grc' dir='ltr'><strong><em>κακὸν</em></strong></span> <span class='ocrx_word' id='word_1_204' title='bbox 1295 1747 1366 1789; x_wconf 74' lang='grc' dir='ltr'><strong><em>ἐπὶ</em></strong></span> <span class='ocrx_word' id='word_1_205' title='bbox 1408 1748 1519 1803; x_wconf 78' lang='grc' dir='ltr'><strong><em>κακῷ</em></strong></span> <span class='ocrx_word' id='word_1_206' title='bbox 1553 1762 1679 1802; x_wconf 89' lang='grc' dir='ltr'><strong><em>προσ-</em></strong></span> 
     </span>
    </p>
   </div>
   <div class='ocr_carea' id='block_1_3' title="bbox 323 1867 1679 2055">
    <p class='ocr_par' dir='ltr' id='par_1_3' title="bbox 323 1867 1679 2055">
     <span class='ocr_line' id='line_1_25' title="bbox 325 1867 1679 1916; baseline -0.001 -13"><span class='ocrx_word' id='word_1_207' title='bbox 325 1870 357 1903; x_wconf 89' lang='grc'><strong><em>8.</em></strong></span> <span class='ocrx_word' id='word_1_208' title='bbox 382 1867 479 1914; x_wconf 82' lang='grc' dir='ltr'><strong><em>πρὸς</em></strong></span> <span class='ocrx_word' id='word_1_209' title='bbox 504 1880 560 1902; x_wconf 90' lang='lat' dir='ltr'><strong><em>om</em></strong></span> <span class='ocrx_word' id='word_1_210' title='bbox 585 1870 624 1902; x_wconf 90' lang='lat' dir='ltr'><strong><em>A.</em></strong></span> <span class='ocrx_word' id='word_1_211' title='bbox 770 1880 820 1903; x_wconf 88' lang='grc' dir='ltr'><strong><em>ιο.</em></strong></span> <span class='ocrx_word' id='word_1_212' title='bbox 844 1869 1157 1916; x_wconf 67' lang='grc' dir='ltr'><strong><em>μοντεφαροῖντος</em></strong></span> <span class='ocrx_word' id='word_1_213' title='bbox 1174 1869 1211 1902; x_wconf 90' lang='grc' dir='ltr'><strong><em>Β.</em></strong></span> <span class='ocrx_word' id='word_1_214' title='bbox 1337 1871 1389 1905; x_wconf 82' lang='grc'><strong><em>13.</em></strong></span> <span class='ocrx_word' id='word_1_215' title='bbox 1418 1869 1616 1916; x_wconf 78' lang='grc' dir='ltr'><strong><em>δολοῖκρος</em></strong></span> <span class='ocrx_word' id='word_1_216' title='bbox 1640 1871 1679 1903; x_wconf 89' lang='grc' dir='ltr'><strong><em>Β,</em></strong></span> 
     </span>
     <span class='ocr_line' id='line_1_26' title="bbox 328 1909 1678 1964; baseline -0.001 -14"><span class='ocrx_word' id='word_1_217' title='bbox 328 1918 378 1950; x_wconf 81' lang='grc'><strong><em>16.</em></strong></span> <span class='ocrx_word' id='word_1_218' title='bbox 404 1916 655 1964; x_wconf 83' lang='grc' dir='ltr'><strong><em>ἱππαγωγῶν]</em></strong></span> <span class='ocrx_word' id='word_1_219' title='bbox 680 1916 828 1961; x_wconf 80' lang='grc' dir='ltr'><strong><em>ταρίδες</em></strong></span> <span class='ocrx_word' id='word_1_220' title='bbox 857 1917 1014 1962; x_wconf 83' lang='grc' dir='ltr'><strong><em>ἔχουσαι</em></strong></span> <span class='ocrx_word' id='word_1_221' title='bbox 1039 1909 1145 1953; x_wconf 75' lang='grc' dir='ltr'><strong><em>ἐντδς</em></strong></span> <span class='ocrx_word' id='word_1_222' title='bbox 1166 1915 1284 1960; x_wconf 83' lang='grc' dir='ltr'><strong><em>ἄλογα</em></strong></span> <span class='ocrx_word' id='word_1_223' title='bbox 1309 1917 1346 1947; x_wconf 92' lang='grc' dir='ltr'><strong><em>Β.</em></strong></span> <span class='ocrx_word' id='word_1_224' title='bbox 1494 1918 1543 1951; x_wconf 86' lang='lat'><strong><em>18.</em></strong></span> <span class='ocrx_word' id='word_1_225' title='bbox 1569 1919 1678 1962; x_wconf 80' lang='grc' dir='ltr'><strong><em>μεγί-</em></strong></span> 
     </span>
     <span class='ocr_line' id='line_1_27' title="bbox 324 1955 1678 2010; baseline 0.003 -15"><span class='ocrx_word' id='word_1_226' title='bbox 324 1972 424 1996; x_wconf 87' lang='grc' dir='ltr'><strong><em>στων</em></strong></span> <span class='ocrx_word' id='word_1_227' title='bbox 452 1973 510 1995; x_wconf 91' lang='lat' dir='ltr'><strong><em>om</em></strong></span> <span class='ocrx_word' id='word_1_228' title='bbox 534 1963 575 1997; x_wconf 91' lang='lat' dir='ltr'><strong><em>A.</em></strong></span> <span class='ocrx_word' id='word_1_229' title='bbox 669 1974 724 1998; x_wconf 81' lang='lat'><strong><em>20.</em></strong></span> <span class='ocrx_word' id='word_1_230' title='bbox 754 1963 893 2010; x_wconf 75' lang='grc' dir='ltr'><strong><em>σιδήρῳ</em></strong></span> <span class='ocrx_word' id='word_1_231' title='bbox 922 1974 979 1996; x_wconf 90' lang='lat' dir='ltr'><strong><em>om</em></strong></span> <span class='ocrx_word' id='word_1_232' title='bbox 1002 1963 1041 1996; x_wconf 86' lang='lat' dir='ltr'><strong><em>A.</em></strong></span> <span class='ocrx_word' id='word_1_233' title='bbox 1114 1973 1170 1998; x_wconf 78' lang='lat'><strong><em>22.</em></strong></span> <span class='ocrx_word' id='word_1_234' title='bbox 1195 1961 1378 2009; x_wconf 76' lang='grc' dir='ltr'><strong><em>μάλιστα]</em></strong></span> <span class='ocrx_word' id='word_1_235' title='bbox 1403 1957 1497 2009; x_wconf 72' lang='grc' dir='ltr'><strong><em>μετὰ</em></strong></span> <span class='ocrx_word' id='word_1_236' title='bbox 1523 1966 1599 1999; x_wconf 73' lang='grc' dir='ltr'><strong><em>τῶν</em></strong></span> <span class='ocrx_word' id='word_1_237' title='bbox 1624 1955 1678 1999; x_wconf 71' lang='grc' dir='ltr'><strong><em>ὦν</em></strong></span> 
     </span>
     <span class='ocr_line' id='line_1_28' title="bbox 323 2008 835 2055; baseline 0 -13"><span class='ocrx_word' id='word_1_238' title='bbox 323 2008 400 2053; x_wconf 82' lang='grc' dir='ltr'><strong><em>εἶχε</em></strong></span> <span class='ocrx_word' id='word_1_239' title='bbox 425 2008 687 2055; x_wconf 81' lang='grc' dir='ltr'><strong><em>τζαγρατόρων</em></strong></span> <span class='ocrx_word' id='word_1_240' title='bbox 711 2010 748 2042; x_wconf 91' lang='lat' dir='ltr'><strong><em>B.</em></strong></span> <span class='ocrx_word' id='word_1_241' title='bbox 831 2020 835 2024; x_wconf 82' lang='lat'>&#39;</span> 
     </span>
    </p>
   </div>
   <div class='ocr_carea' id='block_1_4' title="bbox 225 2110 1689 2807">
    <p class='ocr_par' dir='ltr' id='par_1_4' title="bbox 225 2110 1689 2807">
     <span class='ocr_line' id='line_1_29' title="bbox 233 2110 1676 2156; baseline 0.001 -14"><span class='ocrx_word' id='word_1_242' title='bbox 233 2115 342 2155; x_wconf 81' lang='lat' dir='ltr'><strong>caput</strong></span> <span class='ocrx_word' id='word_1_243' title='bbox 368 2110 670 2151; x_wconf 81' lang='lat' dir='ltr'><strong>redundaturum,</strong></span> <span class='ocrx_word' id='word_1_244' title='bbox 702 2112 732 2144; x_wconf 90' lang='lat' dir='ltr'><strong><em>si</em></strong></span> <span class='ocrx_word' id='word_1_245' title='bbox 769 2111 860 2156; x_wconf 84' lang='lat' dir='ltr'><strong>quid</strong></span> <span class='ocrx_word' id='word_1_246' title='bbox 893 2122 973 2144; x_wconf 89' lang='lat' dir='ltr'><strong>cum</strong></span> <span class='ocrx_word' id='word_1_247' title='bbox 1001 2111 1077 2145; x_wconf 87' lang='lat' dir='ltr'><strong>sola</strong></span> <span class='ocrx_word' id='word_1_248' title='bbox 1114 2123 1176 2145; x_wconf 87' lang='lat' dir='ltr'><strong><em>sua</em></strong></span> <span class='ocrx_word' id='word_1_249' title='bbox 1213 2116 1320 2156; x_wconf 84' lang='lat' dir='ltr'><strong>gente</strong></span> <span class='ocrx_word' id='word_1_250' title='bbox 1353 2115 1476 2144; x_wconf 79' lang='lat' dir='ltr'><strong>contra</strong></span> <span class='ocrx_word' id='word_1_251' title='bbox 1500 2111 1676 2144; x_wconf 86' lang='lat' dir='ltr'><strong>Romanos</strong></span> 
     </span>
     <span class='ocr_line' id='line_1_30' title="bbox 233 2157 1675 2202; baseline 0 -13"><span class='ocrx_word' id='word_1_252' title='bbox 233 2162 446 2197; x_wconf 87' lang='lat' dir='ltr'><strong>conaretur,</strong></span> <span class='ocrx_word' id='word_1_253' title='bbox 476 2157 520 2189; x_wconf 90' lang='lat' dir='ltr'><strong><em>de</em></strong></span> <span class='ocrx_word' id='word_1_254' title='bbox 547 2159 691 2191; x_wconf 82' lang='lat' dir='ltr'><strong>auxiliis</strong></span> <span class='ocrx_word' id='word_1_255' title='bbox 716 2158 868 2191; x_wconf 87' lang='lat' dir='ltr'><strong>aliorum</strong></span> <span class='ocrx_word' id='word_1_256' title='bbox 892 2157 1108 2191; x_wconf 84' lang='lat' dir='ltr'><strong>asciscendis</strong></span> <span class='ocrx_word' id='word_1_257' title='bbox 1135 2158 1268 2202; x_wconf 79' lang='lat' dir='ltr'>cogitat</span> <span class='ocrx_word' id='word_1_258' title='bbox 1291 2158 1501 2202; x_wconf 85' lang='lat' dir='ltr'><strong>arcanisque</strong></span> <span class='ocrx_word' id='word_1_259' title='bbox 1526 2168 1604 2189; x_wconf 91' lang='lat' dir='ltr'><strong>cum</strong></span> <span class='ocrx_word' id='word_1_260' title='bbox 1629 2157 1675 2190; x_wconf 83' lang='lat' dir='ltr'><strong><em>iis</em></strong></span> 
     </span>
     <span class='ocr_line' id='line_1_31' title="bbox 233 2203 1675 2248; baseline 0.001 -12"><span class='ocrx_word' id='word_1_261' title='bbox 233 2204 560 2244; x_wconf 84' lang='lat' dir='ltr'><strong>communicandis,</strong></span> <span class='ocrx_word' id='word_1_262' title='bbox 587 2215 676 2248; x_wconf 87' lang='lat' dir='ltr'><strong>quos</strong></span> <span class='ocrx_word' id='word_1_263' title='bbox 703 2209 809 2238; x_wconf 88' lang='lat' dir='ltr'><strong>norat</strong></span> <span class='ocrx_word' id='word_1_264' title='bbox 837 2205 1134 2238; x_wconf 82' lang='lat' dir='ltr'><strong>irreconciliabili</strong></span> <span class='ocrx_word' id='word_1_265' title='bbox 1160 2204 1244 2237; x_wconf 91' lang='lat' dir='ltr'><strong>odio</strong></span> <span class='ocrx_word' id='word_1_266' title='bbox 1271 2216 1291 2237; x_wconf 88' lang='lat' dir='ltr'><strong>a</strong></span> <span class='ocrx_word' id='word_1_267' title='bbox 1315 2204 1481 2237; x_wconf 82' lang='lat' dir='ltr'><strong>Romanis</strong></span> <span class='ocrx_word' id='word_1_268' title='bbox 1498 2203 1675 2237; x_wconf 81' lang='lat' dir='ltr'><strong>dissidere</strong></span> 
     </span>
     <span class='ocr_line' id='line_1_32' title="bbox 234 2249 1674 2296; baseline 0 -14"><span class='ocrx_word' id='word_1_269' title='bbox 234 2260 431 2294; x_wconf 86' lang='lat' dir='ltr'><strong>eorumque</strong></span> <span class='ocrx_word' id='word_1_270' title='bbox 461 2250 627 2283; x_wconf 81' lang='lat' dir='ltr'><strong>felicitati</strong></span> <span class='ocrx_word' id='word_1_271' title='bbox 651 2251 824 2284; x_wconf 84' lang='lat' dir='ltr'><strong>invidere.</strong></span> <span class='ocrx_word' id='word_1_272' title='bbox 845 2263 924 2284; x_wconf 87' lang='lat' dir='ltr'><strong>cum</strong></span> <span class='ocrx_word' id='word_1_273' title='bbox 950 2257 1070 2284; x_wconf 86' lang='lat' dir='ltr'><strong>autem</strong></span> <span class='ocrx_word' id='word_1_274' title='bbox 1096 2251 1213 2296; x_wconf 87' lang='lat' dir='ltr'><strong>ipsum</strong></span> <span class='ocrx_word' id='word_1_275' title='bbox 1231 2256 1373 2295; x_wconf 84' lang='lat' dir='ltr'><strong>tempus</strong></span> <span class='ocrx_word' id='word_1_276' title='bbox 1398 2249 1540 2283; x_wconf 87' lang='lat' dir='ltr'><strong>nobiles</strong></span> <span class='ocrx_word' id='word_1_277' title='bbox 1564 2260 1674 2294; x_wconf 87' lang='lat' dir='ltr'><strong>quos-</strong></span> 
     </span>
     <span class='ocr_line' id='line_1_33' title="bbox 232 2295 1673 2342; baseline -0.001 -13"><span class='ocrx_word' id='word_1_278' title='bbox 232 2297 313 2330; x_wconf 82' lang='lat' dir='ltr'><strong>dam</strong></span> <span class='ocrx_word' id='word_1_279' title='bbox 339 2295 546 2340; x_wconf 82' lang='lat' dir='ltr'><strong>toparchas,</strong></span> <span class='ocrx_word' id='word_1_280' title='bbox 573 2297 636 2341; x_wconf 86' lang='lat' dir='ltr'><strong><em>qui</em></strong></span> <span class='ocrx_word' id='word_1_281' title='bbox 662 2297 899 2330; x_wconf 80' lang='lat' dir='ltr'><strong>Palaestinam</strong></span> <span class='ocrx_word' id='word_1_282' title='bbox 921 2298 1037 2330; x_wconf 90' lang='lat' dir='ltr'><strong>visere</strong></span> <span class='ocrx_word' id='word_1_283' title='bbox 1063 2298 1279 2342; x_wconf 87' lang='lat' dir='ltr'><strong>cupiebant,</strong></span> <span class='ocrx_word' id='word_1_284' title='bbox 1304 2301 1432 2342; x_wconf 85' lang='lat' dir='ltr'><strong>sponte</strong></span> <span class='ocrx_word' id='word_1_285' title='bbox 1458 2295 1673 2337; x_wconf 88' lang='lat' dir='ltr'><strong>obtulisset,</strong></span> 
     </span>
     <span class='ocr_line' id='line_1_34' title="bbox 232 2341 1674 2377; baseline -0.001 -1"><span class='ocrx_word' id='word_1_286' title='bbox 232 2343 441 2376; x_wconf 87' lang='lat' dir='ltr'><strong>societatem</strong></span> <span class='ocrx_word' id='word_1_287' title='bbox 475 2348 511 2375; x_wconf 84' lang='lat' dir='ltr'><strong><em>et</em></strong></span> <span class='ocrx_word' id='word_1_288' title='bbox 534 2342 661 2376; x_wconf 90' lang='lat' dir='ltr'><strong>foedus</strong></span> <span class='ocrx_word' id='word_1_289' title='bbox 687 2355 767 2376; x_wconf 86' lang='lat' dir='ltr'><strong>cum</strong></span> <span class='ocrx_word' id='word_1_290' title='bbox 793 2344 845 2376; x_wconf 89' lang='lat' dir='ltr'><strong><em>eis</em></strong></span> <span class='ocrx_word' id='word_1_291' title='bbox 876 2349 999 2376; x_wconf 82' lang='lat' dir='ltr'><strong>contra</strong></span> <span class='ocrx_word' id='word_1_292' title='bbox 1027 2346 1203 2377; x_wconf 86' lang='lat' dir='ltr'><strong>Romanos</strong></span> <span class='ocrx_word' id='word_1_293' title='bbox 1229 2344 1312 2376; x_wconf 88' lang='lat' dir='ltr'><strong>coit.</strong></span> <span class='ocrx_word' id='word_1_294' title='bbox 1347 2347 1449 2375; x_wconf 87' lang='lat' dir='ltr'><strong>erant</strong></span> <span class='ocrx_word' id='word_1_295' title='bbox 1472 2342 1498 2374; x_wconf 92' lang='lat' dir='ltr'><strong><em>ii</em></strong></span> <span class='ocrx_word' id='word_1_296' title='bbox 1519 2341 1674 2376; x_wconf 82' lang='lat' dir='ltr'><strong>Montis-</strong></span> 
     </span>
     <span class='ocr_line' id='line_1_35' title="bbox 230 2388 1673 2430; baseline 0 -8"><span class='ocrx_word' id='word_1_297' title='bbox 230 2390 353 2423; x_wconf 79' lang='lat' dir='ltr'><strong>serrati</strong></span> <span class='ocrx_word' id='word_1_298' title='bbox 379 2388 535 2421; x_wconf 90' lang='lat' dir='ltr'><strong>marchio</strong></span> <span class='ocrx_word' id='word_1_299' title='bbox 559 2389 783 2430; x_wconf 71' lang='lat' dir='ltr'><strong>Bonifzmius,</strong></span> <span class='ocrx_word' id='word_1_300' title='bbox 813 2389 1004 2422; x_wconf 87' lang='lat' dir='ltr'><strong>Flandriae</strong></span> <span class='ocrx_word' id='word_1_301' title='bbox 1030 2401 1147 2423; x_wconf 90' lang='lat' dir='ltr'><strong>comes</strong></span> <span class='ocrx_word' id='word_1_302' title='bbox 1171 2389 1387 2429; x_wconf 81' lang='lat' dir='ltr'><strong>Bahluinus,</strong></span> <span class='ocrx_word' id='word_1_303' title='bbox 1415 2399 1532 2421; x_wconf 85' lang='lat' dir='ltr'><strong>comes</strong></span> <span class='ocrx_word' id='word_1_304' title='bbox 1558 2389 1673 2422; x_wconf 81' lang='lat' dir='ltr'><strong>sancti</strong></span> 
     </span>
     <span class='ocr_line' id='line_1_36' title="bbox 229 2434 1673 2480; baseline -0.001 -11"><span class='ocrx_word' id='word_1_305' title='bbox 229 2436 331 2470; x_wconf 84' lang='lat' dir='ltr'><strong>Pauli</strong></span> <span class='ocrx_word' id='word_1_306' title='bbox 361 2435 507 2476; x_wconf 86' lang='lat' dir='ltr'><strong>Ericus,</strong></span> <span class='ocrx_word' id='word_1_307' title='bbox 533 2435 634 2469; x_wconf 86' lang='lat' dir='ltr'><strong>Pleae</strong></span> <span class='ocrx_word' id='word_1_308' title='bbox 657 2447 773 2469; x_wconf 89' lang='lat' dir='ltr'><strong>comes</strong></span> <span class='ocrx_word' id='word_1_309' title='bbox 802 2436 994 2477; x_wconf 87' lang='lat' dir='ltr'><strong>Doloicus,</strong></span> <span class='ocrx_word' id='word_1_310' title='bbox 1028 2442 1064 2469; x_wconf 91' lang='lat' dir='ltr'><strong><em>et</em></strong></span> <span class='ocrx_word' id='word_1_311' title='bbox 1089 2436 1152 2469; x_wconf 86' lang='lat' dir='ltr'><strong>alii</strong></span> <span class='ocrx_word' id='word_1_312' title='bbox 1176 2435 1375 2480; x_wconf 83' lang='lat' dir='ltr'><strong>complures</strong></span> <span class='ocrx_word' id='word_1_313' title='bbox 1403 2434 1555 2468; x_wconf 85' lang='lat' dir='ltr'><strong>audaces</strong></span> <span class='ocrx_word' id='word_1_314' title='bbox 1591 2435 1673 2468; x_wconf 81' lang='lat' dir='ltr'><strong>bel-</strong></span> 
     </span>
     <span class='ocr_line' id='line_1_37' title="bbox 229 2481 1670 2527; baseline -0.001 -12"><span class='ocrx_word' id='word_1_315' title='bbox 229 2484 363 2516; x_wconf 80' lang='lat' dir='ltr'><strong>latores</strong></span> <span class='ocrx_word' id='word_1_316' title='bbox 389 2487 426 2515; x_wconf 85' lang='lat' dir='ltr'><strong><em>et</em></strong></span> <span class='ocrx_word' id='word_1_317' title='bbox 450 2487 586 2515; x_wconf 81' lang='lat' dir='ltr'><strong>statura</strong></span> <span class='ocrx_word' id='word_1_318' title='bbox 612 2483 683 2515; x_wconf 89' lang='lat' dir='ltr'><strong>suis</strong></span> <span class='ocrx_word' id='word_1_319' title='bbox 708 2482 820 2515; x_wconf 87' lang='lat' dir='ltr'><strong>hastis</strong></span> <span class='ocrx_word' id='word_1_320' title='bbox 847 2482 1108 2527; x_wconf 85' lang='lat' dir='ltr'><strong>propemodum</strong></span> <span class='ocrx_word' id='word_1_321' title='bbox 1127 2493 1242 2527; x_wconf 85' lang='lat' dir='ltr'><strong>pares.</strong></span> <span class='ocrx_word' id='word_1_322' title='bbox 1268 2482 1377 2525; x_wconf 88' lang='lat' dir='ltr'><strong>igitur</strong></span> <span class='ocrx_word' id='word_1_323' title='bbox 1401 2486 1478 2515; x_wconf 89' lang='lat' dir='ltr'><strong>toto</strong></span> <span class='ocrx_word' id='word_1_324' title='bbox 1510 2481 1670 2515; x_wconf 86' lang='lat' dir='ltr'><strong>triennio</strong></span> 
     </span>
     <span class='ocr_line' id='line_1_38' title="bbox 229 2528 1670 2573; baseline -0.001 -11"><span class='ocrx_word' id='word_1_325' title='bbox 229 2529 393 2563; x_wconf 86' lang='lat' dir='ltr'><strong>Venetiis</strong></span> <span class='ocrx_word' id='word_1_326' title='bbox 417 2529 612 2562; x_wconf 85' lang='lat' dir='ltr'><strong>fabricatae</strong></span> <span class='ocrx_word' id='word_1_327' title='bbox 640 2535 725 2562; x_wconf 89' lang='lat' dir='ltr'><strong>sunt</strong></span> <span class='ocrx_word' id='word_1_328' title='bbox 755 2529 889 2562; x_wconf 87' lang='lat' dir='ltr'><strong>celeres</strong></span> <span class='ocrx_word' id='word_1_329' title='bbox 924 2539 1032 2561; x_wconf 87' lang='lat' dir='ltr'><strong>naves</strong></span> <span class='ocrx_word' id='word_1_330' title='bbox 1066 2534 1250 2573; x_wconf 86' lang='lat' dir='ltr'><strong>equestres</strong></span> <span class='ocrx_word' id='word_1_331' title='bbox 1285 2528 1362 2568; x_wconf 88' lang='lat' dir='ltr'><strong><em>CX,</em></strong></span> <span class='ocrx_word' id='word_1_332' title='bbox 1397 2538 1504 2561; x_wconf 85' lang='lat' dir='ltr'><strong>naves</strong></span> <span class='ocrx_word' id='word_1_333' title='bbox 1541 2528 1670 2572; x_wconf 82' lang='lat' dir='ltr'><strong>longae</strong></span> 
     </span>
     <span class='ocr_line' id='line_1_39' title="bbox 230 2574 1671 2620; baseline -0.001 -11"><span class='ocrx_word' id='word_1_334' title='bbox 230 2576 303 2609; x_wconf 88' lang='lat' dir='ltr'><strong><em>LX.</em></strong></span> <span class='ocrx_word' id='word_1_335' title='bbox 326 2574 502 2609; x_wconf 83' lang='lat' dir='ltr'><strong>rotundae</strong></span> <span class='ocrx_word' id='word_1_336' title='bbox 531 2575 624 2608; x_wconf 85' lang='lat' dir='ltr'><strong>ultra</strong></span> <span class='ocrx_word' id='word_1_337' title='bbox 649 2575 740 2608; x_wconf 88' lang='lat' dir='ltr'><strong><em>LXX</em></strong></span> <span class='ocrx_word' id='word_1_338' title='bbox 764 2580 849 2608; x_wconf 86' lang='lat' dir='ltr'><strong>sunt</strong></span> <span class='ocrx_word' id='word_1_339' title='bbox 874 2580 1036 2615; x_wconf 85' lang='lat' dir='ltr'><strong>coactae,</strong></span> <span class='ocrx_word' id='word_1_340' title='bbox 1061 2586 1211 2620; x_wconf 86' lang='lat' dir='ltr'><strong>quarum</strong></span> <span class='ocrx_word' id='word_1_341' title='bbox 1236 2585 1308 2607; x_wconf 88' lang='lat' dir='ltr'><strong><em>una</em></strong></span> <span class='ocrx_word' id='word_1_342' title='bbox 1332 2574 1378 2607; x_wconf 91' lang='lat' dir='ltr'><strong><em>ob</em></strong></span> <span class='ocrx_word' id='word_1_343' title='bbox 1404 2574 1579 2618; x_wconf 87' lang='lat' dir='ltr'><strong>insignem</strong></span> <span class='ocrx_word' id='word_1_344' title='bbox 1595 2585 1671 2607; x_wconf 81' lang='lat' dir='ltr'><strong>ma-</strong></span> 
     </span>
     <span class='ocr_line' id='line_1_40' title="bbox 229 2621 1689 2667; baseline -0.001 -12"><span class='ocrx_word' id='word_1_345' title='bbox 229 2622 454 2667; x_wconf 78' lang='lat' dir='ltr'><strong>gnitudinem</strong></span> <span class='ocrx_word' id='word_1_346' title='bbox 469 2621 624 2655; x_wconf 85' lang='lat' dir='ltr'><strong>Mundus</strong></span> <span class='ocrx_word' id='word_1_347' title='bbox 651 2621 695 2654; x_wconf 89' lang='lat' dir='ltr'><strong>ab</strong></span> <span class='ocrx_word' id='word_1_348' title='bbox 721 2622 771 2655; x_wconf 86' lang='lat' dir='ltr'><strong><em>eis</em></strong></span> <span class='ocrx_word' id='word_1_349' title='bbox 798 2621 1059 2666; x_wconf 80' lang='lat' dir='ltr'><strong>appellabatur.</strong></span> <span class='ocrx_word' id='word_1_350' title='bbox 1087 2632 1146 2654; x_wconf 86' lang='lat' dir='ltr'><strong><em>eas</em></strong></span> <span class='ocrx_word' id='word_1_351' title='bbox 1164 2632 1271 2654; x_wconf 87' lang='lat' dir='ltr'><strong>naves</strong></span> <span class='ocrx_word' id='word_1_352' title='bbox 1289 2621 1486 2654; x_wconf 80' lang='lat' dir='ltr'><strong>constituto</strong></span> <span class='ocrx_word' id='word_1_353' title='bbox 1508 2622 1689 2665; x_wconf 84' lang='lat' dir='ltr'><strong>tempore&#39;</strong></span> 
     </span>
     <span class='ocr_line' id='line_1_41' title="bbox 231 2667 1670 2713; baseline -0.002 -11"><span class='ocrx_word' id='word_1_354' title='bbox 231 2669 517 2702; x_wconf 84' lang='lat' dir='ltr'><strong>conscenderunt</strong></span> <span class='ocrx_word' id='word_1_355' title='bbox 542 2669 681 2713; x_wconf 81' lang='lat' dir='ltr'><strong>equites</strong></span> <span class='ocrx_word' id='word_1_356' title='bbox 707 2667 925 2713; x_wconf 80' lang='lat' dir='ltr'><strong>cataphracti</strong></span> <span class='ocrx_word' id='word_1_357' title='bbox 951 2668 1007 2709; x_wconf 88' lang='lat' dir='ltr'><strong><em>M,</em></strong></span> <span class='ocrx_word' id='word_1_358' title='bbox 1030 2668 1159 2701; x_wconf 88' lang='lat' dir='ltr'><strong>scutati</strong></span> <span class='ocrx_word' id='word_1_359' title='bbox 1184 2668 1339 2709; x_wconf 83' lang='lat' dir='ltr'><strong>XXXM,</strong></span> <span class='ocrx_word' id='word_1_360' title='bbox 1366 2667 1532 2713; x_wconf 85' lang='lat' dir='ltr'><strong>plurimis</strong></span> <span class='ocrx_word' id='word_1_361' title='bbox 1554 2677 1670 2700; x_wconf 87' lang='lat' dir='ltr'><strong>armo-</strong></span> 
     </span>
     <span class='ocr_line' id='line_1_42' title="bbox 228 2713 1668 2760; baseline -0.001 -12"><span class='ocrx_word' id='word_1_362' title='bbox 228 2727 308 2759; x_wconf 71' lang='lat' dir='ltr'><strong><em>rum</em></strong></span> <span class='ocrx_word' id='word_1_363' title='bbox 334 2715 524 2760; x_wconf 85' lang='lat' dir='ltr'><strong>generibus</strong></span> <span class='ocrx_word' id='word_1_364' title='bbox 551 2715 736 2756; x_wconf 87' lang='lat' dir='ltr'><strong>instructi,</strong></span> <span class='ocrx_word' id='word_1_365' title='bbox 770 2714 833 2748; x_wconf 86' lang='lat' dir='ltr'><strong><em>sed</em></strong></span> <span class='ocrx_word' id='word_1_366' title='bbox 865 2715 1029 2760; x_wconf 83' lang='lat' dir='ltr'><strong>plerique</strong></span> <span class='ocrx_word' id='word_1_367' title='bbox 1061 2719 1319 2758; x_wconf 82' lang='lat' dir='ltr'><strong>zagrotoxotae.</strong></span> <span class='ocrx_word' id='word_1_368' title='bbox 1359 2715 1471 2747; x_wconf 85' lang='lat' dir='ltr'><strong>classe</strong></span> <span class='ocrx_word' id='word_1_369' title='bbox 1497 2713 1542 2746; x_wconf 85' lang='lat' dir='ltr'><strong>ad</strong></span> <span class='ocrx_word' id='word_1_370' title='bbox 1571 2725 1668 2746; x_wconf 83' lang='lat' dir='ltr'><strong>oram</strong></span> 
     </span>
     <span class='ocr_line' id='line_1_43' title="bbox 225 2760 1667 2807; baseline -0.002 -10"><span class='ocrx_word' id='word_1_371' title='bbox 225 2762 438 2798; x_wconf 57' lang='lat' dir='ltr'><strong>solvendam</strong></span> <span class='ocrx_word' id='word_1_372' title='bbox 462 2767 608 2807; x_wconf 84' lang='lat' dir='ltr'><strong>parata,</strong></span> <span class='ocrx_word' id='word_1_373' title='bbox 634 2762 768 2796; x_wconf 83' lang='lat' dir='ltr'><strong>malum</strong></span> <span class='ocrx_word' id='word_1_374' title='bbox 791 2761 885 2796; x_wconf 83' lang='lat' dir='ltr'><strong>malo</strong></span> <span class='ocrx_word' id='word_1_375' title='bbox 913 2761 1115 2796; x_wconf 80' lang='lat' dir='ltr'><strong>cumulatur</strong></span> <span class='ocrx_word' id='word_1_376' title='bbox 1139 2766 1175 2796; x_wconf 88' lang='lat' dir='ltr'><strong><em>et</em></strong></span> <span class='ocrx_word' id='word_1_377' title='bbox 1206 2761 1334 2796; x_wconf 82' lang='lat' dir='ltr'><strong>fluctus</strong></span> <span class='ocrx_word' id='word_1_378' title='bbox 1373 2760 1520 2795; x_wconf 86' lang='lat' dir='ltr'><strong>fluctum</strong></span> <span class='ocrx_word' id='word_1_379' title='bbox 1543 2765 1667 2804; x_wconf 79' lang='lat' dir='ltr'><strong>urget,</strong></span> 
     </span>
    </p>
   </div>
  </div>
 </body>
</html>
