1878 3230
285 165 395 240 578
700 182 925 225 melma
964 179 1273 225 cnon-imm:

281 280 320 323 οἶ
361 282 416 323 δι’
450 280 613 321 ἐκείνων
651 279 851 334 εἰσελθεῖν
886 277 1130 332 πειρώμενοι
1169 276 1347 334 ἐῴκεσαν
1384 278 1585 332 ἀτεχνῶς,
1626 275 1689 323 ὅτι

151 354 185 388 Ρ.
201 353 266 386 28²
277 347 378 400 μηδ’
403 342 453 398 ἤν
486 342 507 384 ὅ
534 346 616 386 κατ’
647 345 804 393 ἐκείνας
839 343 894 400 τῷ
936 341 1125 397 κρούοντι
1170 340 1412 396 ὑπανοίγων.
1466 344 1506 384 εἰ
1545 345 1592 385 δέ
1628 358 1696 393 τις*

276 408 357 462 ὀψέ
381 422 477 450 ποτε
505 407 577 450 διά
605 411 679 462 τῆς
704 410 784 451 τῶν
812 409 951 449 πυλῶν
980 406 1231 460 συμμύσεως
1261 412 1346 454 τοῖς
1371 408 1608 459 ἐπιμένουσι
1634 409 1692 464 τῷ

274 472 438 529 κρούειν
462 474 751 525 ἑπαπταίνετο,
780 473 904 514 οὐδὲν
935 474 1076 525 μέντοι
1103 470 1207 524 πρὸς
1237 471 1312 526 τῆν
1346 472 1490 513 πεῦσιν
1527 471 1692 526 ἀπεκρί-

274 552 389 590 νετο,
419 535 465 578 τὸ
503 539 543 578 δ’
577 538 770 579 ἀπελθεῖν
808 539 1007 590 εἰσηγεῖτο
1049 535 1152 578 κατὰ
1188 534 1264 589 τήν
1307 534 1575 590 παραπυλίδα
1618 535 1735 590 τῆν5<

273 602 461 656 πλάγιον.
514 598 606 643 οὔδ’
634 603 786 656 ἐκείνης
814 596 863 656 ἦν
888 603 1054 655 ειῖμαρῆ
1093 599 1166 654 τήν
1192 599 1351 643 εἴσοδον
1390 596 1600 655 εὕρασθαι
1632 599 1703 655 μὴ

273 665 554 719 καταθέμενόν
584 682 623 708 τι
659 668 742 707 τῶν
769 668 813 708 ἐν
850 668 907 722 τῷ
942 664 1078 722 κόλπῳ
1115 662 1145 719 ἢ
1185 664 1259 720 τήν
1298 665 1403 707 οἴκοι
1442 662 1694 718 ἀποδόμενον

273 733 470 773 δίπλακα.
526 730 783 784 συνεμάχετο
824 731 870 771 δὲ
905 732 963 787 τῷ
998 731 1297 785 παιδιογέροντι
1335 726 1467 787 τούτῳ
1504 727 1609 784 πρὸς
1647 727 1692 770 τὸ

271 795 595 851 ὕπερφιλεΐσθαι
622 794 736 850 παρὰ
766 797 842 836 τοῦ
869 794 1168 850 αὐτοκράτορος
1205 792 1279 837 καί
1312 791 1371 844 εἷς
1411 791 1504 836 dmi
1540 793 1695 842 παντὸς

271 853 509 914 λογίζεσθαι
536 859 580 901 τό
609 875 654 901 τε
681 855 786 914 ἦθος
814 858 1056 914 σοφιστικὸν
1082 858 1154 901 καί
1179 858 1426 914 εὐτράπελον
1454 855 1502 901 ὃν
1530 860 1574 901 ἐν
1613 863 1694 907 τοῖς
1711 873 1759 900 ιο

271 925 608 980 παρεμπίπτουσι
641 923 882 978 πράγμασι,
928 925 1001 964 καί
1039 923 1083 966 τό
1133 925 1343 973 πολυειδὲς
1382 922 1584 972 ὡσαύτως
1624 925 1696 977 τῆς

271 988 433 1043 γνώμης
461 989 534 1030 καί
551 984 724 1044 ὕφαλον,
752 987 843 1030 ἐπεὶ
869 990 941 1029 καί
964 988 1178 1043 κατηγόρει
1199 989 1333 1030 ταῦτα
1359 986 1385 1042 ἦ
1415 990 1497 1030 τῶν
1524 987 1697 1044 ὀφρύων

273 1051 443 1107 γραμμὴ
481 1053 656 1106 συνεχὴς
690 1059 846 1108 φυεῐσα
883 1052 956 1094 καί
991 1055 1123 1107 μηδὲν
1155 1069 1196 1094 τι
1236 1054 1483 1106 μεταίχμιον
1526 1051 1695 1106 ἔχουσα.

239 1117 345 1161 Βέπί
370 1120 490 1158 πλέον
518 1119 558 1159 δ’
584 1119 713 1159 ἐποίει
743 1117 865 1159 αὐτὸν
897 1119 1142 1171 ἀγαπᾶσθαι
1171 1120 1243 1159 καί
1275 1119 1533 1160 οἰκειοῦσθαι
1559 1116 1585 1170 ἦ
1614 1119 1698 1157 τῶν

276 1184 502 1234 διδομένων
531 1178 646 1237 αὐτῷ
673 1182 787 1236 παρά
814 1198 935 1224 τινων
959 1181 1063 1236 πρὸς
1091 1181 1164 1224 τὸν
1196 1184 1371 1235 βασιλέα
1401 1179 1599 1230 ἀπόδοσις
1627 1183 1698 1223 καί
1714 1183 1761 1240 15

270 1245 317 1290 ‘td
347 1245 571 1300 ἐμπορικὸν
602 1246 797 1301 φρόνημα
824 1249 897 1288 καί
931 1246 953 1287 ὅ
983 1245 1260 1302 ὖπερὰπειρος
1286 1243 1591 1301 λημματισμός·
1646 1245 1704 1287 οὐ

270 1310 350 1365 γὰρ
378 1309 507 1363 μόνον
534 1317 618 1360 τοῖς
645 1313 687 1362 ἐξ
714 1309 815 1365 ὕλης
852 1314 1044 1360 παντοίας
1081 1314 1303 1366 στατῆρσιν
1345 1310 1699 1364 ἐνσκολιευόμενος

273 1375 454 1430 ὖφεῑρπε
485 1375 557 1415 καί
586 1376 779 1428 ἑνήδρευε
807 1382 892 1421 τοῖς
918 1375 1022 1426 πρὸς
1052 1375 1238 1428 δίαιταν,
1270 1374 1375 1417 α’λλοὶ
1405 1377 1478 1417 καί
1501 1374 1699 1422 ποτάνοις

274 1438 466 1482 ἐνελύττα
493 1437 565 1479 καί
591 1438 772 1490 ἐνέχαινε
800 1439 948 1479 πέποσι
974 1435 1047 1479 καί
1071 1439 1239 1490 σύμπαν
1267 1436 1366 1480 ἄλλο
1393 1439 1698 1494 περιειργάζετο

275 1505 348 1558 τῆς
374 1504 445 1557 γῆς
478 1501 631 1557 ὥραΐον
658 1500 876 1554 ἐδώδιμον.
1709 1521 1761 1548 20

379 1568 491 1609 Ἀλλ’
520 1568 765 1608 ἐπανακτέον
792 1566 863 1608 τὸν
891 1566 1009 1620 λόγον
1037 1565 1340 1619 ἐκτραπόμενον
1365 1569 1440 1608 τοῦ
1467 1565 1607 1621 ἴχνους
1631 1570 1698 1624 ἐφ’

275 1631 379 1688 ὅπερ
418 1629 610 1687 ὥρμησεν
637 1633 681 1681 ἐξ
713 1633 856 1688 α’ρχῆς.
911 1630 964 1673 τά
993 1633 1033 1673 δ’
1054 1633 1122 1687 ἐφ’
1150 1628 1245 1674 ὅσον
1269 1630 1458 1687 ἐνεδήμει
1482 1633 1629 1688 χρόνον
1647 1634 1700 1690 τῇ

367 1743 401 1776 6
426 1737 479 1787 ιιη“
504 1739 760 1794 καταθέμενόν
782 1739 832 1795 τι]
873 1741 906 1773 εἰ
942 1735 994 1786 μὴ
1029 1736 1091 1774 dui
1122 1738 1253 1785 δώρων
1290 1741 1449 1785 χρυσίου
1482 1741 1545 1774 καὶ
1573 1739 1698 1784 ἑτέρας

368 1773 455 1829 ὕλης
475 1786 694 1843 χαριστικῆς
719 1789 753 1819 Β.
774 1798 823 1829 μη
854 1797 911 1819 om
933 1789 973 1820 A.
1089 1790 1120 1822 8.
1145 1786 1478 1840 παιδαριογέροντι
1502 1788 1537 1819 Β.
1647 1797 1698 1819 12.

368 1833 450 1867 ἐπεὶ
484 1835 548 1865 καὶ
581 1825 654 1867 οἷπὸ
692 1836 754 1874 τῆς
778 1835 938 1875 θεωρίας
958 1835 1129 1870 τοιοῦτος
1152 1834 1346 1887 ἐφαίνετο,
1371 1827 1414 1865 τὰ
1451 1832 1492 1867 δὲ
1529 1831 1699 1877 ὀφρύδια

370 1879 488 1912 αύτοῠ
513 1879 652 1924 ἔγεμον
675 1881 816 1934 τριχων
839 1879 876 1917 ἐξ
900 1878 1118 1923 ὁλοκλήρου,
1145 1892 1193 1925 μη
1214 1879 1348 1923 ἔχοντα
1372 1879 1618 1913 ὑποκάτωθεν
1631 1878 1696 1912 τοῦ

368 1925 544 1970 μετωπου
567 1927 686 1978 μέσον
709 1924 791 1959 τινὰ
817 1925 1024 1980 χωρισμόν.
1057 1926 1091 1957 Β.
1235 1927 1285 1969 ι4-
1313 1925 1430 1960 πλέον
1465 1924 1506 1960 δὲ
1534 1924 1699 1970 μάλιστα

371 1973 605 2015 προσωκείου
629 1970 679 2004 τῶ
703 1972 850 2014 βασιλεῖ
872 1965 912 2004 τό
944 1971 1028 2017 ἐμπ

281 2073 413 2104 intrare
437 2069 680 2112 conabantur,
706 2072 812 2116 plane
840 2070 947 2104 fatuis
973 2071 1045 2104 illis
1070 2071 1265 2114 virginibus
1294 2076 1394 2105 erant
1418 2071 1574 2112 similes,
1603 2071 1700 2116 quod

281 2128 385 2151 nemo
414 2123 490 2149 erat
517 2118 579 2162 qui
600 2117 653 2150 ibi
669 2117 894 2162 pulsantibus
919 2118 1082 2161 aperiret.
1107 2118 1136 2149 si
1158 2118 1237 2162 quis
1263 2128 1345 2150 vero
1363 2129 1427 2163 per
1444 2118 1547 2151 rimas
1570 2118 1700 2151 forium

282 2164 326 2196 iis
350 2163 561 2195 cernebatur
590 2164 650 2207 qui
675 2164 816 2207 pulsare
841 2175 912 2196 non
938 2163 1179 2203 desistebant,
1206 2164 1345 2196 nullum
1373 2169 1491 2196 tamen
1519 2163 1618 2196 aliud
1643 2173 1700 2196 re·-

283 2220 450 2253 sponsum
475 2209 699 2253 accipiebant
721 2210 791 2242 nisi
817 2215 856 2242 ut
880 2210 1039 2252 exiguam
1069 2216 1106 2242 et
1129 2209 1311 2253 obliquum
1333 2210 1511 2254 portulam
1540 2208 1701 2250 adirent;

284 2266 325 2287 ac
349 2265 393 2286 ne
418 2255 470 2286 ibi
489 2255 634 2299 quidem
658 2255 806 2299 patebat
820 2256 995 2298 ingressus
1017 2256 1087 2288 nisi
1100 2255 1306 2288 muneribus
1330 2255 1536 2299 aperiretur,
1561 2255 1702 2287 etiamsi

283 2300 391 2335 vestis
417 2301 603 2334 vendenda
626 2306 729 2334 esset.
755 2306 796 2334 ut
825 2308 942 2334 autem
966 2312 1074 2334 senex
1097 2302 1165 2334 iste
1188 2312 1276 2344 puer
1297 2301 1487 2344 plurimum
1520 2301 1564 2333 ab
1589 2301 1703 2345 impe-

285 2353 402 2380 ratore
425 2346 633 2389 diligeretur
658 2353 694 2379 et
718 2348 814 2380 solus
838 2348 870 2379 ei
895 2353 988 2380 esset
1012 2348 1123 2380 instar
1147 2346 1323 2386 omnium,
1347 2346 1384 2378 id
1407 2352 1483 2378 tum
1507 2346 1702 2391 sophistico

287 2399 325 2426 et
351 2393 466 2424 faceto
493 2403 531 2424 ac
556 2398 720 2436 prompto
744 2394 908 2437 ingen105
933 2399 1007 2425 tum
1035 2394 1152 2425 animo
1181 2392 1320 2424 occulto
1350 2397 1387 2425 et
1404 2392 1553 2425 obscuro
1578 2404 1703 2425 conse-

288 2438 482 2484 quebatur,
509 2437 606 2481 quod
633 2437 769 2471 hirsuta
793 2417 983 2482 supet-bilia
1016 2444 1052 2471 et
1088 2439 1187 2470 iuxta
1223 2448 1346 2470 nasum
1373 2439 1474 2470 nullo
1507 2439 1702 2471 interstitio

289 2485 456 2518 distincta
482 2483 686 2527 arguebant.
713 2484 775 2516 sed
805 2486 955 2516 maxime
978 2484 1069 2516 illud
1095 2485 1128 2516 ei
1155 2483 1412 2524 commodabat,
1437 2484 1533 2528 quod
1556 2495 1702 2516 munera

289 2531 358 2565 sibi
381 2530 426 2562 ab
449 2529 529 2561 aliis
555 2529 675 2562 oblata
697 2529 903 2573 imperatori
919 2530 1140 2562 restituebat.
1164 2535 1240 2562 erat
1261 2530 1354 2562 enim
1380 2530 1469 2563 adeo
1491 2530 1703 2562 mercatorio

290 2577 454 2622 ingenio,
490 2580 561 2608 tam
589 2575 801 2619 inexplebili
829 2575 1026 2620 accipiendi
1057 2576 1148 2608 fame
1176 2575 1368 2629 flagrabat,
1407 2581 1446 2609 ut
1473 2586 1545 2609 non
1579 2584 1704 2608 aurum

290 2629 327 2656 et
352 2627 466 2654 vestes
494 2620 666 2653 duntaxat
691 2622 889 2674 acciperet,
914 2621 977 2654 sed
1001 2627 1037 2654 et
1061 2622 1130 2654 alia
1153 2622 1315 2663 minuta,
1338 2633 1451 2667 usque
1479 2622 1524 2654 ad
1546 2632 1703 2667 pepones

292 2676 328 2704 et
353 2673 489 2701 caetera
514 2667 694 2699 esculenta
720 2673 756 2700 et
778 2667 891 2700 omnis
921 2668 1057 2711 generis
1085 2678 1198 2712 poma.

386 2713 456 2747 Sed
483 2712 528 2746 ad
553 2713 756 2748 institutum
781 2713 1001 2748 redeundum
1031 2719 1102 2755 est,
1136 2719 1173 2748 et
1196 2714 1308 2749 multa
1335 2725 1378 2749 ex
1402 2714 1545 2761 paucis,
1570 2718 1612 2747 ut
1638 2713 1705 2747 im·
