1838 3210
238 145 346 202 272
665 139 893 181 ΝιοΕΤΑΕ
938 136 1246 179 cHoNJATAE

236 243 338 293 διιός
363 242 423 296 μή
455 242 609 284 έσεῖται
639 239 767 291 μέσος
805 234 983 292 ληφθεὶς
1023 232 1080 284 ὥς
1118 234 1282 290 χαίρων
1319 231 1376 286 οἷς
1406 239 1664 297 διεβέβλητο,

235 307 380 363 ἑτέραν
407 303 604 359 ἐτράπετο
630 298 681 356 ἧς
708 301 747 343 οῖ
776 302 820 352 ἐξ
845 302 1020 354 αἵματος
1049 301 1189 356 ἐκείνῳ
1221 298 1434 354 ε’βάδισαν,

348 374 389 426 4.
450 369 620 421 Θεσμοῦ
653 368 699 409 δὲ
726 365 840 422 παροὶ
870 365 1094 419 Ῥωμαίοις
1126 367 1340 419 κειμένου,
1377 362 1492 420 οἶμαι
1524 369 1571 411 δὲ
1596 369 1670 413 καὶ

235 436 348 492 παρὰ
394 432 626 489 βαρβάροις
677 433 817 480 αὐτοῖς
847 431 1115 485 κρατοῦντος,
1143 430 1310 483 ὄψώνια
1335 437 1420 481 τοῖς
1443 448 1668 488 στρατευο-

192 505 374 556 Βμένοις
394 499 669 552 παρέχεσθαι,
697 498 770 539 καί
793 495 951 538 τούτων
978 497 1174 544 πολλάκις
1199 494 1363 548 ἔκταξιν
1386 499 1602 552 γίνεσθαι,
1631 499 1672 542 εἰ
1681 506 1705 548 5

235 567 503 616 εὐοπλοῦσιν,
546 564 586 604 εἰ
609 563 690 605 τῶν
736 561 872 603 ἵππων
921 557 1245 616 ἐπιμεμέληνται
1261 594 1273 615 ,
1317 560 1421 604 οἴλλά
1458 562 1531 605 καί
1572 562 1671 613 τούς

235 631 385 675 νεωστί
432 629 781 684 στρατευομένους
817 625 1014 683 πρότερον
1051 627 1339 681 ἐξετάζεσθαι,
1377 629 1418 670 εἰ
1453 629 1671 684 εὐρώστως

237 694 385 750 ἔχουσι
416 696 504 736 ’τῶν
534 692 764 746 σωμάτων,
797 693 837 735 εἰ
861 690 990 743 τόξων
1014 694 1118 734 εἰσίν
1163 692 1402 747 εἰδήμονες,
1433 695 1474 735 εἰ
1497 695 1670 749 κραδαί-

235 776 321 803 νειν
354 757 458 813 δόρυ
478 757 735 814 ἐπήσκησαν,
765 753 846 798 εἶθ’
871 755 980 798 οὕτω
1002 762 1088 805 τοῖς
1107 757 1346 811 καταλόγοις
1370 757 1671 815 ἐγγράφεσθαι,

235 825 259 866 ὅ
291 824 489 879 βασιλεῦς
534 818 656 872 οὗτος
688 820 739 864 τοὶ
776 828 862 871 τοῖς
898 821 1174 876 στρατιώταις
1212 821 1409 876 διδόμενα
1451 825 1668 879 σιτηρέσια
1689 844 1734 870 ιο

235 889 292 940 ὥς
323 892 394 938 ..εἰς
431 887 658 943 δεξαμενὴν
683 884 802 942 ὕδωρ
845 885 897 929 τοὶ
919 892 1087 940 ταμιεῖα
1129 887 1320 941 συσχών,
1349 889 1440 930 ἰιῖτο
1469 887 1514 930 τὸ
1547 887 1671 942 δίψος

235 957 317 998 τῶν
341 952 664 1010 στρατευμάτων
694 958 786 1001 ταῖς
824 955 1063 1007 λεγομέναις
1105 954 1188 995 τῶν
1237 955 1445 1009 παροίκων
1473 956 1671 1008 δωρεαῖς,

236 1019 342 1079 ἔργῳ
369 1017 734 1075 καταχρησάμενος
777 1017 892 1074 παρὰ
922 1020 1003 1060 τῶν
1032 1016 1175 1073 πρώην
1203 1019 1470 1076 ἕφευρημένῳ
1501 1021 1671 1074 βασιλέ-

237 1103 295 1128 ων
322 1087 394 1128 καί
419 1087 601 1131 σπανίως
640 1086 715 1126 ἐπί
733 1100 818 1126 τισι
858 1085 1061 1141 γινομένῳ
1093 1082 1191 1133 τούς
1227 1086 1447 1137 πολεμίους
1477 1084 1674 1133 πολλάκις

236 1148 507 1206 συγκόψασιν.
536 1147 688 1191 ἔλαθεν
715 1143 790 1190 οὖν
816 1149 1010 1190 ἐντεῦθεν
1037 1151 1109 1190 καί
1134 1146 1180 1189 τὸ
1206 1148 1502 1204 στρατιωτικὸν
1525 1148 1739 1197 circuni-15

238 1231 359 1271 τερον
397 1212 676 1271 ἐργασάμενος
694 1213 769 1256 καί
792 1214 1018 1269 χρημάτων
1048 1212 1257 1267 ἀβύσσους
1283 1216 1343 1263 εἰς
1371 1214 1503 1269 α’ργοίς
1530 1217 1677 1270 γαστέ-

237 1296 316 1337 ρας
347 1279 601 1335 ὅχετηγήσας
624 1280 698 1320 καί
721 1278 796 1327 τὰς
817 1277 1054 1331 Ῥωμαϊκὰς
1083 1280 1290 1333 ἐπαρχίας
1314 1281 1449 1328 κακῶς
1477 1281 1678 1334 διαθέμε-

112 1361 147 1395 p,
167 1360 229 1396 136
241 1358 334 1395 νος·
368 1346 412 1388 οῖ’
441 1361 487 1387 τε
511 1342 592 1401 γὰρ
623 1343 781 1399 οἷγαθοί
805 1345 1058 1400 στρατιῶται
1086 1342 1132 1386 τό
1164 1345 1208 1385 ἐν
1233 1348 1318 1393 τοῖς
1345 1346 1492 1395 δεινοῖς
1516 1344 1676 1402 φιλότι-

238 1426 319 1465 μον
355 1412 520 1453 ἐνθένδε
556 1409 907 1462 καταλελύκασιν,
946 1409 1085 1450 ου’κέτι
1130 1411 1204 1451 τοῦ
1237 1407 1537 1460 ὖπονύσσοντος
1573 1411 1679 1467 πρὸς

239 1477 390 1533 οἷρετῆς
431 1475 598 1530 ἆρεϊκῆς
640 1476 837 1524 ἐπίδειξιν
877 1473 986 1516 ἰδίου
1024 1477 1171 1530 σφίσιν
1211 1474 1437 1530 ὥςπρώην
1483 1478 1678 1529 μένοντος
1690 1498 1743 1524 20

240 1542 330 1584 ἀλλ’
355 1536 600 1596 εὖπορίστου
630 1540 900 1595 προκειμένου
931 1544 1020 1588 τοῖς
1042 1536 1201 1592 ἅπασι,
1230 1541 1304 1581 καί
1334 1538 1372 1581 οἱ
1400 1539 1473 1582 τὸν
1503 1540 1678 1596 δημόσι-

240 1623 286 1649 ον
313 1605 442 1648 πάλαι
483 1604 681 1659 δεσπότην
707 1601 900 1657 λαχόντες
918 1606 997 1646 τῶν
1026 1605 1240 1659 ἐπαρχιῶν
1266 1605 1472 1660 οἰκήτορες
1498 1603 1576 1646 ὖπὸ
1606 1609 1682 1663 τῆς

241 1670 540 1729 στρατιωτικῆς
575 1669 805 1724 ἀπληστίας
855 1668 1088 1711 πεπόνθασι
1115 1667 1163 1711 τά
1196 1667 1469 1726 οἰκτρότατα,
1500 1666 1576 1713 οὖκ
1603 1673 1680 1727 α’ρ-

339 1805 368 1828 1·
393 1792 443 1846 ‹u‘f
463 1793 610 1837 χαίρων
636 1802 693 1823 om
715 1791 755 1824 A.
840 1791 872 1825 5.
895 1790 1114 1828 πλειστάκις
1139 1792 1178 1824 Α.
1273 1795 1306 1828 8.
1329 1791 1363 1824 εἰ
1388 1791 1621 1841 κραδαίνειν]
1647 1795 1683 1826 εἰ

333 1849 428 1894 μετα
455 1839 658 1895 κονταρίου·
682 1836 881 1895 ἐγκριίζειν
911 1837 1134 1872 ἐπίστανται
1155 1839 1189 1870 Β.
1290 1847 1340 1872 ιι.
1366 1837 1411 1873 τοὶ
1435 1839 1602 1888 ταμιεῖα]
1628 1841 1682 1879 εἰς

335 1896 378 1921 το
405 1889 624 1930 βεστιαριον
646 1893 832 1934 κρατησας
859 1886 898 1918 Δ.
1005 1886 1055 1920 15.
1081 1885 1146 1918 καὶ
1169 1894 1226 1917 om
1251 1885 1289 1918 A.

247 2016 289 2038 ea
315 2004 399 2048 ipse
417 2002 534 2036 facere
562 2001 744 2034 diceretur
767 2010 860 2045 quae
894 1999 1197 2046 reprehenderet,
1222 2000 1398 2033 rationem
1423 2011 1442 2035 a
1470 2000 1543 2034 suis
1567 2001 1682 2034 maio—

248 2050 349 2084 ribus
378 2049 555 2082 diversam
581 2053 636 2081 est
653 2052 807 2080 secutus.

340 2098 371 2140 4.
418 2096 494 2127 Iam
533 2094 619 2139 quia
654 2093 840 2133 Romanis,
878 2103 919 2125 ac
953 2091 1114 2125 barbaris
1152 2093 1287 2133 etiarn,
1320 2098 1362 2126 ut
1388 2092 1539 2137 opinor,
1566 2092 1682 2127 estin

246 2154 344 2176 more
371 2142 530 2186 positum
556 2145 598 2173 ut
621 2139 802 2184 stipendia
828 2138 1006 2172 militibus
1034 2139 1237 2179 vsolvantur,
1263 2144 1299 2171 et
1325 2139 1351 2170 ii
1377 2149 1483 2182 saepe
1507 2139 1545 2171 in
1567 2138 1682 2172 medi-

247 2201 307 2222 um
346 2187 607 2233 producantur,
645 2191 685 2219 ut
721 2186 930 2230 exquiratur
964 2196 1009 2217 an
1033 2186 1138 2218 armis
1174 2185 1340 2217 instructi
1374 2185 1463 2225 sint,
1500 2196 1545 2217 an
1570 2195 1682 2230 equos

247 2234 361 2280 probe
388 2238 529 2266 curatos
555 2231 732 2274 habeant;
757 2233 844 2265 item
869 2237 909 2264 ut
931 2231 1090 2272 tirones,
1127 2231 1333 2276 priusquam
1358 2231 1396 2263 in
1422 2231 1601 2275 catalogos
1625 2243 1683 2264 re-

248 2282 430 2321 ferantur,
450 2279 682 2323 explorentur
705 2290 750 2311 an
786 2277 995 2322 corporibus
1021 2278 1184 2318 valeant,
1209 2289 1255 2310 an
1279 2277 1446 2321 sagittare
1475 2277 1611 2318 sciant,
1635 2289 1683 2312 an

249 2326 424 2362 vibranda
458 2325 561 2358 hasta
595 2335 633 2357 se
665 2325 908 2366 exercuerint3
932 2324 990 2356 hic
1023 2324 1217 2368 imperator
1244 2324 1422 2368 stipendia
1447 2324 1618 2356 militaria
1643 2325 1683 2359 in
1710 2344 1713 2346 ,

250 2374 373 2408 fiscum
405 2378 577 2416 tanquam
601 2382 710 2415 aquas
737 2371 774 2403 in
800 2371 989 2403 cisternam
1015 2371 1131 2414 coegit
1147 2395 1156 2410 ‚
1190 2375 1226 2403 et
1258 2370 1478 2403 exercituum
1503 2369 1683 2414 cupidita-

251 2427 323 2455 tem
352 2418 530 2452 donativis
568 2428 660 2461 quae
684 2417 881 2449 incolarum
919 2416 1087 2449 dicuntur
1110 2416 1259 2457 levavit,
1285 2415 1415 2449 abusus
1443 2428 1480 2448 re
1507 2428 1527 2448 a
1550 2417 1684 2450 veteri-

250 2467 319 2500 bus
343 2462 617 2510 imperatoribus
656 2463 800 2495 inventa
828 2468 864 2495 et
889 2473 966 2494 raro
992 2468 1161 2506 usurpata
1194 2462 1231 2495 in
1260 2473 1320 2495 eos
1344 2463 1405 2506 qui
1429 2462 1550 2496 hostes
1575 2474 1683 2509 saepe

252 2512 466 2547 ceciderant.
493 2509 578 2542 hinc
615 2509 746 2542 factum
770 2514 824 2541 est
847 2514 887 2542 ut
911 2514 948 2541 et
971 2508 1103 2541 milites
1129 2514 1402 2549 enervarentur,
1429 2515 1465 2542 et
1490 2509 1681 2544 maximum

252 2555 431 2606 pecuniae
463 2556 655 2590 flumenin
686 2556 829 2598 ignavos
864 2560 1006 2588 ventres
1031 2554 1297 2596 effunderetur,
1329 2560 1366 2588 et
1398 2556 1575 2589 Romanae
1598 2568 1684 2602 pro-

253 2606 392 2640 vinciae
420 2604 512 2637 male
536 2607 784 2636 tractarentur.
808 2611 889 2634 nam
930 2605 966 2634 et
993 2601 1128 2634 strenui
1152 2601 1304 2641 milites,
1329 2613 1407 2634 cum
1432 2613 1504 2635 non
1529 2603 1682 2648 amplius

256 2652 295 2686 id
322 2654 552 2697 expectarent
585 2661 656 2694 quo
695 2648 924 2692 peculiariter
957 2646 1002 2679 ad
1026 2647 1192 2680 virtutem
1223 2646 1389 2680 bellicam
1416 2648 1682 2690 excitabantur,

257 2698 354 2745 quod
380 2703 455 2733 tum
477 2696 677 2744 promiscue
703 2694 867 2729 omnibus
896 2693 989 2727 idem
1014 2694 1209 2739 praemium
1234 2695 1456 2741 propositum
1481 2701 1581 2739 erat,
1607 2696 1683 2730 ala-
