1838 3210
262 145 334 200 30
360 161 362 163 ·
688 157 915 201 mcss‘rAss
953 157 1267 200 CHONlATAE

261 263 380 310 ναίας
409 260 659 314 ξυμβάσεις,
692 254 969 310 διαλαμβάνει
997 258 1118 299 τοῦτο
1147 258 1274 299 παντί
1298 258 1356 313 τῷ
1380 258 1691 313 στρατεύματι,

258 325 400 379 βαλών
427 326 596 380 χάρακα
617 354 628 375 ,
668 321 726 376 μὴ
771 318 823 363 ἂν
850 323 1008 364 ἐκεῖθεν
1038 318 1200 378 ἆπᾶραι
1227 320 1271 364 τὸ
1298 320 1500 377 παράπαν
1527 323 1693 379 ἰσχυρι-

261 391 458 443 ζόμενος,
504 390 543 430 εἰ
566 386 624 442 μὴ
666 388 740 429 τοῦ
783 389 1037 441 πολίσματος
1078 387 1276 443 ἐγκρατής
1319 386 1576 444 ὀφθήσεται,
1617 386 1695 432 κᾶν

260 457 301 498 εἰ
327 455 591 508 πολιωθῆναί
627 451 666 493 οἱ
710 451 890 507 ’ξυμβαίη
932 455 986 509 τῇ
1021 454 1268 511 προσεδρείᾳ
1298 451 1375 509 τὴν
1413 452 1599 511 κεφαλὴν
1624 457 1698 497 καί

261 526 353 568 ταῖς
375 517 530 572 χιόνων
558 520 821 573 παλυνθῆναι
848 516 1045 569 πολλάκις
1071 525 1343 574 καταφοραῖς,
1371 518 1431 568 εἰς
1458 521 1557 562 νοῦν
1583 514 1732 573 ἅγωνὸ

223 581 351 637 οἅ,ιια
380 589 464 631 τοῖς
509 583 873 636 πολιορκουμένοις
914 579 994 626 ὅσα
1043 585 1122 636 μὲν
1162 586 1214 626 ευ’
1238 582 1414 627 πάθοιεν
1440 587 1537 640 παρ’
1565 586 1698 628 αὐτοῦ

261 645 502 697 ὖπενδόντες
549 649 620 689 καί
661 645 878 698 ἐκστάντες
909 648 1036 705 ἀὐτῷ
1071 650 1149 691 τοῦ
1177 647 1406 704 ἐρύματος,
1439 649 1542 699 οἵοις
1571 652 1609 692 δ’
1639 644 1696 691 αὖ

257 712 483 767 χειρίστοις
515 713 789 768 ὑποβληθεῖεν
827 714 1008 766 πολέμου
1037 711 1149 772 νόμῳ
1178 712 1343 764 ἁλόντες
1368 714 1442 757 καὶ
1466 714 1543 770 τήν
1570 731 1698 769 στρα-

259 776 353 819 τιὰν
382 776 540 826 ἰδόντες
571 778 808 833 εἷσρυεῖσαν
835 779 1020 821 ἔνδοθεν.
1058 775 1112 833 ἦν
1141 781 1181 821 δ’
1208 781 1354 822 α’σπίσι
1377 782 1507 823 ταῦτα
1534 779 1698 838 ἐπᾴδων

260 841 397 885 ἑκοντὶ
418 841 709 898 κωφευοὺσαις
737 843 838 898 πρὸς
866 842 918 885 τὰ
947 844 1267 897 ὗποψαλλόμενα
1287 845 1403 900 παρὰ
1423 848 1560 901 σοφοῦ
1586 859 1762 901 ‹pap-⁴10

260 909 400 961 μακοῦ
416 939 428 959 ,
472 909 545 949 καί
584 905 758 962 σμήχων
797 903 991 963 ἄντικρυς
1033 910 1270 964 διηλέγχετο
1297 910 1372 954 τὸν
1398 913 1603 957 Αἰθιοπα.
1660 910 1699 953 οἱ

260 972 338 1028 γάρ
367 974 443 1014 τοῦ
479 974 686 1028 φρουρίου
717 972 840 1014 Βακὰ
884 972 959 1028 τὴν
986 974 1256 1018 ἐστιστασίαν
1285 977 1600 1030 πεπιστευμένοι
1629 978 1703 1018 καί

261 1036 411 1087 πάντες
437 1039 516 1091 μὲν
545 1035 871 1092 ἀκαταπλήκτως
899 1035 1013 1093 εἶχον
1039 1038 1144 1094 πρὸς
1173 1041 1247 1084 τὸν
1275 1043 1443 1096 α’γῶνα,
1471 1044 1700 1084 Κωνστανκ

262 1110 368 1152 τῖνος
399 1104 445 1144 δέ
484 1119 546 1153 τις
585 1100 796 1156 μάλιστα,
834 1104 912 1144 τοῦ
937 1105 1018 1146 τῶν
1035 1100 1271 1161 Ἀρμενίων
1299 1108 1446 1161 γένους
1472 1106 1526 1150 τὰ
1553 1109 1698 1163 πρῶτα

263 1167 540 1223 κληρούμενος
568 1166 642 1209 καί
668 1168 751 1209 τῶν
777 1170 942 1210 πολλῶν
968 1168 1220 1226 ὑπερφέρων
1249 1172 1395 1229 χειρὸς
1419 1171 1697 1228 γενναιότητι·
1719 1173 1766 1212 15

267 1233 318 1274 ου’
350 1232 430 1288 γὰρ
459 1232 587 1286 μόνον
615 1231 662 1274 τὸ
689 1235 876 1276 ἐνοικοῦν
896 1235 1055 1289 πλῆθος
1082 1236 1365 1293 ἐπισυνίστησι
1392 1242 1465 1282 καί
1491 1240 1702 1294 διανίστη-

224 1307 311 1341 Dm
341 1297 442 1354 πρὸς
481 1297 553 1341 τὸν
580 1297 690 1340 κατὰ
719 1298 938 1352 Ῥωμαίων
969 1298 1173 1356 πόλεμον,
1215 1302 1319 1346 ἀλλὰ
1365 1303 1441 1346 καί
1466 1303 1597 1354 αὐτὸς
1625 1306 1704 1347 τοῦ

270 1366 477 1421 φρουρίου
525 1363 723 1414 πολλάκις
761 1364 1121 1420 προοπτανόμενος
1148 1368 1252 1410 κᾶπί
1276 1369 1349 1411 τοῦ
1383 1369 1567 1427 γηλόφου
1605 1374 1705 1424 μεθ’

271 1427 408 1472 ὅπλων
453 1428 692 1482 ἱστάμενος,
741 1430 809 1486 ἐφ’
836 1425 965 1485 οὗπερ
1005 1430 1031 1488 ἧ
1059 1434 1138 1486 μὲν
1170 1432 1297 1490 φύσις
1327 1433 1402 1490 τὴν
1426 1438 1580 1492 πέτραν
1605 1437 1703 1480 (ἶνέ-

271 1498 425 1549 δωκεν,
467 1495 493 1549 ἦ
524 1497 570 1538 δὲ
595 1497 718 1551 τέχνη
748 1498 928 1550 τείχεσιν
960 1495 1094 1554 αὕτὴν
1120 1501 1340 1555 περιέβαλε
1368 1501 1441 1544 καὶ
1467 1499 1701 1557 ἐκράτυνεν,
1716 1516 1768 1543 20

269 1558 418 1617 ὕβρεσι
454 1559 525 1604 τὸν
540 1561 720 1615 βασιλέα
740 1562 946 1617 Ἑλληνίδι
962 1563 1113 1607 ἔπλυνε
1138 1563 1307 1622 γλώττῃ,
1340 1565 1384 1616 ἔς
1409 1582 1456 1609 τε
1481 1567 1558 1623 τὴν
1587 1563 1704 1609 ἄκοι-

269 1641 332 1668 τιν
356 1628 428 1667 καί
465 1627 541 1675 τοὶς
566 1629 804 1683 θυγατέρας
847 1626 869 1669 ὅ
917 1628 1149 1685 στόμαργος
1190 1631 1420 1686 ἑρεσχελῶν
1447 1632 1520 1675 καί
1557 1632 1706 1687 λόγους

269 1686 470 1745 ἀπρεπεῖς
498 1688 652 1747 ἀφιείς.
681 1690 705 1733 ὅ
731 1692 932 1746 βασιλεῦς
955 1697 1033 1747 μὲν
1063 1690 1138 1737 οὖν
1162 1700 1383 1750 συλλαβεῖν
1409 1696 1483 1741 τὸν
1504 1700 1706 1754 αἰσχρορ-

271 1754 436 1812 ρήμονα
472 1755 688 1813 βάρβαρον
722 1757 795 1800 καὶ
823 1760 941 1808 δίκας
979 1763 1120 1814 λαβεῖν
1157 1762 1202 1813 ε”ξ
1228 1764 1386 1805 ἐκείνου
1414 1765 1600 1819 ἐγλίχετο
1617 1779 1628 1790 ·
1683 1764 1706 1807 ὅ

271 1823 317 1864 δὲ
345 1826 398 1879 τῇ
423 1825 603 1879 σφετέρα
634 1823 848 1873 πεποιθώς
878 1825 1023 1883 ῥώμῃ,
1051 1829 1125 1870 καί
1148 1827 1256 1882 μέγα
1282 1830 1342 1887 τῷ
1368 1829 1604 1888 δραστηρίῳ
1632 1847 1705 1873 κα·
1719 1829 1770 1871 25

362 1912 394 1946 7.
419 1898 673 1939 v‘nsxowlvtss
694 1901 733 1934 A.
829 1915 883 1937 αι.
907 1903 1030 1948 ἔβαλλε
1049 1904 1194 1952 γλώττῃ
1217 1906 1258 1940 A.
1353 1908 1408 1942 25.
1437 1907 1643 1955 κομπάζων
1665 1909 1705 1943 Α.

271 1974 341 2002 stes
364 1978 438 2001 non
466 1968 647 2012 supplices
671 1980 797 2002 manus
821 1971 1081 2014 protenderent
1103 1984 1170 2006 nec
1192 1974 1480 2019 pacificationem
1504 1977 1614 2010 ullam
1643 1978 1708 2011 ad-

270 2015 476 2054 mitterent,
502 2020 578 2047 toto
614 2016 774 2048 exercitu
814 2017 1066 2062 circumposito
1091 2025 1128 2052 et
1150 2021 1321 2064 operibus
1348 2023 1512 2056 excitatis
1537 2034 1575 2056 se
1598 2035 1707 2069 nega-

268 2061 322 2094 vit
345 2061 429 2093 inde
461 2060 700 2093 discessurum
731 2062 802 2094 nisi
826 2068 930 2107 capto
953 2064 1107 2108 oppido,
1142 2067 1282 2100 etiamsi
1306 2068 1344 2100 in
1368 2068 1559 2102 obsidione
1601 2082 1708 2104 cane-

269 2107 440 2141 scendum
467 2111 503 2139 et
524 2107 660 2140 nivium
683 2108 851 2152 procellis
884 2110 1025 2154 saepius
1052 2111 1306 2146 albescendum
1329 2120 1445 2157 esset,
1473 2117 1618 2150 interim
1640 2120 1707 2152 ob-

269 2165 383 2188 sessos
409 2153 603 2186 admonens
627 2155 771 2198 quantis
796 2154 982 2188 beneficiis
999 2156 1176 2191 afficiendi
1202 2166 1331 2201 essent,
1355 2162 1385 2194 si
1408 2163 1611 2196 munitione
1635 2166 1706 2199 sihi

269 2200 460 2241 cederent,
487 2204 524 2232 et
549 2211 656 2244 quam
684 2202 837 2244 pessime
862 2202 1061 2243 tractandi,
1101 2205 1131 2237 si
1154 2204 1243 2239 belli
1266 2218 1365 2240 more
1389 2210 1484 2253 capti
1510 2211 1705 2245 exercitum

270 2247 365 2280 intra
390 2246 532 2278 moenia
554 2245 730 2279 viderent.
746 2247 810 2280 sed
836 2247 924 2281 haec
942 2249 1127 2293 aspidibus
1155 2252 1375 2287 canebantur
1401 2265 1503 2289 aures
1527 2256 1572 2289 de
1598 2257 1707 2292 indu-

270 2294 357 2327 stria
396 2292 668 2333 obturantibus,
703 2304 748 2327 ne
771 2294 865 2338 Magi
914 2296 1195 2330 incantationem
1230 2300 1415 2343 audirent3
1449 2313 1568 2347 neque
1605 2305 1706 2338 aliud

268 2340 341 2374 nisi
365 2339 578 2383 Aethiopem
607 2339 726 2373 lavare
754 2351 834 2372 eum
859 2343 1064 2386 apparebat.
1080 2355 1162 2376 nam
1187 2350 1224 2378 et
1246 2346 1274 2378 ii
1301 2347 1364 2391 qui
1390 2358 1470 2380 eum
1497 2348 1614 2382 locum
1641 2351 1707 2384 de-

269 2385 479 2426 fendebant,
502 2395 624 2418 omnes
648 2385 694 2418 ad
720 2392 899 2420 certamen
923 2390 1038 2432 parati
1067 2395 1185 2432 erant3
1215 2397 1252 2425 et
1278 2392 1534 2428 Constantinus
1558 2398 1705 2440 quidam

270 2432 457 2467 Armenius
498 2431 763 2474 nobilissimus,
799 2435 1085 2479 promptitudine
1119 2448 1288 2470 manuum
1312 2439 1417 2484 vulgo
1439 2445 1706 2485 praestantior,

271 2479 365 2512 cives
399 2489 472 2511 non
510 2477 617 2511 modo
642 2479 844 2512 instruebat
871 2486 908 2513 et
931 2481 976 2514 ad
999 2483 1206 2516 *Romanum
1231 2484 1368 2518 bellum
1393 2488 1618 2530 concitabat,
1642 2490 1707 2524 sed

272 2531 309 2559 et
333 2526 409 2570 ipse
434 2535 540 2569 saepe
578 2535 621 2558 ex
653 2526 799 2558 castello
829 2533 1061 2572 prospectans
1100 2534 1136 2562 et
1160 2536 1315 2564 armatus
1342 2532 1381 2566 in
1418 2535 1559 2567 tumulo
1586 2542 1706 2577 stans,

272 2583 380 2617 quem
404 2576 532 2604 natura
560 2581 670 2616 rupe,
697 2583 750 2604 ars
778 2573 968 2607 moenibus
993 2574 1238 2610 circundatum
1262 2578 1429 2621 firmarat,
1457 2581 1591 2614 Graeca
1618 2594 1706 2616 voce

273 2618 422 2651 dicteria
449 2617 487 2651 in
526 2617 777 2663 imperatorem
800 2620 979 2660 iaciebat,
1013 2626 1050 2653 et
1081 2632 1228 2656 uxorem
1254 2625 1331 2658 eius
1355 2636 1396 2658 ac
1424 2626 1515 2660 filias
1542 2628 1614 2662 oris
1638 2629 1706 2663 im-

271 2665 430 2710 potentis
452 2664 560 2696 homo
585 2663 773 2697 obscoenis
798 2665 916 2699 verbis
952 2666 1149 2701 deridebat.
1173 2670 1296 2714 itaque
1325 2672 1546 2715 petulantem
1576 2674 1705 2708 barba-

274 2723 349 2745 rum
385 2709 687 2758 comprehendere
724 2711 918 2757 imperator
953 2719 988 2747 et
1026 2714 1180 2750 multare
1217 2718 1396 2762 cupiebat.
1422 2725 1459 2753 at
1484 2721 1546 2754 ille
1570 2721 1705 2758 viribus
