1878 3230
714 193 850 233 [mss
894 189 1085 233 CAPTA.
1507 170 1615 245 793

179 288 396 346 χανὴσατό
425 307 465 333 τι
491 290 565 332 καί
585 291 725 345 ἕτερον
751 291 897 332 ποιοῦν
927 291 977 333 ta*
1007 288 1176 346 ῥήματα
1203 289 1493 346 εὕπαρᾰδεκτα
1509 305 1520 316 ·
1551 287 1622 332 τὸν

182 356 263 412 γὰρ
285 354 544 410 πρωτότοκον
567 353 662 397 υἱέα
679 356 752 409 τῆς
773 355 1078 410 συζευχθείσης
1100 355 1219 414 αδτῷ
1245 354 1422 410 Μαρίας
1452 356 1618 410 (κλῆσις

183 423 341 463 τουτωῒ
371 419 602 477 Μανουὴλ)
631 421 808 473 βασιλέα
837 417 1066 473 “Ρωμαίων
1103 420 1382 476 α’νηγορεήκει,
1416 417 1621 468 §neno-1039

185 488 326 544 ἐκείνῳ
346 488 421 528 καί
442 487 652 540 σχήματος
671 486 743 527 καί
759 485 958 538 ὀνόματος
972 490 1045 527 καί
1062 484 1109 527 τὸ
1139 491 1399 540 προσωπεῖον
1415 487 1536 527 τοῦτο
1549 484 1624 527 καὶ

148 551 410 607 5πρόσχημα
439 548 544 593 κατα
570 553 697 607 στίφη
716 549 1062 604 τοὺςῬωμαίους
1089 550 1260 607 ἆγὴοχε.
1317 549 1391 593 καὶ
1415 549 1623 599 τοιούτοις

183 621 262 670 μὲν
306 615 492 660 ἐνεπόλει
539 619 796 672 σοφίσμασιν
833 613 853 657 ὅ
892 618 1136 672 μαρκέσιος,
1184 615 1242 671 μή
1273 615 1379 671 πρὸς
1418 612 1623 671 ἀλήθειαν

185 680 292 732 ὅλως
331 683 580 737 δρωμένοις,
621 681 678 731 ὥς
704 680 757 724 τὰ
783 683 1004 734 μετέπειτα
1042 684 1339 739 καθυπέφηνε·
1396 683 1471 724 τοῦ
1500 682 1548 722 δέ
1575 695 1622 735 γε

184 749 451 791 Βαλδουίνου
481 749 534 804 τῇ
562 748 845 804 Θεσσαλονίκῃ
875 749 1111 802 ἐγγίσαντος
1137 744 1248 797 ἅπας
1276 745 1529 802 ἐξερρύησαν
1555 750 1660 788 λε-Β

183 810 381 866 &iffi-meat*
408 815 498 865 μετ’
547 810 741 866 εὐσήμων
780 815 891 866 βοῶν
918 815 1031 868 σφᾶς
1058 828 1102 855 τε
1131 811 1283 862 αὐτοὺς
1307 812 1379 854 καὶ
1403 811 1479 866 τὴν
1502 812 1624 853 πόλιν

126 879 425 933 ιοπεριχαρῶς
451 877 704 920 ἐνδιδόασιν.
732 876 947 920 ἱκέτευσαν
970 879 1110 930 μέντοι
1133 876 1228 932 μήτ’
1259 876 1386 920 αὐτὸν
1412 878 1627 919 Βαλδουῖ-

185 960 256 986 νον
277 945 472 998 ἐπιβῆναι
494 943 568 998 τῆς
607 943 766 991 πόλεως
794 942 899 998 μήτε
933 942 1018 998 μὴν
1050 941 1150 985 εἴσω
1177 942 1221 985 τό
1251 942 1496 998 στράτευμα
1523 956 1627 995 συγ-

180 1009 380 1062 χωρῆσαι
407 1011 657 1062 παρελθεῖν·
718 1009 902 1050 δεδιέναι
937 1007 1019 1063 γὰρ
1046 1006 1107 1063 μὴ
1132 1007 1181 1050 ra*
1217 1008 1375 1050 ἐκείνου
1400 1022 1625 1061 παραγκω-

185 1071 410 1126 νισάμενον
449 1071 686 1126 ἐντάλματα
723 1073 798 1128 τήν
837 1074 959 1115 πόλιν
1001 1072 1282 1127 σκυλεύσειεν,
1325 1069 1394 1116 οἷα
1420 1074 1519 1128 μηδ’
1546 1071 1623 1126 ὑφ’

184 1140 258 1180 ἕνα
286 1138 536 1191 ταττόμενον
566 1136 746 1192 ἡγεμόνα
773 1140 862 1181 ἄλλ’
887 1140 934 1181 έκ
960 1141 1124 1181 πολλῶν
1151 1139 1428 1194 α’γηγερμένον
1459 1141 1624 1194 φυλαρ-

127 1205 173 1245 15
185 1206 292 1258 χιῶν
315 1205 389 1246 καί
414 1204 617 1252 πλείστοις
644 1201 914 1257 ὑποκείμενον
940 1198 1162 1258 ἄρχουσιν.
1202 1202 1224 1245 ὅ
1252 1205 1512 1252 Βαλδουῖνος
1535 1200 1624 1244 τοί·

185 1285 262 1311 νυν
301 1270 425 1312 τοῦτο
464 1271 543 1322 μὲν
580 1274 672 1319 ταῖς
708 1270 789 1311 τῶν
839 1267 1044 1324 αἰτήσεων
1083 1268 1267 1324 ειῖλὸγοις
1303 1266 1623 1321 καθυπαχθείς,

185 1336 307 1377 τοῦτο
347 1336 396 1376 δὲ
435 1333 676 1389 βάλλουσαν
703 1333 812 1389 ἔχων
839 1333 896 1389 μὴ
930 1333 1072 1389 ἀγαθοὶ
1102 1336 1305 1377 διδοῦσαν
1333 1332 1625 1390 φαντάζεσθαι

185 1398 264 1455 τὴν
297 1401 528 1455 μαρκεσίου
560 1404 650 1454 μετ’
692 1402 819 1454 ὀργῆς
856 1400 1146 1456 ὑποχώρησιν,
1186 1401 1231 1443 ἐν
1274 1404 1441 1449 πολλοῖς
1483 1400 1530 1440 δὲ
1556 1396 1629 1440 καὶ

187 1468 408 1508 κεντοῦντα
439 1464 515 1520 τὴν
542 1465 671 1520 ἆκοὴν
695 1465 746 1508 τὰ
768 1465 839 1507 ὑπ’
865 1465 1024 1508 ἐκείνου
1054 1465 1270 1520 γινόμενα,
1297 1470 1383 1515 τοῖς
1413 1466 1666 1507 Θεσσαλο-(Ξ

123 1541 175 1567 20
190 1533 349 1572 νικεῦσι
375 1533 580 1585 προσέσχε
609 1530 680 1572 καί
703 1529 879 1585 γράμμα
908 1532 1054 1586 σφίσιν
1071 1529 1397 1587 ἐρυθρόγραφον
1425 1530 1626 1583 ἐνεχείρι-

188 1611 251 1648 σε,
283 1597 388 1638 πᾶσι
414 1602 501 1645 τοῖς
527 1597 692 1649 έθιζιιοις
709 1599 762 1653 τῇ
791 1594 911 1637 πόλει
936 1597 982 1638 τὸ
1003 1594 1182 1650 ἔμπεδον
1202 1593 1489 1651 χαριζόμενον.
1521 1595 1628 1647 οἶμέ-

187 1666 253 1704 λει
280 1660 354 1703 καί
377 1660 482 1717 πρὸς
525 1661 684 1717 ἡμέρας
710 1661 1034 1715 ἐναυλισάμενος
1064 1659 1244 1714 ἔξωθεν,
1274 1660 1348 1703 καί
1372 1665 1628 1717 φιλοφρονη-

188 1725 280 1777 θεὶς
309 1724 360 1769 τοὶ
389 1725 528 1769 εἰκότα
538 1759 552 1780 ,
582 1727 793 1769 ἐπάνεισιν
824 1721 952 1775 αὖθις
980 1729 1041 1776 εἰς
1067 1726 1115 1768 τὸ
1148 1725 1409 1778 Βυζάντιον·
1436 1721 1519 1780 ἤδη
1545 1723 1627 1780 γᾶρ

190 1790 264 1834 καί
293 1792 487 1848 ἀγγελίαν
525 1795 638 1835 τοῦτ’
683 1791 787 1835 αύτὸ
829 1793 1162 1848 ε’πισκὴπτουσαν
1198 1788 1419 1846 δεξάμενος
1444 1786 1497 1846 ἢν
1524 1789 1762 1846 πρόςἾ.3ι8

282 1934 316 1967 6.
342 1934 584 1978 σοφίσμασιν
609 1932 632 1966 o‘
656 1944 712 1965 om
739 1934 779 1966 A.
889 1934 937 1978 ¹4·
961 1931 1043 1966 ἄλλ’
1069 1931 1122 1979 ἐκ]
1151 1928 1214 1965 διαὶ
1242 1925 1283 1966 τό
1310 1930 1412 1968 εἶναι
1437 1929 1632 1977 συνὰγμαι-

282 1990 328 2018 τα
355 1979 397 2013 ἐκ
422 1978 621 2025 διαφόρων
646 1980 789 2025 γενεῶν
813 1980 849 2012 Β.
947 1983 999 2014 ιδ.
1028 1972 1095 2021 τιὶν
1122 1980 1193 2012 τοῦ
1216 1990 1256 2025 μ.
1283 1978 1320 2011 Α.

192 2097 267 2130 suis
292 2094 399 2129 fidem
434 2101 627 2137 astrueret,
654 2097 933 2141 primogenitum
965 2097 1126 2142 coniugis
1148 2107 1232 2130 suae
1254 2095 1390 2130 Mariae
1414 2096 1530 2129 filium
1553 2095 1632 2129 Ma-

191 2143 338 2177 nuelem
362 2144 599 2176 Romanorum
634 2143 886 2188 imperatorem
924 2143 1039 2185 dixit,
1079 2144 1186 2189 eique
1222 2148 1260 2177 et
1282 2142 1410 2176 habitu
1451 2147 1488 2176 et
1521 2142 1631 2177 titulo

193 2190 308 2223 cessit.
348 2201 420 2235 quo
450 2195 651 2223 commento
687 2191 864 2223 Romanos
900 2190 1107 2225 catervatim
1144 2189 1191 2223 ad
1214 2201 1253 2224 se
1276 2189 1446 2235 pellexit,
1469 2190 1632 2234 quamvis

193 2248 236 2269 ea
259 2247 334 2269 non
369 2247 514 2281 prorsus
555 2247 599 2269 ex
622 2237 740 2269 animo
766 2237 922 2278 faceret,
961 2242 1004 2270 ut
1026 2242 1110 2282 post
1133 2242 1282 2270 eventus
1306 2235 1439 2270 docuit.
1465 2247 1545 2268 cum
1568 2247 1633 2268 au-

191 2288 266 2316 tem
287 2282 483 2316 Balduinus
513 2294 587 2316 non
610 2283 737 2327 procul
759 2295 779 2316 a
802 2282 1058 2316 Thessalonica
1085 2283 1246 2324 abesset,
1270 2283 1385 2316 omnis
1416 2283 1572 2327 populus
1597 2282 1632 2314 ei

194 2329 366 2370 occurrit,
396 2335 434 2362 et
456 2330 551 2363 clara
574 2340 661 2362 voce
686 2329 810 2364 urbem
837 2335 874 2363 et
897 2341 974 2363 sese
998 2330 1161 2364 hilariter
1185 2330 1350 2364 dedidit:
1375 2334 1496 2363 tamen
1518 2328 1632 2362 oravit

193 2386 241 2408 ne
264 2376 324 2409 vel
346 2376 424 2420 ipse
450 2375 575 2409 urbem
597 2377 749 2410 intraret
770 2376 830 2410 vel
854 2378 1050 2410 exereitum
1074 2374 1216 2422 ingre'di
1241 2381 1437 2421 pateretur,
1461 2376 1526 2419 qui
1551 2386 1633 2407 cum

194 2432 270 2454 non
295 2423 358 2455 uni
383 2422 466 2455 duci
501 2428 645 2467 pareret
683 2428 719 2456 et
751 2434 795 2456 ex
824 2424 929 2457 variis
965 2424 1131 2468 gentibus
1161 2429 1359 2463 constaret,
1385 2421 1501 2454 vereri
1524 2431 1563 2454 se
1585 2431 1633 2453 ne

194 2467 295 2500 illius
321 2468 439 2502 edicto
464 2476 583 2514 spreto
614 2470 748 2503 milites
784 2469 911 2503 urbem
936 2471 1145 2516 spoliarent.
1194 2481 1304 2515 quare
1327 2468 1524 2502 Balduinus
1550 2477 1634 2511 par-

194 2514 260 2546 tim
283 2515 463 2559 aequitate
486 2517 739 2560 postulationis
766 2516 962 2558 adductus,
996 2518 1127 2562 partim
1153 2527 1196 2550 ex
1214 2517 1297 2550 irati
1322 2514 1534 2548 marchionis
1560 2513 1636 2545 dis-

197 2571 298 2592 cessu
338 2560 431 2593 nihil
457 2562 545 2594 boni
570 2574 745 2607 augurans
763 2589 772 2604 ,
805 2564 938 2608 partim
962 2563 1007 2597 ob
1032 2565 1126 2597 facta
1152 2564 1248 2595 illius
1273 2572 1366 2606 quae
1394 2561 1487 2594 fama
1508 2561 1635 2592 affere-

195 2606 262 2640 bat
299 2607 448 2647 anxius,
473 2607 854 2643 Thessalonicensibus
893 2611 1038 2651 annuit,
1074 2617 1111 2643 et
1144 2609 1333 2642 rubricatis
1359 2607 1490 2639 litteris
1516 2606 1636 2638 omnia

196 2652 296 2685 urbis
320 2653 484 2686 instituta
515 2660 552 2686 et
582 2656 861 2690 consuetudines
889 2657 1129 2697 confirmavit3
1157 2661 1193 2688 et
1218 2655 1358 2699 aliquot
1381 2651 1510 2685 diebus
1536 2657 1636 2684 extra

196 2699 340 2737 moenia
365 2697 579 2740 honorifice,
604 2707 646 2734 ut
669 2702 800 2742 decuit,
825 2702 969 2736 habitus
994 2703 1200 2745 Byzantium
1229 2699 1428 2733 revertitur.
1453 2699 1521 2732 iam
1540 2698 1638 2731 enim

199 2745 307 2780 etiam
320 2745 549 2780 venetiarum
566 2746 664 2783 ducis
676 2748 846 2789 nanduli,
873 2754 908 2783 et
933 2749 1083 2784 aliorum
1107 2747 1273 2782 comitum
1298 2747 1360 2792 qui
1383 2746 1421 2780 in
1445 2745 1533 2780 urbe
1555 2755 1637 2792 per-
