1878 3230
314 152 426 225 590.
717 149 954 211 Nica-rm
997 154 1308 212 cnomA‘rAE'

309 272 403 317 λεἀς
423 269 722 321 συγκαλύπτειν
758 271 947 325 πολλαχῇ
968 268 1012 310 τό
1042 269 1324 324 μισάδελφον,
1365 272 1436 310 καί
1469 270 1524 319 ὥς
1550 275 1735 321 πλείονές

310 335 391 375 εἰσι
421 334 652 387 φιλαλέξιοι
674 334 833 385 μᾶλλον
860 329 961 388 ἤπερ
991 333 1270 389 φιλισαάκιοι,
1308 331 1369 382 ὥς,
1389 335 1510 388 λῆρον
1551 336 1735 390 &nenda-

310 412 409 438 πετο
437 394 488 438 τὰ
519 395 736 451 λεγόμενα,
762 399 870 452 μηδὲ
897 398 941 440 τὸ
973 397 1229 449 ἐξεταστικὸν
1252 398 1315 446 ὥς
1344 397 1463 440 λίθον
1490 398 1732 454 Ἡράκλειον
1764 438 1766 442 ⁴

310 461 527 515 προσάγων
553 462 625 502 καί
650 463 887 514 βασανίζων
914 465 997 504 ταῖν
1025 463 1140 517 παρὰ
1174 464 1250 503 τοῦ
1279 462 1466 518 ἀδελφοῦ
1504 466 1734 518 πραττομέ-

310 542 391 567 νων
417 524 464 567 τὸ
493 527 711 580 κιβδηλον,
742 526 847 569 ἄλλα
880 526 1032 581 δριμύς
1060 523 1118 569 ὢν
1148 533 1231 575 τοῖς
1258 524 1308 568 ‘toi
1345 530 1517 569 τοιαῦτα
1549 528 1774 583 εἶσηγου-5“

307 591 448 644 μένοις
478 590 535 639 ὥς
560 589 705 645 ἔχουσι
735 591 839 646 πρὸς
864 594 1045 648 ἐφέσεως
1071 594 1253 646 ἐξίτηλον
1280 597 1411 633 ποιεῖν
1435 592 1511 648 την
1537 593 1736 635 ἆνέκπλυ-

309 671 379 697 τον
407 654 478 697 καὶ
502 652 588 698 οἷον
612 658 670 706 εἰς
690 654 822 710 βάθος
846 659 1141 711 ἕγκεκαυμένην
1161 659 1213 713 τῇ
1236 655 1390 698 ἑαυτοῦ
1408 659 1528 713 ψυχῇ
1543 656 1646 711 πρὸς
1663 656 1736 700 τὸν

309 722 550 775 κασίγνητον
576 719 776 776 στοργήν,
808 719 854 764 ὃν
887 723 1011 774 μόνον
1035 721 1115 762 ἀπὸ
1155 722 1318 763 πάντων
1358 721 1381 762 ὅ
1420 721 1612 777 λωβητὴρ
1637 722 1736 764 Ἀν-

271 782 501 841 οιῒρὸνικος
530 785 606 826 οὐκ
634 786 807 831 ἐσίνατο.
865 783 1093 841 ἀφιγμένος
1122 789 1259 828 τοίνυν
1289 788 1333 835 ἐς
1359 785 1433 840 τὴν
1459 790 1738 842 παραθαλατ-

309 851 441 891 τιὈίον
462 849 698 892 ‘Pacem-1621
724 850 799 904 τήν
826 850 1020 905 μεγίστην
1049 851 1207 892 ἐκτελεῐ
1228 853 1300 892 καί
1332 851 1596 906 κυριώνυμον
1636 854 1738 894 α’να-
1754 867 1802 896 ιο·

309 915 509 968 στάσιμον
534 912 702 969 ἑορτήν,
732 913 803 956 καὶ
828 913 925 956 θύει
950 914 1021 956 καὶ
1046 917 1180 957 ἐσθίει
1203 915 1249 957 τὸ
1279 916 1419 969 πάσχα
1447 916 1491 957 τὸ
1520 915 1736 969 μυστικόν.

310 978 415 1021 ἔνθα
443 982 516 1021 καί
542 982 600 1037 τῷ
627 980 870 1036 Βασιλακίῳ
895 983 1140 1033 συγγίνεται.
1197 976 1249 1034 ἧν
1273 982 1309 1021 δ’
1339 976 1457 1029 οὗτος
1484 979 1740 1037 ἄλλο’τροπόν

310 1060 404 1085 τινα
431 1046 566 1097 βίοτον
593 1047 770 1097 μετιών,
799 1047 873 1086 καί
898 1043 1021 1094 δόξαν
1053 1044 1168 1099 παρὰ
1205 1044 1369 1087 πάντων
1406 1047 1602 1100 η’νέγκατο
1636 1061 1738 1102 προ-

312 1108 506 1164 φητεύειν
530 1109 600 1150 καὶ
627 1109 873 1164 προβλέπειν
898 1108 947 1151 τὰ
976 1108 1236 1165 ἔμπροσθεν,
1278 1108 1378 1151 ὅθεν
1421 1111 1480 1159 εἰς
1522 1110 1649 1153 αὐτὸν
1684 1110 1737 1153 τὰ

177 1181 300 1216 v.236
314 1174 453 1228 πλήθη
482 1176 698 1228 συνέρρεον
726 1173 782 1223 ὦς
811 1175 904 1216 ov’d’
933 1175 974 1223 ἐς
1005 1174 1244 1229 μυρμηκιὰν
1273 1173 1311 1216 οἳ
1338 1173 1571 1224 ἐπανιόντες
1598 1191 1643 1218 τε
1668 1177 1741 1218 καί
1756 1180 1803 1222 ι5

314 1239 487 1289 ἐξιόντες
517 1237 735 1293 φιλόπονοι
770 1237 984 1293 μύρμηκες
1012 1236 1040 1292 ἢ
1075 1241 1178 1291 γοῦν
1207 1238 1247 1280 οἱ
1288 1241 1331 1288 ἐς
1350 1236 1573 1292 ’Ἀμμωνος
1611 1239 1741 1282 πάλαι

312 1305 385 1345 καί
411 1303 656 1358 Ἀμφιάρεω
692 1302 948 1358 α’φικὸμενοι.
1015 1299 1105 1344 ἀλλ’
1143 1305 1265 1345 ου’δὲν
1302 1305 1455 1358 ἀληθὲς
1494 1307 1568 1346 καί
1606 1307 1741 1362 σαφὲς

313 1369 411 1423 περὶ
446 1370 524 1409 τῶν
560 1369 764 1420 ἐσομένων
801 1363 921 1415 οὗτος
955 1370 1204 1422 ἐφθέγγετο,
1248 1371 1539 1423 πεπλανημένα
1577 1370 1623 1411 δὲ
1668 1371 1743 1411 καί

315 1432 551 1488 ἀσύμφωνα
584 1430 746 1480 ἑαυτοῖς
773 1434 846 1473 καί
863 1433 1054 1487 γριφώδη
1084 1430 1235 1488 διεξῄει
1264 1430 1446 1487 ῥήματα·
1503 1435 1547 1476 ἒν
1576 1438 1740 1482 πολλοῖς

266 1509 298 1542 D
316 1501 360 1540 δὲ
390 1501 462 1539 καί
487 1499 662 1550 γέλωτος
690 1495 1013 1550 διατεχνώμενος
1043 1491 1162 1547 ἄξια,
1194 1496 1265 1538 τὸν
1300 1498 1600 1550 α’γελαιοκόμον
1627 1496 1740 1551 ὅμως
1752 1522 1810 1548 20

315 1565 386 1605 καί
414 1562 516 1616 πρὸς
544 1559 660 1603 ὕννιν
697 1563 918 1617 ἀφορῶντα
953 1564 1024 1602 καί
1065 1561 1203 1615 κιόπην
1245 1563 1451 1603 ἐπεσπᾶτο
1488 1562 1605 1604 λεών.
1659 1564 1740 1605 τῶν

314 1627 394 1682 γάρ
424 1627 737 1682 α’φικνουμὲνων
759 1628 802 1674 ἐς
830 1624 955 1667 αὐτὸν
978 1627 1182 1678 γυναικῶν
1202 1625 1400 1678 ἐμάστευε
1419 1625 1517 1674 τούς
1535 1627 1739 1680 μαστούς,

315 1693 387 1734 καί
417 1693 656 1747 περιαθραῖν
679 1689 730 1731 τοὶ
764 1691 908 1745 σφυρὰ
938 1692 1072 1744 ληρῶν
1102 1692 1171 1732 ἕπί
1197 1688 1356 1739 τούτοις
1383 1686 1435 1744 ἦν
1462 1694 1534 1732 καί
1562 1687 1740 1748 ιῖποφοι-

413 1802 439 1824 ι.
466 1791 528 1823 καὶ
555 1790 604 1826 ὥς
629 1810 674 1815 -
700 1789 942 1834 φιλισαιίκιοι
969 1800 1026 1821 om
1051 1790 1089 1822 A.
1202 1801 1249 1822 ii.
1272 1788 1314 1823 ἰὀ
1338 1790 1437 1833 prius
1459 1768 1518 1822 vom
1546 1790 1583 1823 A.
1689 1791 1738 1824 16.

410 1836 667 1883 φιλοκάματοι
691 1836 726 1867 Β.
871 1846 919 1880 ¹7·
947 1834 1038 1881 ἄλλ’]
1072 1835 1205 1877 ἀληθὲς
1229 1835 1269 1869 δὲ
1291 1834 1402 1870 οὐδὲν
1424 1836 1462 1868 Α.
1582 1847 1638 1873 2¹.
1666 1838 1739 1871 ῐιῦν

407 1881 716 1975 ἶὲὶὲἒαέἕάλασσε
741 1881 781 1916 δὲ
803 1882 864 1914 καὶ
892 1879 936 1914 τά
970 1881 1043 1917 τῶν
1066 1884 1259 1926 γυναικῶν
1282 1881 1389 1925 βιζύα
1412 1881 1449 1915 Β.
1614 1882 1669 1914 23.
1693 1881 1738 1916 ια’

322 2019 499 2052 destinam
524 2017 646 2050 odium
672 2017 942 2050 benevolentiae
968 2022 1154 2061 praetextu
1181 2017 1427 2057 dissimulare,
1452 2028 1491 2050 ac
1521 2018 1640 2062 plures
1664 2029 1740 2051 esse

320 2066 437 2099 Alexii
464 2075 567 2108 quam
590 2064 715 2096 Isaacii
739 2069 916 2103 amantes,
940 2063 1047 2096 verba
1071 2064 1132 2095 illa
1156 2075 1220 2108 pro
1244 2065 1345 2107 nugis
1370 2064 1642 2108 aspernabatur,
1667 2075 1739 2097 non

323 2111 487 2144 adhibito
506 2110 660 2150 iudicio,
688 2115 730 2142 ut
753 2109 875 2154 lapide
898 2110 1094 2150 Herculeo,
1126 2110 1169 2142 ad
1194 2109 1394 2143 adulterina
1419 2110 1535 2142 fratris
1561 2116 1639 2142 acta
1675 2110 1739 2142 de-

320 2156 585 2202 prehendenda.
610 2157 681 2188 imo
707 2167 808 2199 asper
835 2157 872 2188 in
897 2155 1071 2188 delatores
1091 2161 1176 2197 erat,
1204 2157 1303 2200 quasi
1331 2156 1512 2189 caritatem
1539 2167 1634 2188 suam
1659 2166 1738 2199 erga

321 2204 463 2236 fratrem
484 2201 715 2234 indelebilem
741 2207 777 2234 et
801 2202 1008 2234 firmissimis
1034 2203 1151 2234 nixam
1177 2202 1353 2234 radicibus
1378 2202 1521 2234 abolere
1545 2207 1652 2246 atque
1677 2212 1738 2234 ex-

322 2249 467 2282 cindere
495 2249 655 2288 vellent,
691 2259 796 2292 quem
825 2248 937 2280 solum
964 2249 1119 2283 omnium
1143 2253 1299 2281 vastator
1322 2248 1542 2281 Andronicus
1569 2259 1640 2280 non
1665 2248 1739 2280 lae-

321 2297 436 2328 sisset.
461 2294 568 2337 igitur
590 2294 635 2326 ad
659 2294 869 2327 Radaestum
893 2295 1103 2326 maritimam
1131 2294 1253 2326 urbem
1284 2294 1462 2337 profectus
1490 2294 1676 2325 maximum
1702 2299 1740 2326 et

321 2340 458 2375 nomini
482 2350 544 2371 suo
570 2339 786 2383 respondens
814 2341 1082 2372 resurrectionis
1107 2339 1234 2372 festum
1262 2339 1427 2378 celebrat,
1456 2344 1491 2371 et
1513 2340 1640 2383 pascha
1663 2351 1739 2383 my·-

323 2387 448 2420 sticum
474 2386 634 2418 immolat
657 2391 692 2418 et
716 2386 891 2428 comedit3
928 2385 1052 2430 ibique
1075 2385 1283 2418 Basilacium
1323 2386 1510 2424 convenit,
1548 2386 1739 2418 inusitatae

321 2434 416 2466 vitae
440 2431 639 2470 hominem,
674 2442 822 2475 eamque
849 2432 1053 2476 opinionem
1084 2431 1179 2476 apud
1214 2441 1334 2463 omnes
1367 2436 1592 2464 consecutum
1636 2432 1739 2477 quasi

323 2480 441 2512 sutura
469 2477 694 2522 praevideret
718 2483 825 2521 atque
856 2477 1088 2521 praediceret.
1129 2477 1225 2509 unde
1263 2477 1412 2509 maxima
1446 2477 1627 2510 hominum
1667 2478 1739 2510 fre·

323 2525 471 2570 quentia
495 2523 539 2555 ad
563 2533 664 2563 eum,
682 2528 723 2555 ut
748 2524 833 2555 olim
856 2523 901 2555 ad
919 2524 1122 2555 Hammonis
1149 2528 1184 2555 et
1206 2522 1410 2566 Amphiarai
1436 2525 1629 2564 oraculum,
1653 2535 1739 2556 con-

322 2571 468 2604 fluebat.
495 2574 671 2602 caeterum
695 2569 787 2601 nihil
818 2570 892 2602 veri
927 2575 963 2600 et
989 2569 1167 2612 perspicui
1193 2568 1238 2601 de
1265 2568 1370 2602 rebus
1405 2570 1533 2602 futuris
1563 2569 1738 2614 loqueba-

322 2623 380 2649 tur
397 2642 407 2657 ,
433 2616 494 2649 sed
515 2615 621 2650 verba
647 2615 813 2655 confusa,
837 2615 930 2647 inter
946 2625 983 2646 se
1007 2613 1217 2646 dissidentia
1241 2619 1276 2647 et
1300 2615 1468 2659 perplexa
1492 2615 1676 2658 sundebat3
1701 2621 1738 2648 et

323 2663 480 2707 quamvis
509 2672 613 2706 saepe
639 2661 788 2693 ridicula
811 2660 982 2705 quaedam
1003 2660 1224 2701 admisceret,
1250 2666 1367 2693 tamen
1389 2661 1528 2694 turham
1555 2667 1735 2706 pastorum

324 2709 553 2754 agricolarum
578 2713 613 2741 et
639 2708 807 2751 remigum
836 2706 880 2740 ad
906 2718 944 2740 se
968 2705 1181 2742 attrahebat.
1209 2718 1290 2740 nam
1314 2708 1502 2747 mulierum
1529 2708 1574 2741 ad
1610 2718 1647 2742 se
1667 2718 1736 2742 -ve-
