1838 3210
263 167 333 219 82
380 146 383 148 i
675 175 903 216 NICETAE
962 171 1269 213 cHoNJATAE

260 283 311 335 κῆ
347 282 427 322 τῶν
473 275 577 319 ὁδῶν
625 272 722 313 καθ’
762 268 812 319 ἃς
841 268 877 311 οἱ
921 269 965 319 ἐξ
990 266 1166 325 ἑσπέρας
1193 270 1365 324 στρατοί
1391 265 1690 310 διελεύσονται·

262 347 335 386 καί
371 346 428 399 τῷ
470 339 575 397 λόγῳ
615 337 661 380 τὸ
689 335 808 391 ἔργον
850 334 1136 389 ἐπηκολούθει.
1192 332 1521 387 ὖποβλεπόμενος
1549 334 1596 375 δὲ
1621 336 1694 376 καί

260 409 448 450 ὑπονοῶν
486 406 544 459 μή
572 417 658 450 πως
694 403 738 442 ἐν
771 400 944 454 δέρματι
985 399 1207 462 προβάτων
1234 399 1415 448 λυκιδεῖς
1441 397 1634 454 ἔρχονται
1665 394 1695 454 ἢ

263 470 342 531 ὄνῳ
367 469 702 524 ὖποκρύπτονται
734 468 891 514 λέοντες
920 466 987 507 ἀπ’
1005 465 1191 513 ἐναντίας
1207 465 1263 520 τῷ
1294 464 1460 521 μυθικῷ
1489 461 1694 518 διηγήμα-

260 555 323 590 τι,
374 533 401 590 ἦ
441 534 514 589 τήν
555 534 722 586 λεοντῆν
761 533 963 584 ξυνέχωσι
1007 533 1057 587 τῇ
1096 528 1313 587 ἇλωπεκῇ,
1351 527 1427 578 τοὶς
1457 528 1730 583 Ῥωμαϊκὰς5

260 603 452 656 α’θροίζει
498 596 696 651 δυνάμεις
705 631 717 650 ,
747 598 1118 639 συνδιασκέπτεται
1145 596 1258 652 κοινῇ
1292 593 1390 650 περὶ
1414 596 1496 636 ταῖν
1523 595 1691 647 κοινῶν,

258 666 304 708 τὸ
337 668 495 719 πλῆθος
523 667 606 707 τῶν
634 661 1000 718 παρελευσομένων
1028 662 1216 716 στρατῶν
1244 662 1435 711 διέξεισι,
1466 661 1537 715 τῆς
1563 661 1693 702 ἵππου

258 729 304 771 τὸ
334 729 439 772 πολύ
471 731 704 783 καταλέγει,
731 726 777 770 τὸ
808 726 1015 769 ὁπλιτικὸν
1032 722 1127 769 ὅσον
1157 727 1373 782 διασαφεῖ,
1404 727 1478 780 τῆς
1508 725 1693 776 πεζεταί-

261 811 337 849 ρας
367 796 520 850 μοίρας
547 795 774 849 παρίστησι
802 790 847 834 τὸ
880 791 1158 847 μυρίανδρον,
1186 789 1233 832 τὸ
1262 788 1499 845 πάγχαλκον
1525 795 1694 846 περιλα-

157 867 245 911 P.42
258 864 328 901 λεῖ
361 860 433 901 καί
461 858 508 902 τὸ
559 858 730 915 φόνιον,
759 856 804 900 τὸ
847 860 931 911 πῦρ
962 858 1044 898 τῶν
1072 854 1266 909 ὀμμάτων
1289 853 1474 904 ἅπαντας
1500 857 1693 910 βλέπειν,
1712 876 1757 901 10

257 924 330 966 καί
352 931 438 974 τοῖς
479 924 653 977 αἵμασιν
695 921 1006 977 ἐπαγάλλεσθαι
1040 920 1097 970 ὥς
1129 922 1228 962 ου’δὲ
1260 921 1500 977 ραντισμοῖς
1528 918 1696 964 ὑδάτων

255 991 404 1044 ἕτεροι.
465 991 513 1031 οὐ
538 990 670 1031 ταῦτα
701 989 746 1030 δὲ
773 987 900 1041 μόνον
926 989 976 1044 τῇ
1002 988 1198 1044 γερουσία
1226 990 1491 1041 καταγγέλλει
1515 986 1588 1029 καί
1611 993 1696 1037 τοῖς

255 1056 392 1096 τέλεσι
440 1057 511 1096 καί
548 1053 884 1108 στρατεύμασιν,
932 1054 1019 1095 ἀλλ’
1063 1050 1143 1094 ὅσα
1174 1054 1246 1094 καί
1278 1051 1300 1093 ὅ
1335 1054 1380 1094 έκ
1407 1055 1596 1102 Σικελίας
1623 1050 1696 1096 τύ-

257 1135 425 1174 ραννος,
456 1117 595 1175 ὥσπερ
620 1118 703 1174 θὴρ
731 1117 916 1171 ἐνάλιος,
946 1117 1052 1160 κατὰ
1073 1120 1154 1159 τῶν
1173 1119 1522 1172 παραθαλαττίων
1543 1121 1696 1174 χωρῶν

144 1192 243 1228 V233
258 1185 580 1241 διαπράττεται,
617 1183 693 1240 τὴν
739 1180 875 1238 ἅλμην
915 1183 1076 1225 τύπτων
1121 1189 1208 1232 τοῖς
1254 1184 1466 1239 ἐρετμοῖς,
1507 1185 1579 1226 καί
1604 1189 1695 1234 ταῖς
1713 1187 1760 1229 15

259 1252 510 1304 Ῥωμαϊκαῖς
537 1247 853 1304 ἑνορμιζόμενος
880 1246 1140 1302 κωμοπόλεσι
1157 1280 1169 1302 ,
1198 1251 1271 1291 καί
1300 1249 1449 1305 κείρων
1470 1248 1523 1292 τοὶ
1552 1251 1596 1292 ἐν
1624 1266 1697 1291 πο-

257 1316 305 1359 σί
341 1314 446 1358 κατά
487 1313 642 1370 πολλὴν
685 1316 760 1356 τοῦ
786 1312 1062 1367 ἐπαμύνοντος
1092 1313 1284 1370 ἐρημίαν.
1340 1316 1412 1356 καί
1438 1313 1488 1370 δὴ
1517 1314 1592 1365 τοὶς
1619 1318 1697 1369 μὲν

258 1382 537 1437 πυργοβάρεις
560 1377 826 1430 έπισκευάζει
851 1381 923 1434 τῆς
943 1377 1100 1428 πόλεως
1128 1381 1202 1421 καί
1230 1381 1396 1435 τίθησιν
1423 1376 1594 1435 εὐερκέα
1622 1380 1697 1435 τήν

259 1444 358 1501 ὅλην
387 1448 464 1488 τοῦ
495 1444 723 1502 περιβόλου
752 1447 1026 1500 περίμετρον,
1053 1446 1103 1501 τῇ
1131 1446 1177 1486 δὲ
1203 1447 1377 1502 στρατιᾷ
1403 1447 1584 1500 χιτῶνας
1618 1462 1696 1502 φο·

259 1511 466 1559 λιδωτούς
485 1516 669 1566 χορηγεῖ,
692 1516 846 1559 κοντοῖς
867 1525 908 1551 τε
931 1511 1172 1561 καθοπλίζει
1196 1508 1435 1564 χαλκήρεσι,
1461 1510 1534 1552 καί
1558 1511 1699 1562 ἵπποις
1711 1530 1763 1555 20

263 1579 475 1633 δρομικοῖς
506 1577 700 1630 διεγείρει
739 1574 785 1616 τὸ
819 1575 1039 1631 φρόνημα,
1073 1574 1147 1616 καί
1165 1574 1393 1632 χρημάτων
1421 1576 1699 1631 ἐπιρρώννυσι

223 1641 517 1694 Βδιαδόσεσιν,
551 1639 581 1682 εἳ
606 1643 735 1696 νεῦρα
763 1643 845 1682 τῶν
875 1640 1131 1696 πραγμάτων
1161 1641 1343 1695 οἷρίστως
1369 1643 1450 1683 ταῖν
1476 1641 1604 1685 πάλαι
1635 1654 1698 1693 τις

261 1705 549 1760 κατωνόμασε.
607 1709 678 1748 καί
703 1701 811 1747 οὕτω
842 1704 920 1748 σὺν
956 1708 1042 1764 θεῷ
1073 1705 1325 1762 συλλήπτορι
1354 1706 1427 1749 καὶ
1450 1709 1500 1764 τῇ
1529 1707 1699 1757 πολιού-

353 1824 386 1856 3.
411 1823 602 1870 ὑπονοῶν]
630 1821 875 1864 διεννοιῦνΑ,
900 1822 1063 1857 διανοιὸν
1088 1824 1123 1856 Β.
1219 1825 1250 1858 8.
1280 1824 1496 1869 πεζαιτέρας
1509 1826 1548 1857 Α.
1649 1826 1697 1870 14.

353 1865 496 1916 ὥσπερ]
535 1864 595 1903 οἶα
609 1870 648 1902 Α.
777 1882 824 1914 ¹7·
849 1868 914 1907 τιὶς
938 1870 1009 1914 μὲν
1033 1869 1087 1916 π.]
1125 1861 1168 1902 τὰ
1194 1873 1296 1914 τείχη
1331 1873 1393 1912 τῆς
1417 1871 1564 1908 πόλεως
1595 1872 1698 1906 οἰκο-

354 1915 467 1949 «fouet
490 1918 552 1949 καὶ
585 1914 819 1960 ξυλόκαστρα
856 1916 982 1950 ἐπάνω
1015 1918 1090 1950 τῶν
1116 1919 1250 1960 τείχων
1282 1920 1411 1958 τίθησι
1434 1920 1496 1951 καὶ
1520 1917 1697 1963 χαλαστι-

355 1949 405 1995 κά
429 1962 465 1994 Β.
566 1974 614 2007 ¹9·
638 1961 814 2009 χιτῶνας]
854 1961 1003 2008 ἅρματα
1025 1960 1069 1996 τὰ
1106 1961 1203 2008 πρὸς
1225 1966 1357 2008 χρείαν
1384 1965 1420 1996 Β.

264 2082 309 2104 ne
336 2072 373 2104 in
395 2072 553 2115 pellibus
579 2073 698 2105 ovium
722 2073 799 2117 lupi
824 2075 1004 2114 venirent,
1042 2079 1105 2106 aut
1129 2079 1250 2106 contra
1281 2085 1387 2118 quam
1419 2073 1541 2107 fabula
1565 2080 1698 2117 narrat,

266 2117 330 2150 sub
357 2119 449 2150 asini
474 2118 610 2151 exuviis
634 2119 692 2151 leo
714 2119 854 2162 lateret,
883 2127 944 2153 aut
968 2121 1148 2152 leoninum
1172 2121 1303 2164 pellem
1327 2121 1475 2164 vulpina
1501 2120 1698 2165 obtegeret,

267 2165 440 2196 Romanas
461 2165 620 2207 legiones
645 2171 827 2206 convocat,
852 2167 998 2211 publice
1024 2166 1068 2199 de
1093 2177 1129 2198 re
1159 2167 1304 2210 publica
1332 2167 1535 2208 deliberat,
1562 2174 1697 2212 quanta

265 2210 459 2243 multitudo
496 2211 678 2254 copiarum
711 2214 905 2246 transitura
940 2214 987 2246 sit
1019 2214 1186 2256 exponit;
1224 2219 1379 2256 quantus
1417 2214 1465 2246 sit
1490 2214 1695 2259 equitatus,

265 2262 438 2300 quantum
463 2257 574 2299 gravis
599 2263 817 2300 armaturae,
844 2259 950 2304 quam
973 2260 1115 2292 infinita
1139 2259 1334 2292 multitudo
1359 2259 1521 2304 peditum
1540 2285 1550 2301 ‚
1574 2266 1615 2294 ut
1639 2266 1697 2295 to-

265 2303 293 2336 ti
319 2303 415 2335 aerei
437 2303 533 2343 sint,
565 2309 606 2336 ut
633 2303 794 2336 caedium
831 2306 947 2347 avidi,
970 2311 1243 2338 commemorat:
1268 2307 1464 2339 scintillare
1490 2307 1634 2348 oculos,
1659 2313 1698 2341 et

264 2359 388 2381 cruore
425 2348 596 2382 delectari
632 2351 742 2394 magis
780 2363 902 2385 omues
937 2363 1043 2396 quam
1083 2353 1171 2384 alios
1197 2363 1312 2396 aquae
1338 2353 1554 2397 aspersione.
1576 2365 1696 2399 neque

265 2405 348 2427 vero
373 2395 462 2428 haec
487 2395 661 2437 duntaxat
685 2398 824 2431 senatui
861 2398 1125 2442 magistratibus
1156 2404 1191 2431 et
1216 2400 1430 2432 exercitibus
1457 2404 1602 2440 narrat,
1632 2400 1697 2434 sed

266 2441 359 2474 illud
385 2442 493 2474 etiam
517 2442 690 2486 adiungit,
716 2444 1016 2487 quemadmodum
1041 2445 1186 2477 Siciliae
1207 2450 1378 2487 tyrannus
1402 2446 1514 2478 instar
1535 2446 1695 2480 marinae

264 2487 409 2520 belluae
437 2499 533 2521 oram
555 2490 769 2522 maritimam
796 2491 943 2524 infestet
958 2517 967 2532 ‚
1003 2497 1044 2524 ut
1067 2491 1113 2524 ad
1133 2492 1289 2524 Romana
1321 2491 1454 2537 oppida
1474 2493 1635 2536 appellat
1659 2500 1696 2528 et

266 2534 371 2567 obvia
407 2546 572 2580 quaeque
598 2541 732 2576 vastet,
771 2537 987 2581 prohibente
1010 2539 1164 2570 nemine.
1189 2537 1322 2571 deinde
1354 2544 1468 2572 turres
1493 2544 1530 2571 et
1561 2550 1695 2584 propu-

265 2581 415 2623 gnacula
438 2581 537 2614 urbis
565 2593 778 2627 omnemque
794 2585 976 2616 moenium
992 2584 1165 2617 ambitum
1187 2585 1383 2627 instaurat3
1409 2585 1582 2619 exercitui
1607 2585 1693 2619 lori—

264 2638 321 2662 cas
348 2628 426 2669 dat,
454 2628 595 2661 ferratis
619 2629 730 2663 hastis
761 2630 894 2663 milites
919 2636 1049 2671 armat,
1077 2632 1178 2675 equis
1203 2631 1387 2665 velocibus
1412 2641 1533 2664 eorum
1555 2632 1694 2666 animos

265 2674 420 2714 excitat,
448 2680 485 2708 et
507 2676 682 2719 pecuniae
707 2676 961 2710 distributione
987 2677 1194 2718 confirmat,
1220 2689 1328 2722 quam
1353 2689 1398 2711 ex
1428 2679 1587 2723 antiquis
1613 2679 1694 2723 qui-

265 2719 345 2754 dam
372 2731 487 2754 rerum
515 2732 640 2757 nervos
658 2724 853 2758 rectissime
877 2725 1082 2770 appellavit.
1112 2725 1161 2758 ita
1187 2724 1402 2769 legionibus,
1428 2725 1494 2759 deo
1520 2731 1556 2760 et
1581 2730 1692 2760 matre
