<?xml version="1.0" encoding="UTF-8"?>
<!DOCTYPE html PUBLIC "-//W3C//DTD XHTML 1.0 Transitional//EN"
    "http://www.w3.org/TR/xhtml1/DTD/xhtml1-transitional.dtd">
<html xmlns="http://www.w3.org/1999/xhtml" xml:lang="en" lang="en">
 <head>
  <title>
</title>
<meta http-equiv="Content-Type" content="text/html;charset=utf-8" />
  <meta name='ocr-system' content='tesseract 3.04.00' />
  <meta name='ocr-capabilities' content='ocr_page ocr_carea ocr_par ocr_line ocrx_word'/>
</head>
<body>
  <div class='ocr_page' id='page_1' title='image "./corpusscriptorum41niebuoft/corpusscriptorum41niebuoft_0111.png"; bbox 0 0 1838 3210; ppageno 0'>
   <div class='ocr_carea' id='block_1_1' title="bbox 411 160 1562 221">
    <p class='ocr_par' dir='ltr' id='par_1_1' title="bbox 411 160 1562 221">
     <span class='ocr_line' id='line_1_1' title="bbox 411 160 1562 221; baseline -0.004 -2"><span class='ocrx_word' id='word_1_1' title='bbox 411 181 482 220; x_wconf 77' lang='lat' dir='ltr'><strong><em>m:</em></strong></span> <span class='ocrx_word' id='word_1_2' title='bbox 525 180 776 221; x_wconf 79' lang='lat' dir='ltr'><strong>MANUELE</strong></span> <span class='ocrx_word' id='word_1_3' title='bbox 815 178 1074 221; x_wconf 76' lang='lat' dir='ltr'><strong>coMNENo</strong></span> <span class='ocrx_word' id='word_1_4' title='bbox 1114 178 1213 220; x_wconf 72' lang='lat' dir='ltr'><strong><em>Lm.</em></strong></span> <span class='ocrx_word' id='word_1_5' title='bbox 1264 181 1295 219; x_wconf 90' lang='lat'><strong><em>1.</em></strong></span> <span class='ocrx_word' id='word_1_6' title='bbox 1496 160 1562 214; x_wconf 88' lang='lat'><strong><em>81</em></strong></span> 
     </span>
    </p>
   </div>
   <div class='ocr_carea' id='block_1_2' title="bbox 84 274 1633 1775">
    <p class='ocr_par' dir='ltr' id='par_1_2' title="bbox 84 274 1633 1775">
     <span class='ocr_line' id='line_1_2' title="bbox 142 274 1571 334; baseline -0.003 -12"><span class='ocrx_word' id='word_1_7' title='bbox 142 280 246 334; x_wconf 85' lang='grc' dir='ltr'><strong><em>πρὸς</em></strong></span> <span class='ocrx_word' id='word_1_8' title='bbox 289 280 525 332; x_wconf 75' lang='grc' dir='ltr'><strong><em>ἑξομάλισιν</em></strong></span> <span class='ocrx_word' id='word_1_9' title='bbox 567 283 649 321; x_wconf 75' lang='grc' dir='ltr'><strong><em>ταῖν</em></strong></span> <span class='ocrx_word' id='word_1_10' title='bbox 673 281 824 333; x_wconf 64' lang='grc' dir='ltr'><strong><em>τριβων</em></strong></span> <span class='ocrx_word' id='word_1_11' title='bbox 851 276 1159 332; x_wconf 73' lang='grc' dir='ltr'><em>ἀναγκαιότατα</em></span> <span class='ocrx_word' id='word_1_12' title='bbox 1187 280 1259 319; x_wconf 81' lang='grc' dir='ltr'><em>καί</em></span> <span class='ocrx_word' id='word_1_13' title='bbox 1286 278 1394 329; x_wconf 80' lang='grc' dir='ltr'><strong><em>μόνα</em></strong></span> <span class='ocrx_word' id='word_1_14' title='bbox 1423 274 1571 331; x_wconf 81' lang='grc' dir='ltr'><strong><em>ἐπάγε-</em></strong></span> 
     </span>
     <span class='ocr_line' id='line_1_3' title="bbox 142 341 1577 399; baseline -0.002 -11"><span class='ocrx_word' id='word_1_15' title='bbox 142 349 259 388; x_wconf 87' lang='grc' dir='ltr'><strong><em>σθαι.</em></strong></span> <span class='ocrx_word' id='word_1_16' title='bbox 334 345 405 386; x_wconf 72' lang='grc' dir='ltr'><strong><em>διὰ</em></strong></span> <span class='ocrx_word' id='word_1_17' title='bbox 433 347 586 387; x_wconf 83' lang='grc' dir='ltr'><strong><em>τούτων</em></strong></span> <span class='ocrx_word' id='word_1_18' title='bbox 615 347 659 386; x_wconf 74' lang='grc' dir='ltr'><strong><em>δὲ</em></strong></span> <span class='ocrx_word' id='word_1_19' title='bbox 688 345 1005 399; x_wconf 84' lang='grc' dir='ltr'><strong><em>παρυπέφαινον</em></strong></span> <span class='ocrx_word' id='word_1_20' title='bbox 1035 341 1084 385; x_wconf 80' lang='grc' dir='ltr'><strong><em>οὖ</em></strong></span> <span class='ocrx_word' id='word_1_21' title='bbox 1113 343 1226 386; x_wconf 79' lang='grc' dir='ltr'><strong><em>πτύα</em></strong></span> <span class='ocrx_word' id='word_1_22' title='bbox 1254 342 1324 386; x_wconf 80' lang='grc' dir='ltr'><strong><em>καὶ</em></strong></span> <span class='ocrx_word' id='word_1_23' title='bbox 1351 341 1476 385; x_wconf 80' lang='grc' dir='ltr'><strong><em>τύκια</em></strong></span> <span class='ocrx_word' id='word_1_24' title='bbox 1502 346 1577 385; x_wconf 70' lang='grc' dir='ltr'><strong><em>καὶ</em></strong></span> 
     </span>
     <span class='ocr_line' id='line_1_4' title="bbox 143 407 1575 466; baseline -0.003 -13"><span class='ocrx_word' id='word_1_25' title='bbox 143 413 368 464; x_wconf 83' lang='grc' dir='ltr'><strong><em>σκαπάνας,</em></strong></span> <span class='ocrx_word' id='word_1_26' title='bbox 401 409 584 465; x_wconf 77' lang='grc' dir='ltr'><strong><em>θυρεοὺς</em></strong></span> <span class='ocrx_word' id='word_1_27' title='bbox 625 411 672 451; x_wconf 79' lang='grc' dir='ltr'><strong><em>δὲ</em></strong></span> <span class='ocrx_word' id='word_1_28' title='bbox 701 407 776 450; x_wconf 81' lang='grc' dir='ltr'><em>καί</em></span> <span class='ocrx_word' id='word_1_29' title='bbox 799 409 998 464; x_wconf 82' lang='grc' dir='ltr'><strong><em>θώρακας</em></strong></span> <span class='ocrx_word' id='word_1_30' title='bbox 1025 411 1099 451; x_wconf 83' lang='grc' dir='ltr'><em>καί</em></span> <span class='ocrx_word' id='word_1_31' title='bbox 1125 410 1343 466; x_wconf 76' lang='grc' dir='ltr'><strong><em>φάσγανα,</em></strong></span> <span class='ocrx_word' id='word_1_32' title='bbox 1371 410 1444 451; x_wconf 84' lang='grc' dir='ltr'><strong><em>καί</em></strong></span> <span class='ocrx_word' id='word_1_33' title='bbox 1469 407 1514 451; x_wconf 86' lang='grc' dir='ltr'><strong><em>εἴ</em></strong></span> <span class='ocrx_word' id='word_1_34' title='bbox 1533 425 1575 450; x_wconf 84' lang='grc' dir='ltr'><strong><em>τι</em></strong></span> 
     </span>
     <span class='ocr_line' id='line_1_5' title="bbox 143 472 1578 532; baseline -0.001 -14"><span class='ocrx_word' id='word_1_35' title='bbox 143 472 242 518; x_wconf 71' lang='grc' dir='ltr'><strong><em>ἄλλο</em></strong></span> <span class='ocrx_word' id='word_1_36' title='bbox 269 474 375 532; x_wconf 83' lang='grc' dir='ltr'><strong><em>πρὸς</em></strong></span> <span class='ocrx_word' id='word_1_37' title='bbox 401 476 580 528; x_wconf 87' lang='grc' dir='ltr'><strong><em>πόλεμον</em></strong></span> <span class='ocrx_word' id='word_1_38' title='bbox 605 472 854 528; x_wconf 78' lang='grc' dir='ltr'><strong><em>ἐπιτήδειον.</em></strong></span> <span class='ocrx_word' id='word_1_39' title='bbox 901 474 973 516; x_wconf 81' lang='grc' dir='ltr'><strong><em>καί</em></strong></span> <span class='ocrx_word' id='word_1_40' title='bbox 987 476 1104 516; x_wconf 79' lang='grc' dir='ltr'><strong><em>τοῦτο</em></strong></span> <span class='ocrx_word' id='word_1_41' title='bbox 1124 477 1202 527; x_wconf 80' lang='grc' dir='ltr'><strong><em>μὲν</em></strong></span> <span class='ocrx_word' id='word_1_42' title='bbox 1223 473 1271 516; x_wconf 83' lang='grc' dir='ltr'><strong><em>τὸ</em></strong></span> <span class='ocrx_word' id='word_1_43' title='bbox 1300 477 1578 530; x_wconf 82' lang='grc' dir='ltr'><strong><em>παρορμῆσαν</em></strong></span> 
     </span>
     <span class='ocr_line' id='line_1_6' title="bbox 108 536 1617 597; baseline 0 -16"><span class='ocrx_word' id='word_1_44' title='bbox 108 542 291 584; x_wconf 85' lang='grc' dir='ltr'><strong><em>5ἐκεῖνοι</em></strong></span> <span class='ocrx_word' id='word_1_45' title='bbox 310 538 615 597; x_wconf 79' lang='grc' dir='ltr'><strong><em>προυβάλλοντο</em></strong></span> <span class='ocrx_word' id='word_1_46' title='bbox 639 539 712 581; x_wconf 77' lang='grc' dir='ltr'><strong><em>καὶ</em></strong></span> <span class='ocrx_word' id='word_1_47' title='bbox 732 537 975 591; x_wconf 80' lang='grc' dir='ltr'><strong><em>διώμνυντο,</em></strong></span> <span class='ocrx_word' id='word_1_48' title='bbox 1002 542 1075 581; x_wconf 83' lang='grc' dir='ltr'>καί</span> <span class='ocrx_word' id='word_1_49' title='bbox 1090 536 1153 596; x_wconf 80' lang='grc' dir='ltr'><strong><em>ἧν,</em></strong></span> <span class='ocrx_word' id='word_1_50' title='bbox 1178 538 1234 590; x_wconf 81' lang='grc' dir='ltr'><strong><em>ὦς</em></strong></span> <span class='ocrx_word' id='word_1_51' title='bbox 1252 543 1298 584; x_wconf 78' lang='grc' dir='ltr'><strong><em>ἐκ</em></strong></span> <span class='ocrx_word' id='word_1_52' title='bbox 1310 543 1394 583; x_wconf 79' lang='grc' dir='ltr'><strong><em>τῶν</em></strong></span> <span class='ocrx_word' id='word_1_53' title='bbox 1406 538 1617 596; x_wconf 74' lang='grc' dir='ltr'><strong><em>ὕστερονῦ</em></strong></span> 
     </span>
     <span class='ocr_line' id='line_1_7' title="bbox 144 603 1580 660; baseline 0.001 -13"><span class='ocrx_word' id='word_1_54' title='bbox 144 605 329 659; x_wconf 76' lang='grc' dir='ltr'><strong><em>ἔδειξαν,</em></strong></span> <span class='ocrx_word' id='word_1_55' title='bbox 359 607 434 648; x_wconf 72' lang='grc' dir='ltr'><strong><em>οὐκ</em></strong></span> <span class='ocrx_word' id='word_1_56' title='bbox 470 606 707 659; x_wconf 72' lang='grc' dir='ltr'><strong><em>ἐψευσμένα</em></strong></span> <span class='ocrx_word' id='word_1_57' title='bbox 746 603 798 645; x_wconf 79' lang='grc' dir='ltr'><strong><em>τὰ</em></strong></span> <span class='ocrx_word' id='word_1_58' title='bbox 824 603 893 645; x_wconf 73' lang='grc' dir='ltr'><strong><em>ὑπ’</em></strong></span> <span class='ocrx_word' id='word_1_59' title='bbox 920 605 1086 646; x_wconf 75' lang='grc' dir='ltr'><strong><em>ἐκείνων</em></strong></span> <span class='ocrx_word' id='word_1_60' title='bbox 1115 603 1327 658; x_wconf 78' lang='grc' dir='ltr'><strong><em>λεγόμενα.</em></strong></span> <span class='ocrx_word' id='word_1_61' title='bbox 1386 609 1580 660; x_wconf 83' lang='grc' dir='ltr'><strong><em>πέμψαν-</em></strong></span> 
     </span>
     <span class='ocr_line' id='line_1_8' title="bbox 143 669 1583 727; baseline 0 -14"><span class='ocrx_word' id='word_1_62' title='bbox 143 687 213 720; x_wconf 85' lang='grc' dir='ltr'><strong><em>τες</em></strong></span> <span class='ocrx_word' id='word_1_63' title='bbox 250 673 297 713; x_wconf 83' lang='grc' dir='ltr'><strong><em>δὲ</em></strong></span> <span class='ocrx_word' id='word_1_64' title='bbox 336 671 622 726; x_wconf 80' lang='grc' dir='ltr'><strong><em>πρεσβευτάς,</em></strong></span> <span class='ocrx_word' id='word_1_65' title='bbox 663 670 721 718; x_wconf 77' lang='grc' dir='ltr'><strong><em>ὦς</em></strong></span> <span class='ocrx_word' id='word_1_66' title='bbox 763 669 832 710; x_wconf 76' lang='grc' dir='ltr'><strong><em>διὰ</em></strong></span> <span class='ocrx_word' id='word_1_67' title='bbox 865 671 1037 725; x_wconf 83' lang='grc' dir='ltr'><strong><em>φιλίας,</em></strong></span> <span class='ocrx_word' id='word_1_68' title='bbox 1086 672 1260 727; x_wconf 75' lang='grc' dir='ltr'><em>ᾐτοῦντο</em></span> <span class='ocrx_word' id='word_1_69' title='bbox 1307 671 1378 714; x_wconf 88' lang='grc' dir='ltr'><strong><em>τὸν</em></strong></span> <span class='ocrx_word' id='word_1_70' title='bbox 1404 675 1583 725; x_wconf 81' lang='grc' dir='ltr'><strong><em>βασιλέα</em></strong></span> 
     </span>
     <span class='ocr_line' id='line_1_9' title="bbox 137 733 1584 792; baseline 0.001 -15"><span class='ocrx_word' id='word_1_71' title='bbox 137 735 215 778; x_wconf 77' lang='grc' dir='ltr'><strong><em>τὸν</em></strong></span> <span class='ocrx_word' id='word_1_72' title='bbox 241 737 323 778; x_wconf 68' lang='grc' dir='ltr'><strong><em>τῶν</em></strong></span> <span class='ocrx_word' id='word_1_73' title='bbox 360 735 578 788; x_wconf 83' lang='grc' dir='ltr'><strong><em>Ῥωμαίων</em></strong></span> <span class='ocrx_word' id='word_1_74' title='bbox 604 738 851 789; x_wconf 73' lang='grc' dir='ltr'><strong><em>παρελθεῖν,</em></strong></span> <span class='ocrx_word' id='word_1_75' title='bbox 900 734 972 776; x_wconf 83' lang='grc' dir='ltr'>καί</span> <span class='ocrx_word' id='word_1_76' title='bbox 997 733 1153 791; x_wconf 77' lang='grc' dir='ltr'><strong><em>ᾰγορὰς</em></strong></span> <span class='ocrx_word' id='word_1_77' title='bbox 1183 736 1328 786; x_wconf 77' lang='grc' dir='ltr'><strong><em>αὐτοῖς</em></strong></span> <span class='ocrx_word' id='word_1_78' title='bbox 1356 737 1584 792; x_wconf 80' lang='grc' dir='ltr'><strong><em>παροδίους</em></strong></span> 
     </span>
     <span class='ocr_line' id='line_1_10' title="bbox 144 795 1585 858; baseline 0.001 -16"><span class='ocrx_word' id='word_1_79' title='bbox 144 802 435 857; x_wconf 76' lang='grc' dir='ltr'><strong><em>προτίθεσθαι,</em></strong></span> <span class='ocrx_word' id='word_1_80' title='bbox 463 803 508 850; x_wconf 78' lang='grc' dir='ltr'><strong><em>ε”ξ</em></strong></span> <span class='ocrx_word' id='word_1_81' title='bbox 533 795 591 842; x_wconf 70' lang='grc' dir='ltr'><strong><em>ὧν</em></strong></span> <span class='ocrx_word' id='word_1_82' title='bbox 617 801 845 855; x_wconf 71' lang='grc' dir='ltr'><strong><em>ὠνήσονται</em></strong></span> <span class='ocrx_word' id='word_1_83' title='bbox 872 802 943 841; x_wconf 87' lang='grc' dir='ltr'><em>καί</em></span> <span class='ocrx_word' id='word_1_84' title='bbox 970 797 1084 849; x_wconf 75' lang='grc' dir='ltr'><strong><em>ὅσοις</em></strong></span> <span class='ocrx_word' id='word_1_85' title='bbox 1113 796 1333 856; x_wconf 72' lang='grc' dir='ltr'><strong><em>ἅνθρωποι</em></strong></span> <span class='ocrx_word' id='word_1_86' title='bbox 1362 805 1585 858; x_wconf 86' lang='grc' dir='ltr'><strong><em>τρέφονται</em></strong></span> 
     </span>
     <span class='ocr_line' id='line_1_11' title="bbox 88 862 1586 921; baseline 0 -12"><span class='ocrx_word' id='word_1_87' title='bbox 88 882 133 909; x_wconf 83' lang='grc' dir='ltr'><strong><em>ιο</em></strong></span> <span class='ocrx_word' id='word_1_88' title='bbox 145 868 214 909; x_wconf 84' lang='grc' dir='ltr'><strong><em>καί</em></strong></span> <span class='ocrx_word' id='word_1_89' title='bbox 240 862 321 908; x_wconf 74' lang='grc' dir='ltr'><strong><em>ὅσα</em></strong></span> <span class='ocrx_word' id='word_1_90' title='bbox 348 866 487 915; x_wconf 77' lang='grc' dir='ltr'><strong><em>ἵπποις</em></strong></span> <span class='ocrx_word' id='word_1_91' title='bbox 535 869 850 921; x_wconf 82' lang='grc' dir='ltr'><strong><em>ξυμβέβληνται.</em></strong></span> <span class='ocrx_word' id='word_1_92' title='bbox 910 866 932 907; x_wconf 79' lang='grc' dir='ltr'>ὅ</span> <span class='ocrx_word' id='word_1_93' title='bbox 965 868 1011 907; x_wconf 78' lang='grc' dir='ltr'><strong><em>δὲ</em></strong></span> <span class='ocrx_word' id='word_1_94' title='bbox 1038 866 1264 920; x_wconf 82' lang='grc' dir='ltr'><strong><em>βασιλεύς,</em></strong></span> <span class='ocrx_word' id='word_1_95' title='bbox 1292 867 1350 916; x_wconf 76' lang='grc' dir='ltr'><strong><em>ὥς</em></strong></span> <span class='ocrx_word' id='word_1_96' title='bbox 1380 866 1509 919; x_wconf 84' lang='grc' dir='ltr'><strong><em>εἰκός,</em></strong></span> <span class='ocrx_word' id='word_1_97' title='bbox 1540 869 1586 909; x_wconf 79' lang='grc' dir='ltr'><strong><em>ἐκ</em></strong></span> 
     </span>
     <span class='ocr_line' id='line_1_12' title="bbox 143 930 1588 990; baseline -0.001 -16"><span class='ocrx_word' id='word_1_98' title='bbox 143 933 219 974; x_wconf 77' lang='grc' dir='ltr'><strong><em>τοῦ</em></strong></span> <span class='ocrx_word' id='word_1_99' title='bbox 246 933 508 988; x_wconf 82' lang='grc' dir='ltr'><strong><em>παραχρῆμα</em></strong></span> <span class='ocrx_word' id='word_1_100' title='bbox 554 930 859 988; x_wconf 73' lang='grc' dir='ltr'><strong><em>διαταραχθεὶς</em></strong></span> <span class='ocrx_word' id='word_1_101' title='bbox 899 930 975 986; x_wconf 77' lang='grc' dir='ltr'><strong><em>τήν</em></strong></span> <span class='ocrx_word' id='word_1_102' title='bbox 1014 931 1161 987; x_wconf 73' lang='grc' dir='ltr'><strong><em>ψυχὴν</em></strong></span> <span class='ocrx_word' id='word_1_103' title='bbox 1195 934 1252 990; x_wconf 71' lang='grc' dir='ltr'><strong><em>τῷ</em></strong></span> <span class='ocrx_word' id='word_1_104' title='bbox 1303 933 1468 990; x_wconf 76' lang='grc' dir='ltr'><strong><em>ἅέλπτῳ</em></strong></span> <span class='ocrx_word' id='word_1_105' title='bbox 1510 935 1588 974; x_wconf 80' lang='grc' dir='ltr'><strong><em>τοῦ</em></strong></span> 
     </span>
     <span class='ocr_line' id='line_1_13' title="bbox 143 996 1583 1055; baseline 0 -16"><span class='ocrx_word' id='word_1_106' title='bbox 143 996 383 1053; x_wconf 78' lang='grc' dir='ltr'><strong><em>πράγματος</em></strong></span> <span class='ocrx_word' id='word_1_107' title='bbox 425 999 497 1039; x_wconf 82' lang='grc' dir='ltr'>καί</span> <span class='ocrx_word' id='word_1_108' title='bbox 521 998 695 1052; x_wconf 78' lang='grc' dir='ltr'><strong><em>μηδέπω</em></strong></span> <span class='ocrx_word' id='word_1_109' title='bbox 735 999 795 1047; x_wconf 84' lang='grc' dir='ltr'><strong><em>εἷς</em></strong></span> <span class='ocrx_word' id='word_1_110' title='bbox 820 996 865 1039; x_wconf 86' lang='grc' dir='ltr'>τὸ</span> <span class='ocrx_word' id='word_1_111' title='bbox 893 999 981 1039; x_wconf 88' lang='grc' dir='ltr'><strong><em>κατ’</em></strong></span> <span class='ocrx_word' id='word_1_112' title='bbox 1014 998 1144 1039; x_wconf 79' lang='grc' dir='ltr'><strong><em>ἐκεῖνο</em></strong></span> <span class='ocrx_word' id='word_1_113' title='bbox 1172 1000 1326 1053; x_wconf 82' lang='grc' dir='ltr'><strong><em>καιροῦ</em></strong></span> <span class='ocrx_word' id='word_1_114' title='bbox 1354 1000 1583 1055; x_wconf 76' lang='grc' dir='ltr'><strong><em>γενομένῳ,</em></strong></span> 
     </span>
     <span class='ocr_line' id='line_1_14' title="bbox 144 1059 1586 1117; baseline 0 -14"><span class='ocrx_word' id='word_1_115' title='bbox 144 1063 220 1104; x_wconf 66' lang='grc' dir='ltr'><strong><em>οὐκ</em></strong></span> <span class='ocrx_word' id='word_1_116' title='bbox 254 1063 402 1117; x_wconf 69' lang='grc' dir='ltr'><strong><em>ἀνῆκεν</em></strong></span> <span class='ocrx_word' id='word_1_117' title='bbox 429 1059 543 1115; x_wconf 72' lang='grc' dir='ltr'><strong><em>ὅμως</em></strong></span> <span class='ocrx_word' id='word_1_118' title='bbox 576 1064 661 1104; x_wconf 73' lang='grc' dir='ltr'><strong><em>τῶν</em></strong></span> <span class='ocrx_word' id='word_1_119' title='bbox 689 1060 964 1105; x_wconf 88' lang='grc' dir='ltr'><strong><em>συνοισόντων</em></strong></span> <span class='ocrx_word' id='word_1_120' title='bbox 988 1063 1294 1116; x_wconf 71' lang='grc' dir='ltr'><strong><em>ἐπιμελόμενοςὁ</em></strong></span> <span class='ocrx_word' id='word_1_121' title='bbox 1323 1069 1408 1112; x_wconf 84' lang='grc' dir='ltr'><strong><em>τοῖς</em></strong></span> <span class='ocrx_word' id='word_1_122' title='bbox 1438 1078 1484 1104; x_wconf 84' lang='grc' dir='ltr'><strong><em>τε</em></strong></span> <span class='ocrx_word' id='word_1_123' title='bbox 1507 1062 1586 1117; x_wconf 85' lang='grc' dir='ltr'><strong><em>γὰρ</em></strong></span> 
     </span>
     <span class='ocr_line' id='line_1_15' title="bbox 146 1126 1590 1184; baseline -0.002 -14"><span class='ocrx_word' id='word_1_124' title='bbox 146 1130 344 1183; x_wconf 83' lang='grc' dir='ltr'><strong><em>πρέσβεσι</em></strong></span> <span class='ocrx_word' id='word_1_125' title='bbox 375 1129 590 1182; x_wconf 75' lang='grc' dir='ltr'><strong><em>ὃιειλέχθη</em></strong></span> <span class='ocrx_word' id='word_1_126' title='bbox 620 1126 726 1181; x_wconf 76' lang='grc' dir='ltr'><strong><em>μετὰ</em></strong></span> <span class='ocrx_word' id='word_1_127' title='bbox 745 1130 996 1183; x_wconf 81' lang='grc' dir='ltr'><strong><em>προσηνείας</em></strong></span> <span class='ocrx_word' id='word_1_128' title='bbox 1023 1126 1077 1170; x_wconf 73' lang='grc' dir='ltr'><strong><em>τὰ</em></strong></span> <span class='ocrx_word' id='word_1_129' title='bbox 1107 1127 1345 1184; x_wconf 82' lang='grc' dir='ltr'><strong><em>πρόσφορα,</em></strong></span> <span class='ocrx_word' id='word_1_130' title='bbox 1372 1130 1445 1170; x_wconf 86' lang='grc' dir='ltr'><strong><em>καί</em></strong></span> <span class='ocrx_word' id='word_1_131' title='bbox 1471 1129 1590 1169; x_wconf 77' lang='grc' dir='ltr'><strong><em>ἐπαι-</em></strong></span> 
     </span>
     <span class='ocr_line' id='line_1_16' title="bbox 87 1189 1591 1249; baseline -0.002 -13"><span class='ocrx_word' id='word_1_132' title='bbox 87 1196 232 1238; x_wconf 85' lang='grc' dir='ltr'><strong><em>ι5νεῖν</em></strong></span> <span class='ocrx_word' id='word_1_133' title='bbox 269 1190 608 1249; x_wconf 73' lang='grc' dir='ltr'><strong><em>ὑπερβαλλόντως</em></strong></span> <span class='ocrx_word' id='word_1_134' title='bbox 650 1192 700 1235; x_wconf 83' lang='grc' dir='ltr'><strong><em>τὰ</em></strong></span> <span class='ocrx_word' id='word_1_135' title='bbox 749 1191 944 1249; x_wconf 76' lang='grc' dir='ltr'><strong><em>δρώμενα</em></strong></span> <span class='ocrx_word' id='word_1_136' title='bbox 993 1194 1263 1248; x_wconf 75' lang='grc' dir='ltr'><strong><em>ὑπεκρίνετο,</em></strong></span> <span class='ocrx_word' id='word_1_137' title='bbox 1304 1194 1378 1235; x_wconf 86' lang='grc' dir='ltr'><em>καί</em></span> <span class='ocrx_word' id='word_1_138' title='bbox 1401 1189 1591 1248; x_wconf 71' lang='grc' dir='ltr'><strong><em>ἄγασθαι</em></strong></span> 
     </span>
     <span class='ocr_line' id='line_1_17' title="bbox 147 1258 1633 1315; baseline 0.001 -14"><span class='ocrx_word' id='word_1_139' title='bbox 147 1258 302 1309; x_wconf 70' lang='grc' dir='ltr'><strong><em>αΰτούς</em></strong></span> <span class='ocrx_word' id='word_1_140' title='bbox 341 1261 415 1314; x_wconf 81' lang='grc' dir='ltr'><strong><em>τῆς</em></strong></span> <span class='ocrx_word' id='word_1_141' title='bbox 453 1260 653 1313; x_wconf 72' lang='grc' dir='ltr'><strong><em>ετῖσεβοῦς</em></strong></span> <span class='ocrx_word' id='word_1_142' title='bbox 680 1264 967 1315; x_wconf 81' lang='grc' dir='ltr'><strong><em>προσεποιεῖτο</em></strong></span> <span class='ocrx_word' id='word_1_143' title='bbox 1006 1261 1271 1314; x_wconf 78' lang='grc' dir='ltr'><strong><em>προθέσεως,</em></strong></span> <span class='ocrx_word' id='word_1_144' title='bbox 1305 1260 1384 1300; x_wconf 74' lang='grc' dir='ltr'><strong><em>κάκ</em></strong></span> <span class='ocrx_word' id='word_1_145' title='bbox 1410 1261 1484 1301; x_wconf 80' lang='grc' dir='ltr'><strong><em>τοῦ</em></strong></span> <span class='ocrx_word' id='word_1_146' title='bbox 1511 1259 1633 1302; x_wconf 77' lang='grc' dir='ltr'><strong><em>αὕ-Ι)</em></strong></span> 
     </span>
     <span class='ocr_line' id='line_1_18' title="bbox 147 1322 1591 1381; baseline -0.002 -13"><span class='ocrx_word' id='word_1_147' title='bbox 147 1328 242 1368; x_wconf 86' lang='grc' dir='ltr'><strong><em>τίκα</em></strong></span> <span class='ocrx_word' id='word_1_148' title='bbox 275 1323 326 1379; x_wconf 74' lang='grc' dir='ltr'><em>δὴ</em></span> <span class='ocrx_word' id='word_1_149' title='bbox 356 1326 473 1378; x_wconf 78' lang='grc' dir='ltr'><strong><em>μάλα</em></strong></span> <span class='ocrx_word' id='word_1_150' title='bbox 498 1322 808 1378; x_wconf 72' lang='grc' dir='ltr'><strong><em>ἑτοιμάσασθαι</em></strong></span> <span class='ocrx_word' id='word_1_151' title='bbox 836 1325 889 1367; x_wconf 77' lang='grc' dir='ltr'><strong><em>τὰ</em></strong></span> <span class='ocrx_word' id='word_1_152' title='bbox 917 1324 1024 1381; x_wconf 87' lang='grc' dir='ltr'><strong><em>πρὸς</em></strong></span> <span class='ocrx_word' id='word_1_153' title='bbox 1052 1326 1259 1367; x_wconf 77' lang='grc' dir='ltr'><strong><em>ὃιέλευσιν</em></strong></span> <span class='ocrx_word' id='word_1_154' title='bbox 1296 1326 1591 1379; x_wconf 82' lang='grc' dir='ltr'><strong><em>ἐπηγγέλλετο,</em></strong></span> 
     </span>
     <span class='ocr_line' id='line_1_19' title="bbox 147 1385 1592 1446; baseline -0.001 -14"><span class='ocrx_word' id='word_1_155' title='bbox 147 1385 317 1446; x_wconf 69' lang='grc' dir='ltr'><strong><em>ἄφθονά</em></strong></span> <span class='ocrx_word' id='word_1_156' title='bbox 345 1406 390 1431; x_wconf 86' lang='grc' dir='ltr'><strong><em>τε</em></strong></span> <span class='ocrx_word' id='word_1_157' title='bbox 419 1390 678 1445; x_wconf 77' lang='grc' dir='ltr'><strong><em>εὕτρεπίσειν</em></strong></span> <span class='ocrx_word' id='word_1_158' title='bbox 694 1393 770 1432; x_wconf 80' lang='grc' dir='ltr'>καί</span> <span class='ocrx_word' id='word_1_159' title='bbox 782 1390 926 1444; x_wconf 77' lang='grc' dir='ltr'><strong><em>ἕτοιμα</em></strong></span> <span class='ocrx_word' id='word_1_160' title='bbox 945 1389 1076 1440; x_wconf 66' lang='grc' dir='ltr'><strong><em>οὕτως</em></strong></span> <span class='ocrx_word' id='word_1_161' title='bbox 1092 1393 1237 1444; x_wconf 82' lang='grc' dir='ltr'><strong><em>λαβεῖν</em></strong></span> <span class='ocrx_word' id='word_1_162' title='bbox 1254 1388 1305 1431; x_wconf 78' lang='grc' dir='ltr'><strong><em>τὰ</em></strong></span> <span class='ocrx_word' id='word_1_163' title='bbox 1335 1387 1440 1432; x_wconf 76' lang='grc' dir='ltr'><strong><em>ὤνια</em></strong></span> <span class='ocrx_word' id='word_1_164' title='bbox 1469 1392 1592 1444; x_wconf 81' lang='grc' dir='ltr'><strong><em>ἰσχυ-</em></strong></span> 
     </span>
     <span class='ocr_line' id='line_1_20' title="bbox 145 1454 1592 1511; baseline 0.001 -15"><span class='ocrx_word' id='word_1_165' title='bbox 145 1456 280 1508; x_wconf 88' lang='grc' dir='ltr'><strong><em>ρίζετο</em></strong></span> <span class='ocrx_word' id='word_1_166' title='bbox 309 1454 366 1504; x_wconf 77' lang='grc' dir='ltr'><strong><em>ὥς</em></strong></span> <span class='ocrx_word' id='word_1_167' title='bbox 391 1454 505 1511; x_wconf 85' lang='grc' dir='ltr'><strong><em>εἴπερ</em></strong></span> <span class='ocrx_word' id='word_1_168' title='bbox 534 1457 585 1498; x_wconf 88' lang='grc' dir='ltr'><strong><em>ου’</em></strong></span> <span class='ocrx_word' id='word_1_169' title='bbox 611 1457 664 1497; x_wconf 76' lang='grc' dir='ltr'><strong><em>δι’</em></strong></span> <span class='ocrx_word' id='word_1_170' title='bbox 707 1456 930 1510; x_wconf 71' lang='grc' dir='ltr'><strong><em>ἀλλοτρίας</em></strong></span> <span class='ocrx_word' id='word_1_171' title='bbox 959 1455 1065 1498; x_wconf 71' lang='grc' dir='ltr'><strong><em>ἀλλὰ</em></strong></span> <span class='ocrx_word' id='word_1_172' title='bbox 1094 1454 1164 1498; x_wconf 70' lang='grc' dir='ltr'><strong><em>διὰ</em></strong></span> <span class='ocrx_word' id='word_1_173' title='bbox 1195 1459 1268 1510; x_wconf 82' lang='grc' dir='ltr'><strong><em>τῆς</em></strong></span> <span class='ocrx_word' id='word_1_174' title='bbox 1295 1457 1415 1511; x_wconf 74' lang='grc' dir='ltr'><strong><em>σφῶν</em></strong></span> <span class='ocrx_word' id='word_1_175' title='bbox 1445 1455 1592 1511; x_wconf 78' lang='grc' dir='ltr'><strong><em>παρώ-</em></strong></span> 
     </span>
     <span class='ocr_line' id='line_1_21' title="bbox 84 1517 1593 1577; baseline -0.002 -13"><span class='ocrx_word' id='word_1_176' title='bbox 84 1536 135 1564; x_wconf 80' lang='lat'><strong><em>20</em></strong></span> <span class='ocrx_word' id='word_1_177' title='bbox 148 1521 268 1563; x_wconf 84' lang='grc' dir='ltr'><strong><em>δευον</em></strong></span> <span class='ocrx_word' id='word_1_178' title='bbox 303 1521 472 1577; x_wconf 77' lang='grc' dir='ltr'><strong><em>χώρας,</em></strong></span> <span class='ocrx_word' id='word_1_179' title='bbox 514 1517 566 1563; x_wconf 75' lang='grc' dir='ltr'><strong><em>ιῖν</em></strong></span> <span class='ocrx_word' id='word_1_180' title='bbox 601 1519 786 1564; x_wconf 73' lang='grc' dir='ltr'><strong><em>δώσουσι</em></strong></span> <span class='ocrx_word' id='word_1_181' title='bbox 824 1519 951 1575; x_wconf 86' lang='grc' dir='ltr'><strong><em>μόνον</em></strong></span> <span class='ocrx_word' id='word_1_182' title='bbox 978 1518 1103 1577; x_wconf 72' lang='grc' dir='ltr'><strong><em>ὅρκια</em></strong></span> <span class='ocrx_word' id='word_1_183' title='bbox 1145 1521 1270 1564; x_wconf 85' lang='grc' dir='ltr'><strong><em>πιστὰ</em></strong></span> <span class='ocrx_word' id='word_1_184' title='bbox 1302 1522 1358 1570; x_wconf 76' lang='grc' dir='ltr'><strong><em>ὥς</em></strong></span> <span class='ocrx_word' id='word_1_185' title='bbox 1385 1520 1593 1577; x_wconf 80' lang='grc' dir='ltr'><strong><em>θεοφιλὴς</em></strong></span> 
     </span>
     <span class='ocr_line' id='line_1_22' title="bbox 147 1582 1591 1643; baseline -0.001 -15"><span class='ocrx_word' id='word_1_186' title='bbox 147 1586 289 1637; x_wconf 71' lang='grc' dir='ltr'><strong><em>αὐτοῖς</em></strong></span> <span class='ocrx_word' id='word_1_187' title='bbox 321 1586 348 1642; x_wconf 81' lang='grc' dir='ltr'><strong><em>ἦ</em></strong></span> <span class='ocrx_word' id='word_1_188' title='bbox 399 1588 538 1636; x_wconf 77' lang='grc' dir='ltr'><strong><em>δίοδος</em></strong></span> <span class='ocrx_word' id='word_1_189' title='bbox 573 1588 743 1643; x_wconf 74' lang='grc' dir='ltr'><strong><em>ἀληθῶς</em></strong></span> <span class='ocrx_word' id='word_1_190' title='bbox 775 1590 851 1630; x_wconf 81' lang='grc' dir='ltr'>καί</span> <span class='ocrx_word' id='word_1_191' title='bbox 875 1587 932 1636; x_wconf 73' lang='grc' dir='ltr'><strong><em>ὥς</em></strong></span> <span class='ocrx_word' id='word_1_192' title='bbox 960 1584 1150 1642; x_wconf 71' lang='grc' dir='ltr'><strong><em>ἀμαχητὶ</em></strong></span> <span class='ocrx_word' id='word_1_193' title='bbox 1172 1587 1226 1629; x_wconf 82' lang='grc' dir='ltr'><strong><em>τὰ</em></strong></span> <span class='ocrx_word' id='word_1_194' title='bbox 1245 1586 1464 1640; x_wconf 88' lang='grc' dir='ltr'><strong><em>Ῥωμαίων</em></strong></span> <span class='ocrx_word' id='word_1_195' title='bbox 1491 1582 1591 1642; x_wconf 79' lang='grc' dir='ltr'><strong><em>ὅρια</em></strong></span> 
     </span>
     <span class='ocr_line' id='line_1_23' title="bbox 146 1647 1592 1709; baseline -0.001 -15"><span class='ocrx_word' id='word_1_196' title='bbox 146 1650 463 1709; x_wconf 73' lang='grc' dir='ltr'><strong><em>ὕπερβήσονται.</em></strong></span> <span class='ocrx_word' id='word_1_197' title='bbox 522 1655 643 1695; x_wconf 77' lang='grc' dir='ltr'><strong><em>ταῦτ’</em></strong></span> <span class='ocrx_word' id='word_1_198' title='bbox 676 1647 751 1696; x_wconf 74' lang='grc' dir='ltr'><strong><em>οὖν</em></strong></span> <span class='ocrx_word' id='word_1_199' title='bbox 778 1652 836 1702; x_wconf 74' lang='grc' dir='ltr'><strong><em>ὥς</em></strong></span> <span class='ocrx_word' id='word_1_200' title='bbox 863 1651 972 1703; x_wconf 78' lang='grc' dir='ltr'><strong><em>εἰκὸς</em></strong></span> <span class='ocrx_word' id='word_1_201' title='bbox 994 1653 1373 1708; x_wconf 80' lang='grc' dir='ltr'><strong><em>καταστησάμενος,</em></strong></span> <span class='ocrx_word' id='word_1_202' title='bbox 1402 1653 1592 1694; x_wconf 78' lang='grc' dir='ltr'><strong><em>ἅπαντα·</em></strong></span> 
     </span>
     <span class='ocr_line' id='line_1_24' title="bbox 146 1716 1590 1775; baseline -0.001 -15"><span class='ocrx_word' id='word_1_203' title='bbox 146 1720 203 1775; x_wconf 81' lang='grc' dir='ltr'><em>χῇ</em></span> <span class='ocrx_word' id='word_1_204' title='bbox 241 1719 481 1772; x_wconf 81' lang='grc' dir='ltr'><strong><em>διεκπέμπει</em></strong></span> <span class='ocrx_word' id='word_1_205' title='bbox 519 1721 713 1772; x_wconf 86' lang='grc' dir='ltr'><strong><em>βασίλεια</em></strong></span> <span class='ocrx_word' id='word_1_206' title='bbox 755 1718 1018 1773; x_wconf 71' lang='grc' dir='ltr'><strong><em>διατάγματα</em></strong></span> <span class='ocrx_word' id='word_1_207' title='bbox 1043 1721 1340 1773; x_wconf 87' lang='grc' dir='ltr'><strong><em>προεκκεῖσθαι</em></strong></span> <span class='ocrx_word' id='word_1_208' title='bbox 1367 1716 1419 1760; x_wconf 80' lang='grc' dir='ltr'><strong><em>τοὶ</em></strong></span> <span class='ocrx_word' id='word_1_209' title='bbox 1454 1720 1590 1774; x_wconf 87' lang='grc' dir='ltr'><strong><em>ζωαρ-</em></strong></span> 
     </span>
    </p>
   </div>
   <div class='ocr_carea' id='block_1_3' title="bbox 251 1810 1591 1866">
    <p class='ocr_par' dir='ltr' id='par_1_3' title="bbox 251 1810 1591 1866">
     <span class='ocr_line' id='line_1_25' title="bbox 251 1810 1591 1866; baseline -0.001 -15"><span class='ocrx_word' id='word_1_210' title='bbox 251 1820 299 1851; x_wconf 80' lang='lat'><strong><em>13.</em></strong></span> <span class='ocrx_word' id='word_1_211' title='bbox 325 1824 404 1857; x_wconf 83' lang='grc' dir='ltr'><strong><em>τοῖς</em></strong></span> <span class='ocrx_word' id='word_1_212' title='bbox 425 1829 464 1853; x_wconf 86' lang='grc' dir='ltr'><strong><em>τε</em></strong></span> <span class='ocrx_word' id='word_1_213' title='bbox 491 1830 525 1863; x_wconf 86' lang='grc' dir='ltr'><strong><em>γ.</em></strong></span> <span class='ocrx_word' id='word_1_214' title='bbox 550 1820 605 1866; x_wconf 62' lang='grc' dir='ltr'><strong><em>τι]</em></strong></span> <span class='ocrx_word' id='word_1_215' title='bbox 630 1823 709 1856; x_wconf 87' lang='grc' dir='ltr'><strong><em>τοῖς</em></strong></span> <span class='ocrx_word' id='word_1_216' title='bbox 736 1817 1042 1864; x_wconf 75' lang='grc' dir='ltr'><strong><em>τῖποκρισιαρίοις</em></strong></span> <span class='ocrx_word' id='word_1_217' title='bbox 1069 1819 1247 1862; x_wconf 83' lang='grc' dir='ltr'><strong><em>συνέτυχε</em></strong></span> <span class='ocrx_word' id='word_1_218' title='bbox 1266 1810 1360 1864; x_wconf 74' lang='grc' dir='ltr'><strong><em>μετὰ</em></strong></span> <span class='ocrx_word' id='word_1_219' title='bbox 1381 1815 1591 1862; x_wconf 81' lang='grc' dir='ltr'><strong><em>πραότητος</em></strong></span> 
     </span>
    </p>
   </div>
   <div class='ocr_carea' id='block_1_4' title="bbox 239 1863 1590 2007">
    <p class='ocr_par' dir='ltr' id='par_1_4' title="bbox 239 1863 1590 2007">
     <span class='ocr_line' id='line_1_26' title="bbox 241 1863 1590 1913; baseline -0.004 -14"><span class='ocrx_word' id='word_1_220' title='bbox 241 1871 301 1899; x_wconf 76' lang='grc' dir='ltr'><strong><em>καὶ</em></strong></span> <span class='ocrx_word' id='word_1_221' title='bbox 327 1867 512 1913; x_wconf 77' lang='grc' dir='ltr'><strong><em>εἰρηνικῆς</em></strong></span> <span class='ocrx_word' id='word_1_222' title='bbox 538 1868 670 1911; x_wconf 80' lang='grc' dir='ltr'><strong><em>φιλίας</em></strong></span> <span class='ocrx_word' id='word_1_223' title='bbox 692 1866 728 1897; x_wconf 91' lang='grc' dir='ltr'><strong><em>Β.</em></strong></span> <span class='ocrx_word' id='word_1_224' title='bbox 823 1868 873 1900; x_wconf 76' lang='grc'><strong><em>16.</em></strong></span> <span class='ocrx_word' id='word_1_225' title='bbox 900 1864 973 1898; x_wconf 76' lang='grc' dir='ltr'><strong><em>κιῖκ</em></strong></span> <span class='ocrx_word' id='word_1_226' title='bbox 989 1863 1071 1911; x_wconf 86' lang='grc' dir='ltr'><strong><em>τοῦ]</em></strong></span> <span class='ocrx_word' id='word_1_227' title='bbox 1099 1867 1163 1898; x_wconf 83' lang='grc' dir='ltr'><strong><em>καὶ</em></strong></span> <span class='ocrx_word' id='word_1_228' title='bbox 1186 1866 1438 1910; x_wconf 76' lang='grc' dir='ltr'><strong><em>οἰκονομῆσαι</em></strong></span> <span class='ocrx_word' id='word_1_229' title='bbox 1463 1863 1590 1908; x_wconf 74' lang='grc' dir='ltr'><strong><em>ἄφθο-</em></strong></span> 
     </span>
     <span class='ocr_line' id='line_1_27' title="bbox 239 1909 1587 1959; baseline -0.002 -12"><span class='ocrx_word' id='word_1_230' title='bbox 239 1926 287 1948; x_wconf 83' lang='grc' dir='ltr'><strong><em>να</em></strong></span> <span class='ocrx_word' id='word_1_231' title='bbox 311 1916 374 1947; x_wconf 76' lang='grc' dir='ltr'><strong><em>καὶ</em></strong></span> <span class='ocrx_word' id='word_1_232' title='bbox 397 1909 564 1946; x_wconf 81' lang='grc' dir='ltr'><strong><em>πλούσια</em></strong></span> <span class='ocrx_word' id='word_1_233' title='bbox 587 1910 632 1946; x_wconf 79' lang='grc' dir='ltr'><strong><em>τὰ</em></strong></span> <span class='ocrx_word' id='word_1_234' title='bbox 658 1910 833 1959; x_wconf 76' lang='grc' dir='ltr'><strong><em>βρώσιμα</em></strong></span> <span class='ocrx_word' id='word_1_235' title='bbox 852 1914 914 1945; x_wconf 83' lang='grc' dir='ltr'><strong><em>καὶ</em></strong></span> <span class='ocrx_word' id='word_1_236' title='bbox 940 1911 1089 1956; x_wconf 82' lang='grc' dir='ltr'><strong><em>πόσιμα</em></strong></span> <span class='ocrx_word' id='word_1_237' title='bbox 1103 1911 1230 1957; x_wconf 78' lang='grc' dir='ltr'><strong><em>ἔλεγεν</em></strong></span> <span class='ocrx_word' id='word_1_238' title='bbox 1242 1912 1279 1943; x_wconf 88' lang='grc' dir='ltr'><strong><em>Β.</em></strong></span> <span class='ocrx_word' id='word_1_239' title='bbox 1380 1923 1429 1956; x_wconf 85' lang='lat'><strong><em>&#39;9-</em></strong></span> <span class='ocrx_word' id='word_1_240' title='bbox 1462 1909 1587 1956; x_wconf 69' lang='grc' dir='ltr'><strong><em>σφῶν]</em></strong></span> 
     </span>
     <span class='ocr_line' id='line_1_28' title="bbox 242 1954 1145 2007; baseline -0.006 -12"><span class='ocrx_word' id='word_1_241' title='bbox 242 1964 353 2006; x_wconf 78' lang='grc' dir='ltr'><strong><em>σφῶν</em></strong></span> <span class='ocrx_word' id='word_1_242' title='bbox 377 1958 534 1995; x_wconf 61' lang='grc' dir='ltr'><strong><em>ἐκείνων</em></strong></span> <span class='ocrx_word' id='word_1_243' title='bbox 551 1961 590 1992; x_wconf 81' lang='grc' dir='ltr'><strong><em>Α.</em></strong></span> <span class='ocrx_word' id='word_1_244' title='bbox 683 1969 740 1993; x_wconf 80' lang='lat'><strong><em>22.</em></strong></span> <span class='ocrx_word' id='word_1_245' title='bbox 770 1954 887 2007; x_wconf 80' lang='grc' dir='ltr'><strong><em>εἰκὸς]</em></strong></span> <span class='ocrx_word' id='word_1_246' title='bbox 917 1955 1018 1995; x_wconf 80' lang='grc' dir='ltr'><strong><em>εἰκὸς</em></strong></span> <span class='ocrx_word' id='word_1_247' title='bbox 1043 1954 1090 2000; x_wconf 78' lang='grc' dir='ltr'><strong><em>ἦν</em></strong></span> <span class='ocrx_word' id='word_1_248' title='bbox 1105 1959 1145 1990; x_wconf 86' lang='grc' dir='ltr'><strong><em>Α.</em></strong></span> 
     </span>
    </p>
   </div>
   <div class='ocr_carea' id='block_1_5' title="bbox 102 2047 1589 2797">
    <p class='ocr_par' dir='ltr' id='par_1_5' title="bbox 102 2047 1589 2797">
     <span class='ocr_line' id='line_1_29' title="bbox 149 2047 1586 2094; baseline -0.004 -10"><span class='ocrx_word' id='word_1_249' title='bbox 149 2060 190 2085; x_wconf 82' lang='lat' dir='ltr'><strong><em>ea</em></strong></span> <span class='ocrx_word' id='word_1_250' title='bbox 216 2050 391 2084; x_wconf 79' lang='lat' dir='ltr'><strong>duntaxat</strong></span> <span class='ocrx_word' id='word_1_251' title='bbox 416 2060 509 2094; x_wconf 86' lang='lat' dir='ltr'><strong>quae</strong></span> <span class='ocrx_word' id='word_1_252' title='bbox 535 2048 581 2082; x_wconf 89' lang='lat' dir='ltr'><strong><em>ad</em></strong></span> <span class='ocrx_word' id='word_1_253' title='bbox 597 2050 689 2082; x_wconf 86' lang='lat' dir='ltr'><strong>viam</strong></span> <span class='ocrx_word' id='word_1_254' title='bbox 724 2048 1020 2094; x_wconf 78' lang='lat' dir='ltr'>complanandam</span> <span class='ocrx_word' id='word_1_255' title='bbox 1042 2048 1196 2080; x_wconf 83' lang='lat' dir='ltr'>maxime</span> <span class='ocrx_word' id='word_1_256' title='bbox 1217 2047 1419 2079; x_wconf 82' lang='lat' dir='ltr'><strong>necessaria</strong></span> <span class='ocrx_word' id='word_1_257' title='bbox 1448 2052 1586 2086; x_wconf 80' lang='lat' dir='ltr'><strong>essent,</strong></span> 
     </span>
     <span class='ocr_line' id='line_1_30' title="bbox 147 2093 1589 2144; baseline -0.003 -14"><span class='ocrx_word' id='word_1_258' title='bbox 147 2097 423 2144; x_wconf 79' lang='lat' dir='ltr'><strong>profitebantur3</strong></span> <span class='ocrx_word' id='word_1_259' title='bbox 447 2107 512 2141; x_wconf 87' lang='lat' dir='ltr'><strong><em>per</em></strong></span> <span class='ocrx_word' id='word_1_260' title='bbox 539 2107 632 2140; x_wconf 87' lang='lat' dir='ltr'><strong>quae</strong></span> <span class='ocrx_word' id='word_1_261' title='bbox 658 2107 732 2129; x_wconf 86' lang='lat' dir='ltr'><strong><em>non</em></strong></span> <span class='ocrx_word' id='word_1_262' title='bbox 754 2095 969 2136; x_wconf 82' lang='lat' dir='ltr'><strong>ventilabra,</strong></span> <span class='ocrx_word' id='word_1_263' title='bbox 994 2106 1068 2127; x_wconf 92' lang='lat' dir='ltr'><strong><em>non</em></strong></span> <span class='ocrx_word' id='word_1_264' title='bbox 1092 2094 1222 2134; x_wconf 87' lang='lat' dir='ltr'><strong>celtes,</strong></span> <span class='ocrx_word' id='word_1_265' title='bbox 1246 2104 1319 2125; x_wconf 89' lang='lat' dir='ltr'><strong><em>non</em></strong></span> <span class='ocrx_word' id='word_1_266' title='bbox 1344 2093 1494 2137; x_wconf 83' lang='lat' dir='ltr'><strong>ligones,</strong></span> <span class='ocrx_word' id='word_1_267' title='bbox 1523 2093 1589 2126; x_wconf 82' lang='lat' dir='ltr'><strong><em>sed</em></strong></span> 
     </span>
     <span class='ocr_line' id='line_1_31' title="bbox 147 2139 1587 2189; baseline -0.003 -12"><span class='ocrx_word' id='word_1_268' title='bbox 147 2145 266 2189; x_wconf 79' lang='lat' dir='ltr'>galeas</span> <span class='ocrx_word' id='word_1_269' title='bbox 295 2143 458 2177; x_wconf 80' lang='lat' dir='ltr'><strong>thoraces</strong></span> <span class='ocrx_word' id='word_1_270' title='bbox 497 2142 660 2187; x_wconf 84' lang='lat' dir='ltr'>gladios,</span> <span class='ocrx_word' id='word_1_271' title='bbox 700 2148 736 2176; x_wconf 88' lang='lat' dir='ltr'><strong>et</strong></span> <span class='ocrx_word' id='word_1_272' title='bbox 769 2153 863 2188; x_wconf 83' lang='lat' dir='ltr'><strong>quae</strong></span> <span class='ocrx_word' id='word_1_273' title='bbox 902 2142 973 2175; x_wconf 85' lang='lat' dir='ltr'><strong>alia</strong></span> <span class='ocrx_word' id='word_1_274' title='bbox 1013 2141 1112 2174; x_wconf 86' lang='lat' dir='ltr'><strong>bello</strong></span> <span class='ocrx_word' id='word_1_275' title='bbox 1138 2146 1222 2185; x_wconf 85' lang='lat' dir='ltr'><strong>apta</strong></span> <span class='ocrx_word' id='word_1_276' title='bbox 1246 2145 1346 2180; x_wconf 84' lang='lat' dir='ltr'><strong>sunt,</strong></span> <span class='ocrx_word' id='word_1_277' title='bbox 1373 2139 1587 2173; x_wconf 84' lang='lat' dir='ltr'><strong>innuebant.</strong></span> 
     </span>
     <span class='ocr_line' id='line_1_32' title="bbox 147 2186 1588 2231; baseline -0.004 -8"><span class='ocrx_word' id='word_1_278' title='bbox 147 2191 241 2224; x_wconf 87' lang='lat' dir='ltr'><strong>hanc</strong></span> <span class='ocrx_word' id='word_1_279' title='bbox 271 2190 342 2223; x_wconf 85' lang='lat' dir='ltr'><strong>sibi</strong></span> <span class='ocrx_word' id='word_1_280' title='bbox 375 2189 516 2223; x_wconf 84' lang='lat' dir='ltr'><strong>itineris</strong></span> <span class='ocrx_word' id='word_1_281' title='bbox 540 2200 617 2222; x_wconf 89' lang='lat' dir='ltr'><strong>esse</strong></span> <span class='ocrx_word' id='word_1_282' title='bbox 640 2190 784 2229; x_wconf 56' lang='lat' dir='ltr'><strong>causam</strong></span> <span class='ocrx_word' id='word_1_283' title='bbox 805 2189 914 2222; x_wconf 86' lang='lat' dir='ltr'><strong>iurati</strong></span> <span class='ocrx_word' id='word_1_284' title='bbox 940 2187 1186 2229; x_wconf 81' lang='lat' dir='ltr'><strong>affirmabant3</strong></span> <span class='ocrx_word' id='word_1_285' title='bbox 1210 2197 1330 2231; x_wconf 90' lang='lat' dir='ltr'><strong>neque</strong></span> <span class='ocrx_word' id='word_1_286' title='bbox 1355 2186 1393 2219; x_wconf 85' lang='lat' dir='ltr'><strong><em>id</em></strong></span> <span class='ocrx_word' id='word_1_287' title='bbox 1418 2186 1522 2226; x_wconf 82' lang='lat' dir='ltr'><strong>falso,</strong></span> <span class='ocrx_word' id='word_1_288' title='bbox 1547 2192 1588 2219; x_wconf 86' lang='lat' dir='ltr'><strong>ut</strong></span> 
     </span>
     <span class='ocr_line' id='line_1_33' title="bbox 146 2233 1588 2283; baseline -0.004 -13"><span class='ocrx_word' id='word_1_289' title='bbox 146 2243 274 2283; x_wconf 83' lang='lat' dir='ltr'><strong>postea</strong></span> <span class='ocrx_word' id='word_1_290' title='bbox 314 2237 495 2280; x_wconf 84' lang='lat' dir='ltr'><strong>cognitum</strong></span> <span class='ocrx_word' id='word_1_291' title='bbox 520 2242 584 2269; x_wconf 84' lang='lat' dir='ltr'><strong>est.</strong></span> <span class='ocrx_word' id='word_1_292' title='bbox 609 2248 650 2269; x_wconf 84' lang='lat' dir='ltr'><strong><em>ac</em></strong></span> <span class='ocrx_word' id='word_1_293' title='bbox 673 2248 738 2281; x_wconf 88' lang='lat' dir='ltr'><strong><em>per</em></strong></span> <span class='ocrx_word' id='word_1_294' title='bbox 760 2237 897 2281; x_wconf 83' lang='lat' dir='ltr'><strong>legatos</strong></span> <span class='ocrx_word' id='word_1_295' title='bbox 924 2235 969 2268; x_wconf 88' lang='lat' dir='ltr'><strong><em>ab</em></strong></span> <span class='ocrx_word' id='word_1_296' title='bbox 993 2235 1208 2280; x_wconf 84' lang='lat' dir='ltr'>imperatore</span> <span class='ocrx_word' id='word_1_297' title='bbox 1232 2233 1407 2278; x_wconf 80' lang='lat' dir='ltr'><strong>petebant</strong></span> <span class='ocrx_word' id='word_1_298' title='bbox 1430 2233 1499 2266; x_wconf 89' lang='lat' dir='ltr'><strong>sibi</strong></span> <span class='ocrx_word' id='word_1_299' title='bbox 1523 2244 1588 2277; x_wconf 88' lang='lat' dir='ltr'><strong><em>per</em></strong></span> 
     </span>
     <span class='ocr_line' id='line_1_34' title="bbox 149 2280 1587 2328; baseline -0.005 -10"><span class='ocrx_word' id='word_1_300' title='bbox 149 2285 227 2318; x_wconf 87' lang='lat' dir='ltr'><strong>eius</strong></span> <span class='ocrx_word' id='word_1_301' title='bbox 249 2284 450 2328; x_wconf 81' lang='lat' dir='ltr'><strong>provincias</strong></span> <span class='ocrx_word' id='word_1_302' title='bbox 474 2288 640 2327; x_wconf 85' lang='lat' dir='ltr'><strong>pacatum</strong></span> <span class='ocrx_word' id='word_1_303' title='bbox 669 2284 859 2316; x_wconf 82' lang='lat' dir='ltr'><strong>transitum</strong></span> <span class='ocrx_word' id='word_1_304' title='bbox 879 2282 976 2326; x_wconf 87' lang='lat' dir='ltr'><strong>dari;</strong></span> <span class='ocrx_word' id='word_1_305' title='bbox 1002 2288 1037 2315; x_wconf 87' lang='lat' dir='ltr'><strong>et</strong></span> <span class='ocrx_word' id='word_1_306' title='bbox 1055 2281 1171 2314; x_wconf 85' lang='lat' dir='ltr'><strong>forum</strong></span> <span class='ocrx_word' id='word_1_307' title='bbox 1186 2280 1372 2326; x_wconf 80' lang='lat' dir='ltr'><strong>praeberi,</strong></span> <span class='ocrx_word' id='word_1_308' title='bbox 1398 2291 1470 2324; x_wconf 89' lang='lat' dir='ltr'><strong><em>quo</em></strong></span> <span class='ocrx_word' id='word_1_309' title='bbox 1490 2290 1587 2312; x_wconf 88' lang='lat' dir='ltr'><strong>com-</strong></span> 
     </span>
     <span class='ocr_line' id='line_1_35' title="bbox 147 2326 1588 2376; baseline -0.004 -12"><span class='ocrx_word' id='word_1_310' title='bbox 147 2335 306 2364; x_wconf 80' lang='lat' dir='ltr'><strong><em>meatum</em></strong></span> <span class='ocrx_word' id='word_1_311' title='bbox 343 2341 409 2376; x_wconf 89' lang='lat' dir='ltr'><strong><em>pro</em></strong></span> <span class='ocrx_word' id='word_1_312' title='bbox 442 2329 650 2363; x_wconf 84' lang='lat' dir='ltr'><strong>hominibus</strong></span> <span class='ocrx_word' id='word_1_313' title='bbox 695 2336 732 2363; x_wconf 84' lang='lat' dir='ltr'><strong>et</strong></span> <span class='ocrx_word' id='word_1_314' title='bbox 770 2330 941 2363; x_wconf 78' lang='lat' dir='ltr'><strong>iumentis</strong></span> <span class='ocrx_word' id='word_1_315' title='bbox 979 2338 1185 2373; x_wconf 82' lang='lat' dir='ltr'><strong>comparare</strong></span> <span class='ocrx_word' id='word_1_316' title='bbox 1208 2332 1366 2372; x_wconf 81' lang='lat' dir='ltr'><strong>possent.</strong></span> <span class='ocrx_word' id='word_1_317' title='bbox 1392 2326 1588 2371; x_wconf 84' lang='lat' dir='ltr'><strong>imperator</strong></span> 
     </span>
     <span class='ocr_line' id='line_1_36' title="bbox 147 2373 1587 2421; baseline -0.004 -10"><span class='ocrx_word' id='word_1_318' title='bbox 147 2388 231 2411; x_wconf 87' lang='lat' dir='ltr'><strong>vero</strong></span> <span class='ocrx_word' id='word_1_319' title='bbox 257 2377 323 2410; x_wconf 75' lang='lat' dir='ltr'><strong>etsi</strong></span> <span class='ocrx_word' id='word_1_320' title='bbox 359 2388 396 2410; x_wconf 89' lang='lat' dir='ltr'><strong><em>re</em></strong></span> <span class='ocrx_word' id='word_1_321' title='bbox 420 2377 646 2421; x_wconf 82' lang='lat' dir='ltr'><strong>inexpectata</strong></span> <span class='ocrx_word' id='word_1_322' title='bbox 685 2383 721 2411; x_wconf 86' lang='lat' dir='ltr'><strong>et</strong></span> <span class='ocrx_word' id='word_1_323' title='bbox 745 2388 855 2418; x_wconf 81' lang='lat' dir='ltr'><strong>nova,</strong></span> <span class='ocrx_word' id='word_1_324' title='bbox 880 2381 922 2409; x_wconf 78' lang='lat' dir='ltr'><strong><em>ut</em></strong></span> <span class='ocrx_word' id='word_1_325' title='bbox 948 2375 988 2408; x_wconf 86' lang='lat' dir='ltr'><strong>fit</strong></span> <span class='ocrx_word' id='word_1_326' title='bbox 1004 2401 1013 2415; x_wconf 94' lang='lat'>‚</span> <span class='ocrx_word' id='word_1_327' title='bbox 1042 2375 1208 2414; x_wconf 85' lang='lat' dir='ltr'><strong>territus,</strong></span> <span class='ocrx_word' id='word_1_328' title='bbox 1238 2379 1357 2406; x_wconf 84' lang='lat' dir='ltr'><strong>tamen</strong></span> <span class='ocrx_word' id='word_1_329' title='bbox 1382 2373 1455 2406; x_wconf 87' lang='lat' dir='ltr'><strong>suis</strong></span> <span class='ocrx_word' id='word_1_330' title='bbox 1479 2374 1587 2406; x_wconf 82' lang='lat' dir='ltr'><strong>rebus</strong></span> 
     </span>
     <span class='ocr_line' id='line_1_37' title="bbox 147 2419 1587 2468; baseline -0.003 -11"><span class='ocrx_word' id='word_1_331' title='bbox 147 2434 223 2457; x_wconf 85' lang='lat' dir='ltr'><strong><em>non</em></strong></span> <span class='ocrx_word' id='word_1_332' title='bbox 247 2423 372 2456; x_wconf 86' lang='lat' dir='ltr'><strong>defuit.</strong></span> <span class='ocrx_word' id='word_1_333' title='bbox 400 2434 482 2456; x_wconf 79' lang='lat' dir='ltr'><strong>nam</strong></span> <span class='ocrx_word' id='word_1_334' title='bbox 507 2429 543 2457; x_wconf 86' lang='lat' dir='ltr'><strong>et</strong></span> <span class='ocrx_word' id='word_1_335' title='bbox 564 2423 691 2468; x_wconf 78' lang='lat' dir='ltr'><strong>legatis</strong></span> <span class='ocrx_word' id='word_1_336' title='bbox 714 2435 778 2468; x_wconf 87' lang='lat' dir='ltr'><strong><em>pro</em></strong></span> <span class='ocrx_word' id='word_1_337' title='bbox 803 2429 965 2468; x_wconf 84' lang='lat' dir='ltr'><strong>tempore</strong></span> <span class='ocrx_word' id='word_1_338' title='bbox 988 2422 1145 2466; x_wconf 87' lang='lat' dir='ltr'><strong>benigne</strong></span> <span class='ocrx_word' id='word_1_339' title='bbox 1171 2419 1376 2465; x_wconf 85' lang='lat' dir='ltr'><strong>respondit,</strong></span> <span class='ocrx_word' id='word_1_340' title='bbox 1402 2425 1439 2452; x_wconf 88' lang='lat' dir='ltr'><strong>et</strong></span> <span class='ocrx_word' id='word_1_341' title='bbox 1463 2430 1587 2452; x_wconf 88' lang='lat' dir='ltr'><strong>eorum</strong></span> 
     </span>
     <span class='ocr_line' id='line_1_38' title="bbox 150 2466 1586 2515; baseline -0.003 -12"><span class='ocrx_word' id='word_1_342' title='bbox 150 2470 353 2503; x_wconf 84' lang='lat' dir='ltr'><strong>institutum</strong></span> <span class='ocrx_word' id='word_1_343' title='bbox 372 2470 524 2515; x_wconf 84' lang='lat' dir='ltr'><strong>probare</strong></span> <span class='ocrx_word' id='word_1_344' title='bbox 559 2481 596 2503; x_wconf 88' lang='lat' dir='ltr'><strong><em>se</em></strong></span> <span class='ocrx_word' id='word_1_345' title='bbox 632 2475 669 2503; x_wconf 81' lang='lat' dir='ltr'><strong>et</strong></span> <span class='ocrx_word' id='word_1_346' title='bbox 702 2471 780 2515; x_wconf 88' lang='lat' dir='ltr'><strong>pios</strong></span> <span class='ocrx_word' id='word_1_347' title='bbox 810 2475 958 2503; x_wconf 89' lang='lat' dir='ltr'><strong>conatus</strong></span> <span class='ocrx_word' id='word_1_348' title='bbox 984 2468 1152 2501; x_wconf 86' lang='lat' dir='ltr'><strong>admirari</strong></span> <span class='ocrx_word' id='word_1_349' title='bbox 1178 2466 1371 2500; x_wconf 85' lang='lat' dir='ltr'><strong>simulavit.</strong></span> <span class='ocrx_word' id='word_1_350' title='bbox 1397 2477 1437 2499; x_wconf 86' lang='lat' dir='ltr'><strong><em>ac</em></strong></span> <span class='ocrx_word' id='word_1_351' title='bbox 1464 2467 1586 2499; x_wconf 83' lang='lat' dir='ltr'><strong>statim</strong></span> 
     </span>
     <span class='ocr_line' id='line_1_39' title="bbox 151 2513 1588 2562; baseline -0.003 -13"><span class='ocrx_word' id='word_1_352' title='bbox 151 2526 266 2549; x_wconf 84' lang='lat' dir='ltr'><strong>rerum</strong></span> <span class='ocrx_word' id='word_1_353' title='bbox 291 2517 471 2550; x_wconf 82' lang='lat' dir='ltr'><strong>venalium</strong></span> <span class='ocrx_word' id='word_1_354' title='bbox 498 2517 638 2561; x_wconf 86' lang='lat' dir='ltr'><strong>copiam</strong></span> <span class='ocrx_word' id='word_1_355' title='bbox 659 2523 955 2562; x_wconf 85' lang='lat' dir='ltr'><strong>praeparaturum</strong></span> <span class='ocrx_word' id='word_1_356' title='bbox 980 2515 1164 2560; x_wconf 81' lang='lat' dir='ltr'><strong>pollicitus</strong></span> <span class='ocrx_word' id='word_1_357' title='bbox 1190 2519 1266 2555; x_wconf 86' lang='lat' dir='ltr'><strong>est,</strong></span> <span class='ocrx_word' id='word_1_358' title='bbox 1291 2525 1379 2558; x_wconf 87' lang='lat' dir='ltr'><strong>quas</strong></span> <span class='ocrx_word' id='word_1_359' title='bbox 1404 2513 1588 2557; x_wconf 80' lang='lat' dir='ltr'><strong>accepturi</strong></span> 
     </span>
     <span class='ocr_line' id='line_1_40' title="bbox 153 2559 1587 2609; baseline -0.004 -13"><span class='ocrx_word' id='word_1_360' title='bbox 153 2568 294 2603; x_wconf 80' lang='lat' dir='ltr'><strong>essent,</strong></span> <span class='ocrx_word' id='word_1_361' title='bbox 322 2573 395 2596; x_wconf 91' lang='lat' dir='ltr'><strong><em>non</em></strong></span> <span class='ocrx_word' id='word_1_362' title='bbox 429 2564 531 2609; x_wconf 83' lang='lat' dir='ltr'><strong>quasi</strong></span> <span class='ocrx_word' id='word_1_363' title='bbox 568 2574 633 2607; x_wconf 85' lang='lat' dir='ltr'><strong><em>per</em></strong></span> <span class='ocrx_word' id='word_1_364' title='bbox 667 2564 822 2597; x_wconf 85' lang='lat' dir='ltr'><strong>alienam</strong></span> <span class='ocrx_word' id='word_1_365' title='bbox 861 2563 1081 2608; x_wconf 85' lang='lat' dir='ltr'><strong>provinciam</strong></span> <span class='ocrx_word' id='word_1_366' title='bbox 1112 2560 1175 2594; x_wconf 87' lang='lat' dir='ltr'><strong><em>sed</em></strong></span> <span class='ocrx_word' id='word_1_367' title='bbox 1213 2571 1276 2605; x_wconf 88' lang='lat' dir='ltr'><strong><em>per</em></strong></span> <span class='ocrx_word' id='word_1_368' title='bbox 1311 2571 1410 2593; x_wconf 87' lang='lat' dir='ltr'><strong>suam</strong></span> <span class='ocrx_word' id='word_1_369' title='bbox 1433 2559 1587 2604; x_wconf 84' lang='lat' dir='ltr'><strong>patriam</strong></span> 
     </span>
     <span class='ocr_line' id='line_1_41' title="bbox 102 2607 1586 2652; baseline -0.003 -10"><span class='ocrx_word' id='word_1_370' title='bbox 102 2630 106 2634; x_wconf 91' lang='lat'>·</span> <span class='ocrx_word' id='word_1_371' title='bbox 152 2610 364 2651; x_wconf 77' lang='lat' dir='ltr'><strong>transirent,</strong></span> <span class='ocrx_word' id='word_1_372' title='bbox 402 2611 510 2643; x_wconf 90' lang='lat' dir='ltr'><strong>modo</strong></span> <span class='ocrx_word' id='word_1_373' title='bbox 538 2610 644 2642; x_wconf 86' lang='lat' dir='ltr'><strong>fidem</strong></span> <span class='ocrx_word' id='word_1_374' title='bbox 679 2610 807 2644; x_wconf 84' lang='lat' dir='ltr'><strong>darent</strong></span> <span class='ocrx_word' id='word_1_375' title='bbox 845 2609 1036 2642; x_wconf 82' lang='lat' dir='ltr'><strong>transitum</strong></span> <span class='ocrx_word' id='word_1_376' title='bbox 1061 2619 1163 2641; x_wconf 91' lang='lat' dir='ltr'><strong>suum</strong></span> <span class='ocrx_word' id='word_1_377' title='bbox 1188 2618 1270 2640; x_wconf 90' lang='lat' dir='ltr'><strong>vere</strong></span> <span class='ocrx_word' id='word_1_378' title='bbox 1293 2607 1394 2652; x_wconf 83' lang='lat' dir='ltr'><strong>pium</strong></span> <span class='ocrx_word' id='word_1_379' title='bbox 1421 2616 1520 2644; x_wconf 86' lang='lat' dir='ltr'>esse,</span> <span class='ocrx_word' id='word_1_380' title='bbox 1549 2611 1586 2638; x_wconf 83' lang='lat' dir='ltr'><strong>et</strong></span> 
     </span>
     <span class='ocr_line' id='line_1_42' title="bbox 152 2651 1587 2698; baseline -0.003 -10"><span class='ocrx_word' id='word_1_381' title='bbox 152 2656 231 2688; x_wconf 80' lang='lat' dir='ltr'><strong>sine</strong></span> <span class='ocrx_word' id='word_1_382' title='bbox 265 2655 442 2689; x_wconf 84' lang='lat' dir='ltr'><strong>maleficio</strong></span> <span class='ocrx_word' id='word_1_383' title='bbox 469 2658 707 2690; x_wconf 87' lang='lat' dir='ltr'><strong>Romanorum</strong></span> <span class='ocrx_word' id='word_1_384' title='bbox 751 2656 884 2690; x_wconf 83' lang='lat' dir='ltr'><strong>finibus</strong></span> <span class='ocrx_word' id='word_1_385' title='bbox 923 2664 1139 2689; x_wconf 75' lang='lat' dir='ltr'><strong>excessuros.</strong></span> <span class='ocrx_word' id='word_1_386' title='bbox 1185 2654 1240 2686; x_wconf 79' lang='lat' dir='ltr'><strong><em>his</em></strong></span> <span class='ocrx_word' id='word_1_387' title='bbox 1280 2653 1434 2698; x_wconf 82' lang='lat' dir='ltr'><strong>peractis</strong></span> <span class='ocrx_word' id='word_1_388' title='bbox 1468 2651 1587 2684; x_wconf 72' lang='lat' dir='ltr'><strong>edicta</strong></span> 
     </span>
     <span class='ocr_line' id='line_1_43' title="bbox 153 2699 1586 2747; baseline -0.003 -13"><span class='ocrx_word' id='word_1_389' title='bbox 153 2702 281 2746; x_wconf 66' lang='lat' dir='ltr'><strong>quovia</strong></span> <span class='ocrx_word' id='word_1_390' title='bbox 305 2701 476 2743; x_wconf 58' lang='lat' dir='ltr'><strong><em>«limium</em></strong></span> <span class='ocrx_word' id='word_1_391' title='bbox 500 2708 542 2736; x_wconf 86' lang='lat' dir='ltr'><strong>ut</strong></span> <span class='ocrx_word' id='word_1_392' title='bbox 564 2709 782 2737; x_wconf 82' lang='lat' dir='ltr'><strong><em>commeatus</em></strong></span> <span class='ocrx_word' id='word_1_393' title='bbox 809 2705 846 2737; x_wconf 90' lang='lat' dir='ltr'><strong>in</strong></span> <span class='ocrx_word' id='word_1_394' title='bbox 871 2703 960 2744; x_wconf 79' lang='lat' dir='ltr'><strong>viis,</strong></span> <span class='ocrx_word' id='word_1_395' title='bbox 983 2713 1048 2747; x_wconf 87' lang='lat' dir='ltr'><strong><em>per</em></strong></span> <span class='ocrx_word' id='word_1_396' title='bbox 1073 2712 1162 2747; x_wconf 86' lang='lat' dir='ltr'><strong>quas</strong></span> <span class='ocrx_word' id='word_1_397' title='bbox 1179 2699 1430 2734; x_wconf 86' lang='lat' dir='ltr'><strong>Occidentales</strong></span> <span class='ocrx_word' id='word_1_398' title='bbox 1454 2699 1586 2731; x_wconf 80' lang='lat' dir='ltr'><strong>transi-</strong></span> 
     </span>
     <span class='ocr_line' id='line_1_44' title="bbox 154 2744 1586 2797; baseline -0.002 -17"><span class='ocrx_word' id='word_1_399' title='bbox 154 2749 224 2781; x_wconf 86' lang='lat' dir='ltr'><strong>turi</strong></span> <span class='ocrx_word' id='word_1_400' title='bbox 267 2748 359 2790; x_wconf 80' lang='lat' dir='ltr'><strong>sint‚</strong></span> <span class='ocrx_word' id='word_1_401' title='bbox 390 2749 526 2783; x_wconf 83' lang='lat' dir='ltr'><strong>venalis</strong></span> <span class='ocrx_word' id='word_1_402' title='bbox 571 2756 792 2796; x_wconf 66' lang='lat' dir='ltr'><strong>exponatur-5</strong></span> <span class='ocrx_word' id='word_1_403' title='bbox 829 2749 940 2797; x_wconf 79' lang='lat' dir='ltr'><strong>idque</strong></span> <span class='ocrx_word' id='word_1_404' title='bbox 968 2750 1008 2783; x_wconf 84' lang='lat' dir='ltr'><strong><em>fit</em></strong></span> <span class='ocrx_word' id='word_1_405' title='bbox 1042 2748 1171 2782; x_wconf 75' lang='lat' dir='ltr'><strong>statim.</strong></span> <span class='ocrx_word' id='word_1_406' title='bbox 1198 2746 1261 2780; x_wconf 80' lang='lat' dir='ltr'><strong><em>sed</em></strong></span> <span class='ocrx_word' id='word_1_407' title='bbox 1286 2747 1370 2792; x_wconf 81' lang='lat' dir='ltr'><strong>quia</strong></span> <span class='ocrx_word' id='word_1_408' title='bbox 1397 2744 1586 2779; x_wconf 69' lang='lat' dir='ltr'><strong>verebatur</strong></span> 
     </span>
    </p>
   </div>
   <div class='ocr_carea' id='block_1_6' title="bbox 221 2816 1337 2852">
    <p class='ocr_par' dir='ltr' id='par_1_6' title="bbox 221 2816 1337 2852">
     <span class='ocr_line' id='line_1_45' title="bbox 221 2816 1337 2852; baseline -0.004 -1"><span class='ocrx_word' id='word_1_409' title='bbox 221 2818 368 2852; x_wconf 72' lang='lat' dir='ltr'><strong><em>Nic-etas</em></strong></span> <span class='ocrx_word' id='word_1_410' title='bbox 397 2816 596 2851; x_wconf 65' lang='lat' dir='ltr'><strong><em>Choniaaees.</em></strong></span> <span class='ocrx_word' id='word_1_411' title='bbox 1315 2816 1337 2847; x_wconf 85' lang='lat'><strong>6</strong></span> 
     </span>
    </p>
   </div>
  </div>
 </body>
</html>
