1878 3230
498 155 722 214 ALEqus
763 156 938 198 DECAS
979 157 1314 198 munzurtcs
1491 137 1638 211 *751'

185 252 491 308 παραπώλετο,
523 255 596 295 καί
625 251 649 308 ἧ
689 256 761 309 τῆς
798 253 1054 310 θεομήτορος
1085 253 1206 298 εἰκών
1217 287 1231 308 ,
1270 251 1321 310 ἢν
1362 253 1398 296 οἱ
1439 256 1624 308 βασιλεῖς

178 317 399 370 Ῥωμαίων
427 321 644 361 ποιοῦνται
677 318 977 375 συστράτηγον,
1005 325 1090 369 τοῖς
1116 322 1318 369 ἐναντίοις
1341 315 1533 362 ἑάλωκεν.
1569 314 1625 375 ἧν

185 385 223 426 δ”
252 383 301 425 οὗ
329 382 458 437 μόνον
485 386 618 427 ταῦτα
645 385 782 439 δεινά,
811 382 918 428 duo}
951 401 996 440 γε
1035 387 1108 428 καί
1152 385 1202 427 τὰ
1231 385 1480 438 ἐλπιζόμενα
1516 386 1620 427 nolti

181 450 316 505 χείρω
337 448 410 491 καί
424 450 715 504 χαλεπώτατα·
772 452 817 493 ἐν
842 450 920 507 γάρ
952 458 1037 502 τοῖς
1060 450 1223 505 μείζοσι
1251 453 1332 494 τῶν
1349 453 1502 494 πλοίων
1529 466 1623 507 φρι-

148 514 330 564 5κώδεις
364 517 489 558 πάλιν
529 519 726 569 κλίμακες
767 516 1046 559 ἐτεκταίνοντο
1093 519 1166 559 καί
1203 519 1396 571 μηχαναί
1427 522 1623 558 παντοῖαι

183 581 554 634 κατεσκευάζοντο,
586 584 768 637 σημαῖαί
790 597 835 624 τε
863 583 935 624 ἐπὶ
963 580 1121 624 τούτων
1158 582 1389 637 η’νέμωντο,
1429 582 1502 624 καί
1535 587 1622 631 τοῖς

182 648 242 696 εἰς
268 644 401 694 αὐτὰς
429 647 618 688 α’νιοῦσιν
645 646 718 689 ἐπὶ
743 649 803 704 τῷ
827 648 1046 702 μάχεσθαι
1085 649 1241 704 δωρεαὶ
1279 646 1395 704 παρὰ
1424 645 1624 691 Λατίνων

181 712 466 768 προυτείνοντο
491 713 702 766 μέγισται.

194 776 196 778 ’
295 793 336 819 2.
396 776 491 819 Καὶ
513 779 648 819 ταῦτα
676 779 754 831 μὲν
774 779 859 821 τῶν
885 779 1032 821 δεινῶν
1059 780 1256 832 ἐκινεῖτο,
1286 777 1335 822 τοὶ
1369 780 1415 821 δὲ
1442 779 1749 833 ἐγινετο,Ρ,365

124 858 170 884 10
185 841 237 885 τὰ
274 843 312 884 δ”
337 838 524 898 ἤμελλεν·
580 839 775 899 ἧλόγηντο
805 845 851 887 δὲ
890 845 965 887 καί
1001 843 1040 887 οἱ
1083 847 1182 900 περὶ
1225 847 1368 902 φιλίας
1407 845 1521 899 λόγοι
1554 847 1627 888 καί

182 908 420 951 παντάπασι
456 909 746 964 κατημέληντο.
801 913 963 963 μᾶλλον
990 912 1035 952 δὲ
1052 910 1126 953 καί
1152 910 1326 960 τούτους
1363 911 1542 967 πονηροί
1561 925 1624 953 τι-

181 990 250 1023 νες
283 978 478 1028 Τελχῖνες
512 974 710 1024 πολλάκις
738 978 947 1030 συνέχεον.
1007 975 1029 1018 ὅ
1058 975 1139 1031 γὰρ
1173 974 1272 1027 δούξ
1296 975 1492 1026 Βενετίας
1516 977 1622 1030 Ἐρί-

181 1055 252 1089 κος
279 1037 518 1089 Δάνδουλος
547 1039 747 1095 ὁμιλῆσαι
771 1040 870 1097 περὶ
889 1044 1078 1085 σπονδῶν
1104 1039 1293 1095 ἑλόμενος
1323 1044 1512 1095 βασιλεῖ’,
1541 1042 1622 1096 νῆα

183 1105 327 1148 εἰσιών
358 1105 535 1161 τριήρη,
576 1106 676 1161 περὶ
700 1113 792 1156 ταῖς
837 1108 981 1157 ἀκταῖς
1023 1110 1221 1162 προσέχει
1260 1109 1336 1149 τοῦ
1369 1108 1624 1159 Κοσμιδίου.

124 1173 170 1213 15
185 1169 241 1220 ὥς
271 1173 309 1212 ‹5’
337 1170 516 1228 ἔφιππος
544 1173 678 1214 ἐκεῖσε
704 1172 779 1214 καί
812 1170 1011 1226 βασιλευς
1041 1172 1235 1228 ἄφίκετο,
1277 1174 1510 1214 ἑκοινοῦντο
1544 1173 1624 1225 μὲν

183 1234 379 1292 α’λλήλοις
407 1236 457 1279 τά
497 1236 598 1291 πρὸς
627 1237 794 1294 εἰρήνην
833 1236 1026 1294 ῥήματα,
1064 1237 1215 1294 μηδενὶ
1247 1240 1332 1280 τῶν
1371 1233 1512 1279 ἄλλων
1547 1238 1625 1292 τὴν

182 1301 369 1358 σπουδήν
394 1300 682 1356 χαριζόμενοι.
737 1305 811 1346 καί
836 1298 943 1359 ἦσαν
969 1302 1020 1346 τά
1059 1303 1174 1358 παρὰ
1213 1305 1290 1346 τοῦ
1318 1300 1467 1353 δουκός
1497 1305 1627 1346 Βενε-

182 1369 275 1419 τίας
307 1367 380 1410 καί
403 1370 487 1411 τῶν
517 1371 673 1411 λοιπῶν
708 1372 951 1425 στρατηγῶν
992 1369 1217 1423 αἰτούμενα
1254 1370 1437 1424 χρυσίου
1478 1369 1626 1425 πεντή-

184 1449 308 1476 κοντα
338 1432 581 1490 κεντηνάρια
610 1436 655 1476 ἐκ
685 1436 761 1477 τοῦ
804 1437 957 1478 αὐτίκα
988 1435 1104 1489 μάλα
1145 1434 1513 1489 καταβαλλόμενα,
1554 1434 1628 1477 καί

119 1516 171 1542 20
185 1502 427 1558 συμφωνίαι
452 1502 560 1550 τινὲς
590 1502 652 1543 ἐπ’
682 1502 828 1551 αυ’τοῖς
857 1501 1163 1544 οἷποκναίουσαι
1190 1504 1269 1554 μὲν
1305 1499 1380 1543 καί
1405 1500 1625 1556 δυσπαρά-

187 1569 324 1610 δεκτοι
351 1572 439 1616 τοῖς
464 1569 703 1621 γευομένοις
733 1566 977 1622 ἐλευθερίας
1018 1569 1091 1609 καὶ
1128 1564 1326 1609 εἰωθόσιν
1361 1564 1660 1619 ἐπιτάσσειν,Β

185 1629 263 1674 οὔκ
290 1631 605 1684 ἐπιτάσσεσθαι,
635 1634 709 1674 καί
735 1632 986 1675 Λακωνικαί
1008 1636 1178 1687 βαρεῖαι
1205 1630 1444 1687 κρινόμεναι
1470 1629 1624 1685 μάστι-

182 1713 278 1752 γες,
323 1693 385 1747 οἷς
414 1698 450 1740 δ’
481 1699 773 1750 αἰχμαλωσίας
816 1696 1034 1754 πρόκειται
1060 1689 1257 1746 γκίνδυνος
1301 1698 1376 1739 καί
1412 1697 1626 1752 πάνδημος

276 1813 310 1846 9.
334 1792 378 1833 τὰ
397 1797 447 1879 ξε
469 1797 614 1844 ἐγένετο
641 1810 699 1832 om
721 1800 762 1834 A.
863 1800 914 1845 ¹4·
941 1798 1044 1847 περὶ]
1068 1796 1200 1847 nauci?
1314 1808 1365 1844 ¹9·
1395 1795 1625 1842 καταβαλοό-

276 1856 374 1892 μενα
430 1869 438 1877 .

186 1925 366 1972 gientibns
396 1924 494 1958 solus
519 1924 711 1957 derelictus
737 1934 830 1969 pene
849 1923 1034 1969 periisset3
1057 1928 1094 1958 et
1114 1924 1294 1968 genitricis
1309 1923 1367 1956 dei
1383 1923 1498 1968 imago
1513 1933 1622 1968 quam

185 1976 422 2008 Romanorum
451 1972 683 2017 imperatores
715 1970 804 2004 belli
841 1971 974 2004 sociam
1005 1972 1204 2012 asciscunt,
1241 1971 1286 2004 ab
1316 1970 1482 2004 hostibus
1517 1974 1622 2015 capta

186 2026 251 2055 est.
279 2030 398 2064 neque
423 2018 512 2051 haec
535 2023 675 2051 tantum
698 2018 817 2062 gravia
839 2022 954 2058 erant,
981 2017 1046 2050 sed
1069 2023 1106 2051 et
1129 2018 1235 2062 longe
1259 2018 1419 2062 graviora
1441 2016 1621 2050 timeban-

184 2073 254 2100 tur.
277 2078 360 2099 nam
388 2066 427 2098 in
449 2065 644 2098 maioribus
669 2065 818 2098 navibus
841 2063 1042 2097 horrendae
1066 2076 1185 2097 rursus
1209 2065 1326 2097 scalae
1350 2063 1621 2098 fabricabantur

186 2120 224 2147 et
249 2113 364 2147 omnis
393 2113 531 2156 generis
554 2110 741 2145 machinae
764 2111 1005 2156 parabantur,
1030 2111 1172 2144 vexillis
1197 2121 1349 2156 superne
1371 2110 1620 2153 volitantibu83

186 2166 223 2194 et
248 2161 291 2193 iis
315 2159 378 2205 qui
404 2158 587 2204 pugnandi
615 2169 720 2192 causa
746 2169 789 2191 ea
815 2157 1108 2199 conscenderent,
1133 2169 1153 2191 a
1177 2158 1316 2192 Latinis
1338 2158 1491 2191 maxima
1515 2167 1621 2203 prae-

185 2207 256 2241 mia
281 2205 586 2252 proponebantur.
1589 2212 1594 2215 “

277 2264 308 2286 2.
356 2254 410 2286 lta
449 2252 620 2297 periculis
661 2252 791 2297 partim
826 2251 1043 2286 instantibus
1083 2251 1213 2296 partim
1251 2250 1484 2296 urgentibus,
1519 2250 1621 2284 nulla

186 2310 265 2345 spes
292 2300 551 2345 pacificationis
585 2304 792 2344 supererat,
822 2299 1052 2344 pactionibus
1081 2309 1147 2343 per
1180 2298 1320 2331 invidos
1355 2303 1394 2331 et
1427 2297 1620 2331 sceleratos

186 2346 359 2391 quosdam
385 2346 551 2379 homines
579 2356 686 2391 saepe
713 2346 883 2380 confusis.
906 2357 989 2379 nam
1020 2345 1093 2378 dux
1120 2343 1348 2378 venetiarum
1375 2344 1498 2377 Ericus
1521 2344 1621 2377 Dan-

187 2393 293 2426 ‹lulus
318 2404 397 2427 cum
421 2393 635 2439 imperatore
661 2392 706 2426 de
730 2404 819 2438 pace
845 2397 986 2426 acturus
1017 2392 1154 2426 triremi
1183 2392 1283 2425 iuxta
1313 2391 1532 2424 Cosmidium
1554 2401 1621 2434 ap-

185 2439 310 2484 pellit:
334 2439 461 2473 eodem
484 2445 522 2474 et
544 2440 740 2485 imperator
764 2451 858 2485 equo
885 2438 1085 2473 advehitur.
1117 2438 1224 2472 rebus
1256 2438 1335 2471 aliis
1360 2437 1526 2471 omnibus
1562 2446 1622 2468 re·

186 2485 283 2518 lictis
310 2485 354 2519 de
380 2497 468 2531 pace
500 2486 611 2520 verba
635 2486 836 2521 conferunt.
873 2497 915 2519 ac
947 2498 968 2519 a
1007 2485 1098 2519 duce
1127 2485 1359 2519 Venetiarum
1395 2483 1620 2526 caeterisque

187 2532 410 2577 principibus
438 2534 514 2566 auri
540 2534 737 2566 centenarii
762 2533 790 2566 L
814 2534 935 2567 statim
961 2532 1173 2566 numerandi
1200 2531 1440 2576 postulantur,
1469 2527 1620 2561 adiectis

189 2578 457 2612 conditionibus
482 2580 622 2625 aliquot
645 2580 843 2614 durissimis
867 2585 904 2613 et
924 2580 1070 2613 minime
1094 2577 1314 2623 accipiendis
1344 2577 1390 2609 iis
1415 2575 1478 2620 qui
1505 2573 1621 2607 liber-

190 2626 275 2659 tatis
300 2624 527 2659 dulcedinem
547 2632 632 2660 sunt
655 2628 793 2672 experti
819 2631 855 2660 et
878 2627 1054 2672 imperare
1068 2652 1078 2667 ,
1106 2637 1179 2659 non
1202 2634 1327 2669 parere
1349 2621 1565 2660 didicerunt,
1581 2625 1622 2654 et

192 2671 357 2704 Laconici
395 2670 528 2715 flagelli
568 2673 799 2707 acerbitatem
829 2672 1092 2718 superantibus.
1117 2671 1249 2717 quibus
1282 2679 1365 2702 vero
1402 2667 1619 2712 captivitatis

191 2719 390 2764 periculum
422 2718 630 2754 imminebat
656 2731 697 2753 ac
720 2720 907 2765 publicum
934 2720 1082 2753 exitium
1109 2724 1146 2752 et
1170 2716 1376 2751 inchoatum
1408 2719 1446 2748 et
1470 2723 1618 2759 exaspe-
