1838 3210
220 150 295 217 ,48
378 158 381 160 ’
642 165 868 208 mci-:Tm
909 162 1217 204 cnomATAE

220 264 340 319 λεύς,
368 266 408 306 εἰ
444 262 502 320 μὴ
543 263 648 305 κατὰ
685 262 914 315 συγκυρίαν
951 259 1178 316 ἀπρόοπτον
1207 260 1322 317 αὐτῷ
1347 261 1547 315 προσέστη
1575 262 1648 303 τῦ-

222 347 301 388 φος
337 326 484 384 ἄλογος
530 324 761 380 αὕτοθελὴς
797 327 871 367 καί
909 324 1046 379 θυμὸς
1084 322 1342 368 παντάπασιν
1377 325 1649 380 ἀκυβέρνητος

158 407 166 416 ‘
220 398 294 438 τοῦ
324 395 552 449 οἶὸελφιδοῦ
572 389 789 443 Ἰωάννου,
822 389 870 432 ὃν
897 389 919 431 ὅ
948 388 1290 445 σεβαστοκράτωρ
1308 391 1489 443 ἐγείνατο
1511 387 1649 431 Ἰσαά-

223 477 324 510 mog.
389 458 528 512 μάχης
553 456 634 511 γὰρ
673 457 937 511 ἐνισταμένης
962 455 1070 509 μετά
1099 458 1280 510 Περσῶν
1307 452 1482 509 ἱππότην
1509 455 1650 508 ἐπίση-

222 541 302 579 μον
329 526 372 574 ἐξ
410 522 588 569 Ἰταλίας
627 519 867 574 ὁρμώμενον
901 517 1075 562 ἄνιππον
1111 520 1133 561 ὅ
1171 519 1369 573 βασιλευς
1394 518 1690 572 θεασάμενοςό

224 591 412 632 ἐκέλευσε
447 587 683 638 παρεστῶτι
721 587 777 642 τῷ
816 585 976 643 ἀνεψιῷ
999 585 1161 642 Ἰωάννῃ
1194 587 1400 639 ἀποβῆναι
1425 586 1499 626 τοῦ
1526 585 1653 638 Ἀρα-

225 655 317 708 βίου
346 653 472 693 ἵππου
500 644 532 708 ᾧ
553 645 603 705 ἦν
631 649 780 704 ἔποχος
807 650 879 692 καί
896 652 1039 692 δοῦναι
1064 654 1207 693 τοῦτον
1231 653 1287 707 τῷ
1307 651 1461 706 Ἰταλῷ,
1488 647 1546 704 μή
1575 665 1655 702 χα-

188 718 387 770 Βτιζοντα
428 716 564 758 ἵππων
605 714 678 758 τὸν
709 715 883 769 οἷνεψιὸν
908 715 1190 769 ἐπιστάμενος.
1246 715 1268 755 ὅ
1299 717 1343 757 δὲ
1373 716 1656 770 φρονηματίας

227 781 286 825 α’]’ν
313 781 385 824 καὶ
426 783 582 837 γαῦρος
620 783 742 822 πλέον
768 782 844 822 τοῦ
881 781 1039 830 δέοντος
1065 783 1121 838 τῷ
1147 783 1220 822 τοῦ
1247 783 1451 834 βασιλέως
1483 781 1656 834 α’ντέστη

225 847 497 900 κελεύσματι,
540 847 888 901 ἐμβριθεστέραν,
925 848 994 888 ἵνα
1039 845 1096 900 μὴ
1140 848 1300 900 λέγοιμι
1343 842 1721 899 οἷναιὸεστέραν,ῐο

225 914 300 968 τὴν
334 912 574 968 ἀντίρρησιν
619 911 918 965 ποιησάμενος·
988 913 1062 953 καί
1105 910 1176 953 τὸν
1204 916 1388 954 Λατῖνον
1428 911 1658 960 §gau-9221&

227 982 497 1034 προυκαλεῖτο
524 977 583 1025 εἷς
624 973 923 1030 ἅντιμάχησιν,
951 973 1008 1025 ὥς
1037 975 1109 1018 τὸν
1136 978 1280 1029 ἵππον,
1320 978 1359 1018 εἰ
1387 977 1659 1031 περιγένοιτο,

229 1045 401 1091 δικαίως
444 1039 779 1096 ἀποληψόμενον.
834 1040 894 1096 μή
927 1042 998 1083 έπί
1042 1040 1147 1083 πολὺ
1178 1044 1218 1083 ‹5'
1241 1040 1350 1095 ἔχων
1377 1038 1660 1083 ἇνθιστασθαι

227 1110 286 1165 τῷ
323 1108 425 1164 θεύρ
463 1105 537 1148 καὶ
577 1109 747 1159 βασιλεῖ’
783 1101 914 1161 (ἑώρα
954 1105 1034 1161 γάρ
1062 1106 1163 1161 πρὸς
1193 1107 1315 1163 ὀργὴν
1341 1105 1659 1163 ἐπιφρίσσοντα)

229 1171 304 1216 τὸν
331 1174 456 1214 ἵππον
485 1172 655 1213 δίδωσιν
682 1165 807 1213 ἄκων.
859 1172 1178 1227 μετακελητίσας
1206 1174 1242 1213 δ”
1271 1174 1330 1222 εἰς
1357 1175 1494 1226 ἕτερον
1522 1164 1662 1225 ὄχημα
1681 1174 1726 1215 15

232 1237 424 1291 α’θνμιὶις
465 1237 624 1291 πλήρης
667 1237 741 1278 καί
765 1234 959 1290 βράττων
986 1233 1178 1293 ἄντικρυς
1205 1241 1349 1295 θυμῷ,
1377 1235 1424 1278 τὸ
1455 1237 1557 1292 δόρυ
1589 1236 1663 1290 ἆγ-

232 1301 515 1355 κοινισάμενος
550 1301 657 1356 κατὰ
682 1304 764 1357 -τῆς
814 1302 895 1344 τῶν
931 1303 1140 1357 πολεμίων
1175 1303 1444 1360 παρατάξεως
1478 1303 1666 1358 φέρεται.

230 1366 383 1423 μικρὸν
413 1368 459 1408 δέ
490 1383 532 1408 τι
573 1365 735 1421 προβάς
776 1366 850 1409 τὸν
877 1367 1058 1423 λογχήρη
1084 1368 1227 1411 κοντὸν
1250 1370 1309 1417 εἰς
1335 1364 1519 1410 τοῦπίσω
1549 1368 1666 1409 α’ντέ-

193 1441 408 1489 Οστρεψε,
439 1434 511 1473 καί
537 1433 595 1489 τῷ
622 1429 739 1489 νώτῳ
772 1433 1077 1486 ε’παναθέμενος
1107 1432 1209 1486 πρὸς
1235 1437 1412 1489 Πέρσας
1437 1428 1667 1485 αὕτόμολος

229 1497 414 1552 γίνεται,
443 1494 488 1538 τὸ
516 1496 665 1551 κράνος
690 1499 760 1552 τῆς
782 1501 964 1553 κεφαλῆς
993 1499 1262 1555 ἀφελόμενος.
1318 1498 1460 1551 ἀμέλει
1489 1496 1562 1539 καί
1583 1499 1730 1541 ’lm-20

233 1564 355 1618 άννης
390 1563 468 1613 μὲν
507 1561 639 1616 ἡδέως
666 1567 751 1611 τοῖς
787 1563 1018 1619 βαρβάροις
1044 1563 1191 1617 δρᾶται
1218 1562 1291 1605 καὶ
1320 1564 1517 1616 ἀσμένως,
1538 1578 1667 1617 προσ-

233 1629 424 1682 δέχεται,
464 1628 536 1669 καί
572 1626 628 1676 ὥς
670 1626 801 1669 πάλαι
837 1630 914 1682 μὲν
958 1626 1141 1684 συνήθης
1170 1629 1315 1679 αὕτοῑς
1344 1625 1667 1681 καθιστάμενος,

232 1693 356 1748 ἡνίκα
404 1693 462 1749 τῷ
502 1691 634 1747 πατρὶ
668 1692 965 1747 συνεπλάζετο,
1000 1696 1072 1736 καί
1103 1694 1159 1744 ὥς
1185 1691 1276 1736 τότε
1306 1691 1356 1749 δὴ
1384 1697 1434 1750 τῇ
1461 1696 1669 1751 παρουσίᾳ

233 1756 284 1801 τοὶ
312 1760 400 1800 κατ’
440 1757 596 1807 αὐτούς
635 1756 892 1813 α’ναρρώσων
937 1756 1172 1814 πράγματα.
1235 1757 1257 1800 ὅ
1299 1759 1339 1799 δ’
1381 1757 1510 1807 αὐτὸς
1536 1760 1672 1816 μικρῷ

330 1843 362 1885 4.
389 1840 554 1883 ἱππότην
585 1841 794 1888 ἐπίσημον]
832 1840 1014 1888 φράγγον
1052 1842 1239 1889 ἐπίσημον
1275 1840 1452 1886 ἀνδρεῖον
1483 1843 1520 1875 Β.
1635 1843 1668 1876 5.

330 1886 499 1922 εὔιππον
523 1887 590 1928 W,
617 1888 791 1933 ἔφιππον
813 1888 850 1920 Β.
999 1891 1047 1923 15.
1070 1889 1375 1935 μετακελητίσας]
1400 1890 1464 1922 καὶ
1497 1890 1670 1934 καβάλλι-

332 1933 468 1971 κεύσας
489 1933 622 1979 ἕτερον
652 1934 770 1968 αὐτοῦ
797 1933 937 1979 ἄλογον
960 1935 997 1967 Β.

240 2023 323 2045 casu
350 2010 506 2056 quodam
543 2011 736 2055 improviso
772 2011 974 2046 inconsulta
996 2018 1033 2046 et
1056 2018 1246 2046 contumax
1273 2012 1439 2058 superbia
1465 2018 1501 2046 et
1527 2013 1669 2047 iracun-

240 2058 299 2091 dia
326 2068 468 2102 prorsus
496 2058 637 2090 effrenis
660 2058 830 2090 Iohannis
861 2059 1003 2103 nepotis
1030 2070 1071 2091 ex
1095 2060 1203 2092 fratre
1227 2060 1361 2092 Isaacio
1387 2059 1669 2093 sebastocratore

237 2105 295 2137 illi
336 2104 547 2136 obstitisset.
583 2115 665 2136 nam
699 2115 777 2136 cum
811 2105 887 2136 acie
911 2116 990 2137 cum
1024 2106 1136 2138 Persis
1162 2105 1424 2138 decernendum
1450 2111 1565 2147 esset,
1593 2107 1669 2139 viso

238 2151 368 2194 insigni
398 2149 520 2194 equite
543 2150 689 2190 Italico,
715 2149 911 2183 Iohannem
927 2151 1045 2184 fratris
1069 2151 1196 2192 filium,
1220 2152 1354 2196 quippe
1379 2153 1435 2184 cui
1461 2163 1572 2196 equos
1597 2164 1669 2186 non

239 2197 365 2230 deesse
389 2197 520 2236 sciret,
557 2196 709 2229 Arabico
734 2207 827 2241 equo
852 2196 1068 2230 descendere
1093 2208 1247 2242 eumque
1272 2199 1363 2231 Italo
1384 2198 1467 2231 dare
1492 2199 1607 2232 iussit.
1633 2205 1671 2232 at

238 2245 269 2277 is
296 2243 403 2275 homo
431 2242 518 2275 elati
543 2243 679 2282 animi,
704 2248 740 2275 et
772 2243 963 2276 iactantior
991 2255 1098 2288 quam
1123 2243 1294 2284 decebat,
1321 2245 1544 2289 imperatoris
1571 2244 1669 2278 dicto

238 2300 313 2323 non
337 2288 510 2328 audiens,
534 2288 725 2330 audacius,
748 2300 794 2321 ne
819 2289 935 2322 dicam
958 2290 1222 2334 impudentius,
1248 2291 1440 2335 refragatus
1471 2297 1543 2332 est,
1571 2291 1671 2325 Lati·

237 2346 397 2380 numque
434 2346 499 2380 per
537 2341 779 2379 contemptum
813 2335 859 2368 ad
898 2347 1052 2381 pugnam
1082 2337 1308 2381 provocavit,
1338 2338 1414 2369 iure
1442 2343 1670 2382 accepturum

240 2393 385 2427 equum,
410 2381 439 2414 si
462 2381 616 2415 vicisset.
642 2381 706 2414 sed
728 2393 807 2414 cum
831 2387 959 2426 patruo
983 2383 1200 2427 imperatori,
1225 2383 1281 2414 cui
1307 2383 1417 2416 bilem
1443 2386 1671 2417 effervescere

240 2432 412 2469 cerneret,
437 2427 573 2460 diutius
588 2428 752 2461 resistere
768 2439 841 2461 non
857 2434 989 2473 posset,
1010 2440 1140 2473 equum
1165 2428 1227 2461 dat
1243 2429 1392 2471 invitus;
1417 2430 1561 2474 alioque
1586 2440 1672 2462 con-

240 2485 365 2508 scenso
393 2474 512 2507 animo
538 2484 642 2518 aeger
663 2479 698 2507 et
722 2475 907 2507 iracundia
939 2481 1126 2517 aestuans,
1157 2475 1258 2508 hasta
1283 2475 1417 2508 directa
1440 2476 1478 2509 in
1502 2477 1671 2509 hostilem

241 2521 355 2554 aciem
376 2520 516 2561 tendit,
542 2531 583 2553 ac
605 2521 713 2565 paulo
738 2521 877 2565 longius
901 2532 1116 2566 progressus,
1146 2531 1187 2553 ea
1210 2521 1340 2554 reflexa
1363 2527 1400 2555 et
1422 2521 1579 2555 humeris
1603 2523 1671 2555 im-

242 2567 360 2612 posita
383 2567 555 2611 galeaque
575 2568 684 2611 capiti
699 2567 869 2609 detracta,
897 2567 942 2600 ad
954 2569 1074 2600 Persas
1103 2567 1302 2612 transfugit.
1328 2579 1348 2599 a
1381 2568 1512 2613 quibus
1540 2568 1670 2613 cupide

243 2619 280 2647 et
297 2618 456 2655 amanter
479 2613 681 2658 suscipitur,
705 2619 779 2646 tum
805 2613 903 2658 quod
927 2614 990 2654 eis,
1016 2614 1099 2647 dum
1125 2625 1204 2646 cum
1227 2619 1327 2658 patre
1354 2614 1541 2654 exulabat,
1566 2615 1672 2648 inno-

243 2665 385 2701 tuerat,
422 2665 498 2693 tum
524 2659 623 2704 quod
660 2661 861 2704 praesentia
887 2672 949 2693 sua
974 2661 1131 2705 ipsorum
1160 2671 1213 2693 res
1238 2661 1438 2693 firmaturus
1464 2672 1540 2693 esse
1566 2666 1672 2705 puta·

243 2706 359 2739 batur.
392 2716 511 2752 neque
534 2706 646 2740 multo
671 2712 752 2751 post
776 2706 975 2740 Christiana
1001 2707 1173 2751 religione
1200 2706 1360 2740 abiurata
1387 2707 1581 2740 Iconiensis
1592 2708 1671 2741 Pcr-
