1878 3230
738 186 1098 228 GLossAmUM
1509 168 1620 238 923

209 285 336 334 λεων,
380 281 595 337 ἒρὸγενσεν
620 282 782 331 αυτούς.
826 300 868 325 v.
905 286 1034 324 varias
1073 285 1128 324 ad
1167 286 1343 326 Nicetam
1374 285 1555 339 p.151‚
1586 292 1626 325 et

207 338 351 381 Wolfii
383 340 587 402 Indicem,
620 348 659 379 et
685 341 861 378 Glossar.
895 341 945 379 ad
978 340 1096 379 Cedr.

315 391 484 444 ῥούτα
532 402 645 443 ruta,
679 394 914 449 multitudo,
945 394 1084 447 globus
1112 393 1296 432 militum.
1323 393 1416 433 vide
1442 395 1593 433 Mem-s.

313 445 522 498 ῥοῦχον
562 462 679 487 rocus
725 448 789 487 vel
827 462 963 487 roccus
1002 463 1092 501 pag.
1137 449 1215 487 215
1269 461 1344 510 217
1393 449 1467 488 251
1527 449 1622 487 581.

206 501 535 566 Astrampsychus
565 504 606 541 in
637 503 862 553 Πυθαγορ.
894 504 1075 550 λαξευτ.ε
1103 497 1258 566 ῥοῦχον
1284 515 1485 541 noxum-,ov
1510 503 1624 552 item,

210 555 268 599 εἰς
296 551 339 592 τὸ
369 552 422 593 e':
459 552 644 595 ὄσπίτιον
675 556 797 607 δηλοῖ
825 556 883 603 εἰς
917 556 1070 603 παῖδας
1097 554 1169 595 καί
1200 554 1359 595 εἴσοδον
1402 555 1473 594 καί
1506 556 1625 594 εὐτυ-

203 605 306 670 χίαν
332 608 404 647 καί
429 610 588 649 καῦκαν
616 608 688 648 καί
714 608 846 662 ῥοῦχα
876 607 1016 649 πολλα.
1056 610 1232 676 Cyrillus
1269 610 1493 676 patriarcha
1522 611 1623 650 CP.

210 658 280 699 διὰ
312 658 363 700 mi
392 660 498 717 λα’βῃ
526 678 579 702 τα
611 659 741 729 ῥοῦχά
775 678 865 714 σου,
895 662 972 727 δόςι
992 677 1064 703 του
1093 663 1165 704 καί
1191 660 1238 703 τὸ
1262 660 1518 714 υποκάμισόν
1536 677 1624 703 σου.

207 717 357 754 Auctor
384 718 454 756 GB
484 713 662 768 βύσσινα
690 716 828 769 ῥοῦχα
863 717 1160 768 καταξαμύτου.
1201 718 1364 757 Additio
1397 732 1412 756 1
1447 718 1623 770 capitul.

209 769 340 808 Carol.
368 784 405 809 c.
438 785 515 812 22:
540 781 577 811 ec
598 773 762 825 pedules
783 786 915 827 parta
938 783 1120 826 quatuor,
1149 786 1304 812 roccum
1332 787 1462 811 unam.
1491 774 1547 811 sic
1569 771 1626 811 le-

209 825 318 877 gitur
345 830 456 864 tomo
485 840 508 865 2
539 826 815 866 Conciliorum
845 827 1007 866 Galliae.

313 891 380 917 σα
393 880 421 928 β
434 893 493 918 αν
508 893 562 919 ον
607 881 790 920 linteum.
838 882 1038 920 Hierocles
1078 882 1176 920 artis
1212 881 1471 921 veteiinariae
1502 879 1572 919 lib.
1600 895 1623 920 2

210 945 296 985 cap.
324 932 406 985 98·
434 934 582 974 λοῦσον
611 931 685 974 τὸν
727 933 850 973 ι’ππον
895 949 964 973 και
1002 930 1209 985 ἇπόμαξον
1240 932 1448 985 σαβάιοις.
1491 935 1627 974 Thoo-

209 994 384 1026 mnestus
413 987 587 1028 ibidem·
617 989 667 1042 τῇ
696 987 781 1027 δὲ“
760 1003 855 1042 εκτη
886 987 1094 1040 ἐξαγαγών
1110 990 1183 1039 τῆς
1202 986 1359 1042 φάτνης
1377 991 1527 1028 λοῦσον
1555 986 1628 1028 καί

211 1037 426 1089 ἅπόμαξον
451 1029 663 1093 σαβάνοις.
694 1044 882 1096 Vegetius
907 1051 983 1082 art.
1012 1052 1091 1082 vet.
1122 1043 1190 1085 lib.
1222 1044 1246 1083 3
1276 1058 1309 1082 c.
1337 1043 1417 1095 47.
1463 1044 1626 1082 sabanis

209 1095 476 1135 valzmdtoribus
504 1097 757 1149 abstergetur.
789 1097 960 1136 Collatio
982 1098 1164 1151 Carthag.
1187 1112 1209 1136 2
1237 1111 1328 1136 eum
1349 1100 1494 1137 Donat.
1521 1113 1627 1136 cnm-

210 1162 287 1203 que
314 1150 423 1188 intra
450 1151 643 1190 sabanum
657 1152 853 1192 volumen
879 1152 1047 1191 schedae
1074 1153 1388 1191 membranarum
1414 1167 1491 1206 pro
1511 1162 1628 1206 parte

209 1204 439 1266 descnptum
465 1212 539 1244 etc.

165 1259 168 1263 ’
317 1254 557 1323 σάγισμα
604 1259 818 1299 instratum
845 1260 952 1313 equi.
983 1260 1065 1299 Leo
1095 1261 1418 1299 Grammaticus:
1450 1260 1532 1299 τῶν
1559 1258 1626 1299 ἴπ-

209 1326 298 1350 πων
320 1308 566 1365 ἀμφοτέρων
592 1312 675 1352 τῶν
702 1314 853 1377 μερῶν
871 1314 1145 1365 διερχομένων
1169 1311 1271 1364 μετὰ
1300 1313 1468 1366 χρυσαῖν
1499 1328 1626 1379 ‹myt-

212 1363 396 1415 σμάτων.
425 1367 550 1417 item,
591 1381 710 1420 ευρεν
748 1364 882 1408 αὐτόν
912 1367 1216 1419 ἐντετυλιμένον
1243 1368 1287 1407 ἐν
1325 1368 1380 1422 τῶ
1404 1365 1629 1419 σαγίσματι

210 1419 285 1459 τοῦ
315 1418 498 1467 δεξιοῦ“
478 1434 622 1460 ιππου.

318 1470 572 1538 cayti-‘310‘
596 1490 632 1527 p.
661 1474 716 1526 44
742 1475 769 1515 d
808 1476 953 1526 βέλους
992 1472 1126 1522 ἒντόςε
1169 1476 1291 1516 codex
1322 1477 1392 1516 GB
1419 1475 1626 1537 σαγίττας.

214 1542 251 1567 v.
278 1527 442 1567 suidam
474 1529 514 1567 in
545 1523 717 1592 αβλητα.
738 1531 1014 1596 Theophanes
1042 1530 1084 1568 in
1112 1530 1322 1570 Heiaclio.
1330 1526 1532 1597 τ’ἔμειναν
1560 1523 1627 1568 ἀπ’

215 1575 401 1632 ἀλλήλων
429 1578 508 1620 α’πὸ
540 1579 615 1621 δύο
644 1583 856 1633 σαγίττων.
887 1585 1073 1624 Chronic.
1103 1585 1218 1623 Alex.
1258 1584 1300 1631 ἐξ
1324 1576 1373 1636 ἧς
1407 1581 1527 1634 ἔλαβε
1553 1598 1629 1623 σα-

211 1634 362 1697 γίττας.
395 1635 716 1677 Constantinus
706 1652 745 1676 111
774 1640 894 1678 Tact.
925 1640 1005 1678 Leo
1025 1639 1136 1677 Tact.
1168 1653 1256 1690 cap.
1294 1652 1338 1677 ¹2
1371 1643 1395 1687 §
1422 1638 1500 1677 61.
1544 1634 1626 1676 dud

212 1684 303 1736 ειὸς
330 1687 636 1741 σαγιττοβόλου.
675 1692 769 1732 hinc
800 1692 1048 1745 σαγιττάτωρ
1086 1695 1315 1745 sagittator,
1361 1692 1466 1745 apud
1507 1692 1626 1731 eund.

213 1744 385 1793 Leonem
414 1744 496 1796 (1.4
525 1751 548 1794 §
578 1747 626 1799 57
671 1754 721 1785 et.
764 1762 785 1800 7
815 1751 839 1795 §
871 1749 920 1801 57
952 1754 991 1787 et
1018 1746 1313 1798 σαγιττοποιοί,
1355 1746 1397 1786 d.
1433 1760 1519 1804 cap.
1545 1747 1573 1797 4
1601 1751 1625 1795 §

213 1797 264 1837 50
302 1804 342 1837 et
369 1799 674 1839 Constantinum
700 1803 741 1840 in
771 1802 885 1840 Tact-

321 1851 618 1907 σαγμάρια.
664 1855 883 1895 1111111.116
926 1851 979 1894 τά
1006 1851 1270 1908 σκευοφόρεα
1302 1855 1423 1894 codex
1451 1855 1521 1894 GB
1548 1867 1624 1893 σα-

211 1901 384 1956 uca'pta.
417 1908 601 1948 animalia
621 1924 722 1963 quae
747 1911 1032 1974 impedimenta
1057 1917 1095 1948 et
1123 1911 1296 1948 sarcinas
1318 1909 1485 1948 vehunt.
1517 1910 1626 1947 Con-

212 1959 411 2000 stantiuu's
442 1962 480 1999 in
509 1963 619 2002 Tact.
652 1979 692 2016 p.
731 1965 806 2004 16:
840 1961 952 2014 ἔχειν
978 1961 1208 2015 σαγμάριον
1235 1963 1288 2003 ἓν.
1322 1964 1481 2003 Servius
1509 1963 1551 2001 in
1589 1976 1624 2001 1.

214 2013 442 2054 Aeneidos.
471 2025 508 2054 et
529 2018 599 2056 hoc
626 2019 668 2056 in
693 2020 824 2057 multis
851 2019 1069 2057 nominibus
1097 2019 1229 2056 obsera
1233 2018 1385 2057 andum
1410 2027 1479 2068 est,
1506 2026 1547 2056 ut
1560 2032 1627 2069 gc-

214 2081 286 2105 nus
313 2082 367 2106 ex
393 2069 610 2110 adiectione
626 2073 848 2121 firmetur,
887 2085 970 2126 qua
1006 2073 1177 2111 detracta
1221 2074 1263 2110 in
1294 2082 1472 2111 neutrum
1505 2072 1628 2111 cadat

215 2134 367 2160 necesse
394 2132 470 2173 est,
500 2134 544 2163 ut
566 2126 773 2178 piscinalis
800 2128 908 2166 locus
924 2155 936 2175 ‚
961 2128 1116 2181 piscina
1144 2126 1276 2173 cella,
1304 2127 1534 2180 piscinale5
1560 2140 1625 2164 sa-

212 2178 391 2227 gmarius
417 2179 559 2224 mulus,
586 2182 791 2231 sagmaria
819 2182 939 2230 mula,
967 2182 1230 2231 sagmarium.
1262 2180 1354 2219 odo
1384 2179 1623 2219 Cluniacen-

213 2231 269 2268 sis
291 2229 362 2269 lib.
397 2244 409 2269 1
444 2231 494 2270 de
523 2234 604 2271 vita
632 2235 672 2272 S.
702 2234 887 2273 Geraldi:
941 2235 1097 2273 interim
1124 2248 1218 2274 vero
1243 2248 1357 2274 omne
1390 2236 1625 2290 stipendium

214 2283 327 2376 {uod
351 2286 393 2323 in
419 2288 627 2338 sagmariis
658 2288 829 2327 Get-aldi
853 2289 1024 2327 delatum
1055 2289 1218 2339 fuet-ac,
1240 2291 1440 2342 paulatzm
1467 2291 1623 2340 defiat.

253 2345 361 2377 etrus
390 2339 581 2381 Blesensis
621 2343 734 2394 epist.
769 2342 846 2396 941
872 2343 1012 2398 quodsi
1037 2344 1178 2381 milites
1205 2353 1354 2383 nostros
1386 2346 1445 2382 ire
1470 2345 1515 2382 in
1549 2358 1625 2382 ex-

209 2393 455 2445 peditionem
483 2397 710 2450 quandoque
735 2406 924 2450 oporteat,
951 2399 1150 2449 sagmarii
1171 2411 1305 2436 eorum
1320 2412 1397 2436 non
1408 2398 1533 2447 ferro
1559 2398 1631 2436 sed

216 2446 339 2494 vino,
371 2461 447 2486 non
472 2450 616 2489 lanceis
638 2450 711 2489 sed
732 2452 870 2500 caseis,
897 2465 976 2490 non
1003 2452 1154 2490 ensibus
1176 2451 1250 2490 sed
1274 2452 1433 2500 umbus,
1460 2465 1537 2489 non
1555 2453 1627 2489 ha-

216 2501 283 2537 stis
312 2501 385 2539 sed
407 2504 576 2542 verubus
601 2514 823 2544 onerantur.
857 2512 896 2544 et
932 2513 1151 2558 corrupte,
1188 2505 1426 2543 saumarius.
1470 2504 1628 2544 Auctor

218 2554 324 2593 vitae
353 2555 396 2593 S.
417 2555 645 2597 Gebehardi
667 2558 857 2612 Arcbiep.
877 2559 1095 2612 Salisburg.
1114 2575 1124 2598 :
1155 2559 1319 2609 angebat
1347 2573 1368 2596 e
1389 2567 1526 2597 contra
1550 2573 1628 2603 non

219 2616 410 2667 carpento
435 2623 557 2663 neque
582 2615 734 2658 trahea,
760 2628 903 2652 verum
922 2615 1019 2653 solis
1044 2613 1260 2652 saumarzis
1277 2614 1503 2651 necessaria
1516 2627 1628 2666 posse

218 2659 368 2709 inferri
399 2664 621 2704 saumarius
644 2666 770 2705 Gallis
797 2668 894 2706 beste
913 2667 962 2706 de
986 2681 1150 2730 somme,
1181 2665 1289 2704 italis
1309 2667 1430 2704 bestia
1446 2666 1503 2704 da
1522 2681 1629 2705 som-

220 2729 296 2754 ma.
327 2723 364 2755 et
391 2731 525 2756 sauma
551 2733 625 2770 pro
657 2734 778 2760 onere
808 2721 868 2760 vel
898 2723 1074 2760 sarcinis.
1115 2719 1370 2773 Luiprandus
1399 2720 1626 2770 14L.Lan-
