1878 3230
275 157 389 215 336
724 169 952 213 mem-Ae
999 166 1308 224 caemani-3

274 278 321 317 δὲ
348 269 735 326 συλλαμβανόμενος
764 270 836 311 καί
862 265 991 315 αὐτὸς
1011 265 1369 319 ἑξομματοὺμενός
1396 282 1441 308 τε
1467 271 1540 310 καὶ
1563 269 1702 326 εἶ’ρκτῇ

274 337 454 395 ζοφώδει
491 331 907 391 παραρριπτούμενος
947 329 1010 381 οἷς
1037 334 1314 387 προσηγορίαν
1344 331 1414 373 διὰ
1445 335 1521 374 τοῦ
1548 335 1699 388 δεσμο-

272 406 457 460 φύλακος
485 403 697 456 πέπομφεν
724 395 789 442 ἔνι’
814 401 899 442 τῶν
927 399 1275 452 γυναιχομαίμων
1298 397 1484 456 Ἀγγέλῳ
1513 399 1700 457 δεσμώτῃ

271 467 352 510 ὄντι
379 469 433 523 τῷ
460 463 782 522 Κωνσταντίνῳ.
837 461 989 506 οὗκοῦν
1015 461 1087 505 διὰ
1116 463 1251 504 ταῦτα
1279 458 1331 517 ἦν
1357 464 1415 512 εἷς
1442 462 1565 505 πόνον
1593 461 1702 507 ἅπα-

264 550 325 575 Υσα
356 532 542 588 κεφαλή,
570 530 641 573 καί
666 533 904 587 παρρησίαν
929 525 1028 584 ἦγον
1054 526 1109 578 ὥς
1141 524 1190 570 01'1'
1217 543 1325 582 ποτε,
1353 533 1437 577 τοῖς
1464 526 1598 584 ἔργοις
1625 528 1739 575 anf-5

267 604 354 646 τοῖς
394 595 679 650 πιστούμενα,
720 593 800 639 ὅσα
842 594 886 638 τὸ
928 593 1235 648 Ἐμπεδόκλειον
1268 599 1400 642 νεῖκος
1429 594 1704 649 τερθρεύεται

229 664 439 717 οτέρατα.
504 663 558 702 ου’
582 659 658 716 γὰρ
690 660 874 709 ἐκλεκτὸς
905 659 1030 714 μόνον
1058 657 1168 709 ἅπας
1196 661 1267 701 καί
1293 654 1455 714 ὑψηλὸς
1480 662 1550 714 τῆς
1584 660 1702 701 ἐναν-

265 729 360 776 τίας
388 723 448 769 αἲν
469 725 725 784 Ἀνδρονίκῳ
753 727 924 782 μερίδος
952 723 1111 779 ἔπασχε
1134 723 1185 766 τὰ
1213 722 1465 780 οἰκτρότατα,
1495 722 1602 766 α’λλοὶ
1630 722 1705 766 καί

264 795 364 848 περὶ
392 791 487 843 τοὺς
531 791 704 841 οἰκείους
730 793 1051 847 θεραπευτῆρας
1093 787 1363 840 ἀπιστότατος
1391 785 1468 843 ὧν,
1499 788 1571 839 οὓς
1594 792 1701 843 χθὲς

267 859 457 912 ἕψώμιζε
486 860 610 913 στέαρ
641 859 780 912 πυροῦ
810 855 881 898 καί
919 853 982 906 οἷς
1007 854 1084 898 τόν
1109 853 1276 910 μόσχον,“
1295 854 1514 912 παρετίθει
1542 854 1612 897 τὸν
1637 871 1696 897 σι-
1717 871 1766 899 10

263 922 408 966 τευτόν
449 923 522 965 καὶ
558 922 630 965 τὸν
666 923 906 976 α’νθοσμίαν
933 924 1075 975 ἐκίρνα
1118 920 1346 977 ζωρότερον
1381 920 1452 962 καί
1477 922 1536 978 τῷ
1562 918 1699 979 κύκλῳ

262 991 347 1031 τῶν
374 991 472 1043 περί
497 991 648 1031 ἐκεῖνον
677 990 903 1044 ἐνέγραφε,
941 985 1107 1036 τούτους
1136 988 1306 1028 διετίθει
1334 987 1550 1041 χειρίστως
1575 986 1701 1040 σήμε-

262 1068 352 1107 ρον.
410 1049 462 1109 ἦν
493 1056 539 1096 δὲ
570 1052 643 1095 καί
678 1052 748 1096 τὸν
779 1052 904 1095 αὐτὸν
930 1055 1002 1095 ἐπὶ
1036 1054 1110 1107 τῆς
1150 1052 1277 1106 αὐτῆς
1308 1049 1476 1106 ’ἡμέρας
1503 1051 1701 1100 πολλάκις

262 1119 368 1172 ὁρᾶν
397 1119 733 1176 στεφανούμενόν
761 1134 806 1160 τε
851 1116 940 1172 ἅμα
968 1118 1074 1160 κατὰ
1102 1117 1175 1160 τὸν
1201 1119 1276 1159 τοῦ
1302 1115 1460 1172 Ξέρξου
1489 1117 1701 1170 ναύαρχον

262 1184 334 1225 καὶ
353 1183 733 1238 δειροτομοόμενον,
763 1182 1017 1237 ὖμνούμενόν
1030 1199 1073 1225 τε
1087 1186 1159 1225 καί
1184 1180 1576 1239 βλασφημούμενον.
1596 1179 1698 1223 ὥστε
1717 1184 1764 1225 15

263 1251 336 1291 καί
362 1251 507 1291 πολλοὶ
533 1252 613 1290 ταῖν
638 1250 984 1304 ἐπιγραφομένων
1010 1246 1302 1303 ’Λνδρόνικον,
1338 1246 1378 1290 οἱ
1404 1245 1507 1297 ὅλως
1536 1249 1578 1296 ἐς
1604 1248 1703 1289 νοῦν

260 1313 509 1367 βάπτοντες,
537 1314 608 1357 τὸν
639 1309 694 1366 ἐξ
711 1316 869 1356 ἐκείνου
898 1312 1066 1356 ἔπαινον
1094 1313 1330 1368 καταβολὴν
1357 1313 1549 1366 ἐνόμιζον
1575 1309 1703 1369 ὕβρε-

217 1391 344 1433 Βως,
374 1378 447 1421 καί
468 1378 547 1434 τήν
581 1380 746 1434 ‹lya-9023
785 1377 896 1428 τινός
931 1380 1201 1433 α’νθρωπικοῦ
1228 1376 1418 1433 παροχῆν
1447 1376 1588 1430 ἐμεσιν
1619 1378 1705 1430 τῶν

263 1447 500 1500 προσόντων
540 1440 668 1502 ᾤοντο
695 1441 803 1487 εἶναι
831 1444 902 1487 καὶ
933 1443 1226 1499 καταστροφὴν
1251 1443 1325 1499 τὴν
1351 1442 1621 1498 ἐπιστροφήν.
1674 1441 1698 1483 ὅ

263 1513 298 1551 δ’
328 1510 458 1558 αιῖτὸς
497 1509 720 1566 φαρμακός
759 1506 815 1553 α’)’ν
842 1509 1070 1560 ὄλοώτατος
1112 1507 1302 1564 ἐλελήθει
1329 1509 1552 1564 πρότερον,
1579 1507 1696 1563 ἡνίκα
1711 1524 1763 1551 20

262 1579 476 1630 τυραννεῖν
503 1574 748 1629 ἐπεβάλλετο
770 1592 780 1603 ·
839 1576 1008 1631 ἡμερῶν
1044 1576 1091 1617 δέ
1119 1591 1243 1617 τινων
1271 1575 1575 1616 διαλειπουσῶν
1601 1569 1699 1631 ᾖδε·
1776 1576 1780 1579 ⁴

260 1656 307 1682 το
333 1639 447 1694 παρὰ
478 1640 605 1682 πᾶσιν
638 1642 698 1696 (εἰ
727 1642 774 1682 δὲ
797 1640 869 1682 καί
895 1637 1088 1696 ἀληθῶς,
1125 1636 1199 1681 οὐκ
1223 1638 1308 1693 ἔχω
1334 1642 1485 1694 λέγειν)
1520 1640 1594 1679 καί
1618 1642 1698 1680 θα-

261 1707 462 1758 νασίμους
507 1705 749 1760 κεραννύειν
788 1708 1040 1748 ἐπίστασθαι
1076 1704 1270 1756 κύλικας,
1309 1705 1381 1746 καί
1408 1704 1482 1758 τῆς
1504 1699 1700 1756 ὀλεθρίας

261 1768 413 1826 ταύτης
454 1772 497 1820 ἐς
535 1767 642 1828 ᾅδου
680 1773 924 1826 καταγωγῆς
961 1771 1129 1826 πρώτην
1170 1772 1251 1812 τῶν
1281 1763 1419 1811 ἄλλων
1445 1771 1698 1824 πειραθῆναι

355 1892 387 1913 2.
415 1874 483 1929 οἷς]
515 1879 573 1915 ὅτι
598 1864 655 1915 Α.ι
731 1883 1011 1930 προσηγορίαν]
1037 1875 1289 1928 χαιρετισμόν
1306 1882 1346 1914 Β.
1439 1879 1504 1914 διά
1529 1891 1631 1919 τινος
1658 1882 1696 1914 Δ.

354 1929 386 1962 6.
411 1928 648 1974 πιστούμενος
675 1930 723 1962 A:
752 1930 858 1973 vulgo
883 1929 1158 1975 ἀπιστούμενα.
1255 1940 1288 1973 7.
1312 1927 1434 1974 μόνον
1458 1939 1515 1960 om
1543 1929 1582 1961 Α.
1664 1939 1696 1972 9.

355 1973 618 2054 ιῖπισᾏότατος]
656 1976 885 2021 πικρότατος
919 1978 958 2010 Α.
1106 1977 1155 2012 ι5.
1182 1970 1440 2021 ὑμνούμενόν]
1473 1970 1699 2020 ειῗλογοόμε-

354 2031 426 2056 νον
488 2045 495 2053 .

265 2120 433 2164 idemque
467 2131 550 2153 mox
589 2121 865 2166 comprehensus
903 2127 940 2156 et
966 2122 1078 2156 oculis
1109 2124 1220 2156 erutis
1245 2123 1283 2156 in
1308 2123 1496 2155 obscurum
1522 2132 1697 2155 carcerem

266 2172 320 2199 est
365 2167 567 2206 coniectus,
603 2168 702 2211 quod
736 2179 801 2212 per
839 2168 1019 2213 quendam
1055 2170 1204 2202 carceris
1238 2168 1422 2201 custodem
1448 2167 1549 2200 fratri
1574 2169 1695 2201 uxoris

265 2223 350 2245 suae
387 2213 522 2256 Angelo
549 2213 784 2247 Constantino
817 2216 970 2248 salutem
1005 2215 1153 2248 dixerat.
1187 2225 1291 2247 nemo
1316 2215 1423 2257 igitur
1447 2225 1694 2248 aerumnarum

267 2263 344 2291 erat
385 2268 533 2302 expers;
571 2264 608 2291 et
632 2261 661 2293 si
693 2273 878 2305 nunquam
912 2262 1025 2303 alias,
1061 2267 1136 2294 tum
1163 2267 1257 2294 certe
1283 2272 1319 2292 re
1344 2261 1421 2305 ipsa
1445 2267 1602 2294 monstra
1630 2261 1695 2294 illa

265 2304 510 2348 apparebant,
539 2315 632 2348 quae
656 2307 887 2350 Empedocles
912 2307 956 2340 de
984 2308 1215 2340 contentione
1240 2306 1430 2339 fabulatur.
1455 2318 1573 2352 neque
1598 2308 1695 2340 enim

263 2361 429 2395 proceres
455 2350 630 2384 duntaxat
653 2353 848 2385 Andronici
871 2354 1085 2394 adversarii,
1114 2353 1176 2386 sed
1201 2354 1276 2385 eius
1301 2354 1408 2385 etiam
1433 2354 1588 2386 cultores
1615 2365 1696 2386 cru-

266 2396 460 2429 delissime·
475 2397 730 2431 tractabantur.
754 2410 836 2431 nam
862 2411 951 2444 quos
981 2399 1060 2432 heri
1084 2399 1338 2432 humanissime
1365 2405 1554 2444 exceperat
1577 2405 1613 2433 et
1639 2400 1696 2433 in-

266 2449 320 2475 ter
356 2443 502 2475 intimos
542 2443 740 2485 habuerat,
773 2446 811 2478 in
841 2456 900 2478 eos
937 2445 1046 2478 hodie
1081 2447 1249 2478 atrociter
1281 2445 1471 2478 saeviebat.
1498 2447 1548 2479 ita
1572 2445 1695 2479 videre

267 2494 344 2521 erat
367 2489 521 2522 eundem
545 2489 670 2522 eodem
695 2490 773 2530 die,
799 2497 840 2524 ut
864 2490 908 2524 de
932 2491 1107 2524 navarcho
1132 2492 1256 2524 Xerxis
1282 2498 1336 2524 est
1362 2493 1554 2524 memoriae
1571 2492 1695 2536 prodi-

266 2541 363 2575 tum,
398 2540 434 2568 et
466 2537 628 2568 coronari
661 2542 697 2569 et
736 2538 850 2569 securi
884 2538 1050 2581 percuti,
1086 2538 1224 2570 laudari
1255 2544 1290 2571 et
1314 2539 1482 2572 conviciis
1502 2537 1693 2583 proscindi.

265 2582 390 2625 itaque
427 2582 679 2626 prudentiores
711 2583 906 2616 Andronici
942 2583 1187 2617 laudationem
1212 2585 1364 2616 iniuriae
1393 2585 1629 2630 principium,
1657 2590 1695 2618 et

266 2627 540 2662 beneficentiam
568 2629 644 2661 eius
670 2629 880 2662 facultatum
909 2631 1091 2674 rapinam,
1117 2630 1375 2674 benignitatem
1406 2632 1481 2664 eius
1506 2631 1693 2665 interitum

265 2674 485 2708 iudicabant.
519 2685 638 2720 neque
670 2686 753 2708 vero
777 2676 982 2716 constabat,
1016 2688 1094 2709 cum
1120 2688 1262 2719 regnum
1289 2681 1492 2718 affectaret,
1523 2688 1604 2710 eum
1631 2687 1693 2711 ve-

265 2720 418 2755 neficum
459 2720 535 2757 esse
561 2722 820 2757 atrocissimum
857 2728 893 2757 et
920 2723 1043 2757 letalia
1071 2726 1200 2769 pocula
1224 2727 1396 2760 miscendi
1421 2727 1599 2772 peritum:
1629 2729 1692 2763 sed
