1878 3230
547 187 770 230 Amans
809 188 1078 231 MANUms
1117 186 1356 231 confflem
1395 189 1439 231 r.
1594 174 1703 231 325

275 303 367 330 νων.
425 285 500 330 καὶ
523 290 683 330 τοιοῦτο
709 289 788 340 μὲν
814 287 866 329 τά
891 290 965 341 τῆς
982 289 1060 330 τοῦ
1088 290 1432 343 πρωτοσεβαστοῧ
1458 293 1706 347 παραδυνα-

273 354 411 404 στειάς
439 349 465 407 ἢ
491 356 650 406 μᾶλλον
677 349 795 395 οὔπω
819 355 1015 408 παγείσης
1049 351 1232 408 ἀκριβῶς
1261 357 1507 410 τυραννίδος
1532 360 1606 399 καί
1633 359 1706 413 τῆς

271 421 353 460 τῶν
388 421 534 460 κοινῶν
574 419 826 473 πραγμάτων
868 419 1111 472 διοικήσεως
1147 421 1278 474 πέρας
1320 418 1562 477 εἰλήφεσαν.
1617 419 1743 478 εἶχεΒ

271 486 351 536 μὲν
378 478 451 527 οὖν
477 483 555 533 τὰς
569 489 718 538 χεῖρας
745 485 805 533 εἰς
821 481 1052 539 παράταξιν
1079 483 1224 533 ἱκανάς
1255 485 1328 526 καί
1352 485 1451 536 τους
1481 485 1707 538 δακτύλους

235 549 376 605 ὄπρὸς
404 547 578 602 πόλεμον
622 549 886 603 ἐδεδιῖῖακτο,
924 547 1024 598 ἴσως
1053 551 1088 591 δ’
1131 546 1184 591 ἂν
1208 549 1281 592 καί
1319 554 1476 593 πλείονι
1522 555 1707 606 πολέμου

271 615 516 672 παρασκευῇ
552 615 627 656 καί
671 613 784 671 ὄρμῇ
812 615 984 670 ὀξυτέρα
1015 612 1278 669 χρησάμενος
1306 618 1365 674 τῷ
1392 632 1435 658 τε
1455 613 1707 676 Ἀνδρονίκῳ

269 680 342 735 τὴν
383 681 443 729 εἷς
469 678 544 735 τὴν
581 677 703 721 πόλιν
730 678 915 735 πάροδον
942 680 1181 734 ἀπετείχισε
1209 682 1283 722 καί
1303 679 1456 724 ἑαυτὸν
1482 684 1708 738 α’πείρατον

269 743 494 801 διεφύλαξε
519 745 596 787 τοῦ
626 746 854 800 ἐφεστῶτος
882 747 1026 786 κακοῦ·
1100 750 1236 787 ποιεῖν
1266 743 1345 802 γάρ
1378 748 1450 789 ἐπί
1469 755 1556 798 τοῖς
1583 752 1705 802 βασι·
1717 761 1758 796 v.
1777 763 1838 798 133

268 809 393 861 λείοις
422 806 606 865 ἦδύνατο
632 813 867 865 θησαυροῖς
901 808 1036 853 ὁπόσα
1063 809 1260 865 ἠβούλετο
1277 844 1290 864 ,
1317 814 1391 854 καί
1416 818 1509 862 ταῖς
1541 813 1706 870 τριήρε-

209 887 256 914 10
269 892 336 918 σιν
364 875 460 930 ἐνῆν
479 875 727 932 χρήσασθαι
755 874 861 930 πρὸς
890 874 967 930 τήν
992 877 1068 917 τοῦ
1087 876 1391 929 άνθισταμένου
1421 881 1706 934 καταπολεμη-

266 958 335 985 σιν
363 943 413 985 αἳ
441 941 488 985 τὸ
523 943 569 983 ἐκ
602 942 798 984 Λατίνων
838 938 952 996 εἶχον
983 939 1215 994 ὁπλιτικόν,
1246 939 1353 985 οὕτω
1380 945 1459 996 μὲν
1490 945 1704 1000 ἐπικρατέ-

265 1023 412 1063 στερον
439 1003 487 1049 ὂν
511 1008 587 1050 τοῦ
606 1007 844 1060 Ῥωμαϊκοῦ
870 1008 1108 1049 παντάπασι
1135 1009 1353 1061 ναυτικοῦ,
1383 1006 1495 1050 οὕτω
1524 1011 1570 1052 δὲ
1599 1009 1705 1064 πάγ-

262 1078 419 1128 χαλκον
444 1075 517 1115 καί
542 1068 638 1114 ὅλον
666 1070 912 1126 αἱμοχαρές.
971 1070 1077 1114 ἀλλὰ
1104 1075 1180 1115 τοῦ
1208 1074 1445 1128 μορσίμου,
1471 1074 1528 1124 ὥς
1556 1073 1702 1128 ἔοικεν,

265 1135 610 1194 ἀντικρούσαντος
638 1136 661 1178 ὅ
690 1139 769 1189 μὲν
795 1136 840 1181 τὸ
875 1138 1095 1192 πρόθυμον
1122 1137 1413 1192 ὖπεχάλασεν,
1445 1139 1741 1194 Ἀνδρόνικος-Ο

206 1203 253 1245 15
268 1206 304 1246 δ’
325 1205 531 1253 ἐπιτείνας
553 1201 800 1246 ὑπεσκέλισε
838 1204 1002 1245 τουτονί
1027 1204 1098 1245 καί
1120 1202 1361 1259 ὖπέδραμεν
1391 1201 1704 1260 άντιτρέχοντα,

264 1269 337 1313 καί
376 1268 453 1324 τήν
494 1270 611 1324 νίκην
653 1266 850 1323 λαμπράν
878 1264 1147 1323 άπηνὲγκατο.
1207 1266 1250 1318 ὃς
1291 1268 1366 1311 καὶ
1390 1268 1496 1312 κατά
1526 1269 1603 1326 την
1629 1287 1703 1313 πε-

260 1337 389 1391 ραίαν
415 1333 477 1377 ἔτι
504 1335 752 1390 διατριβων,
781 1333 945 1384 στείλας
967 1331 1155 1389 τριήρεις
1182 1330 1280 1377 ὅσαι
1307 1333 1442 1377 ὄπίσω
1469 1337 1547 1378 τοῦ
1572 1336 1703 1391 μεγά-

263 1405 338 1444 λου
367 1398 518 1450 δουκὸς
556 1399 845 1455 ἠκολούθησαν
889 1396 969 1441 κάκ
995 1401 1076 1443 τῶν
1106 1400 1560 1456 συνακολουθησάντων
1588 1403 1703 1460 αὐτῷ

262 1466 365 1508 κατὰ
393 1464 576 1522 πάροδον
614 1466 919 1521 στρατιωτικῶν
956 1462 1195 1520 καταλόγων
1223 1462 1338 1509 ἅπαν
1364 1465 1595 1521 ἒπίλεκτον,
1625 1467 1701 1510 πό-

200 1545 250 1571 20
262 1536 386 1585 λεμον
428 1536 654 1586 συγκροτεῖ
686 1528 792 1572 κατά
829 1533 911 1572 τῶν
937 1533 999 1583 ,ἐν
1026 1533 1079 1588 τῇ
1116 1533 1234 1574 πόλει
1266 1531 1478 1575 Λατίνων.
1548 1534 1621 1576 καί
1646 1533 1703 1612 δὴ1

259 1614 330 1639 και
358 1612 428 1639 του
474 1594 609 1651 δήμου
651 1596 723 1651 τῆς
752 1595 909 1645 πόλεως
947 1595 1320 1652 α’ναθαρρήσαντος
1347 1601 1435 1641 κατ’
1465 1595 1602 1641 αυτῶν
1629 1598 1703 1640 και1

260 1662 464 1717 α’λληλους
490 1663 534 1709 ἐς
565 1658 855 1712 συνασπισμόν
882 1660 1202 1716 παραθηξαντος
1240 1660 1464 1712 θαλάττιος
1492 1678 1598 1717 ομου
1626 1662 1701 1705 καί

259 1730 435 1782 ἐπίγειος
475 1724 563 1783 ε’ρις
591 1723 758 1781 Qvi-etat
826 1725 898 1767 κατ’
936 1726 1042 1781 πρὸς
1071 1742 1204 1782 αμφω
1230 1725 1280 1768 τά
1312 1726 1454 1782 πλήθη
1482 1730 1695 1771 κυκλωσά-

353 1850 386 1883 3.
412 1847 490 1893 ειχε
512 1846 544 1881 δ’
569 1845 648 1902 ἄν,
668 1847 703 1881 εἴ
737 1846 802 1884 τὰς
827 1852 957 1892 χεῖρας
984 1847 1163 1894 η’κρίβωτο
1191 1848 1245 1886 εἰς
1260 1848 1481 1905 παράταξιν
1519 1844 1696 1890 καὶτοὺς

350 1895 556 1931 δακτύλους
577 1889 677 1940 πρὸς
700 1894 871 1940 πόλεμον
897 1894 1067 1929 &amano
1093 1897 1156 1928 καὶ
1173 1893 1233 1951 μὴ
1253 1890 1298 1938 ἦν
1324 1894 1527 1953 μαλθακὸς
1559 1899 1698 1944 αἰχμη-

350 1940 417 1986 τῆς
442 1943 505 1974 καὶ
517 1942 704 1978 Βάτταλος
728 1942 791 1974 καὶ
823 1939 920 1985 πρὸς
944 1944 1037 1983 ηθος
1061 1941 1298 1998 τυπούμενος
1325 1940 1486 1987 ἥμερον,
1512 1946 1564 1977 τῶ
1588 1954 1627 1978 τε
1650 1965 1696 1971 --

348 1982 581 2024 οἶηοκλείσας
596 1989 660 2020 καὶ
686 1984 822 2021 ἑαυτὸν
848 1987 1056 2034 α’πείρατον
1074 1987 1310 2034 διαφυλάξας
1323 1990 1392 2023 τοῦ
1412 1988 1495 2023 τότε
1511 1993 1633 2025 κακοῦ
1655 1992 1695 2024 A.

356 2046 406 2081 ¹9
431 2046 523 2068 κατα
548 2033 721 2081 πάροδον
743 2044 802 2066 om
829 2034 869 2066 Α.

260 2151 305 2183 de
331 2148 510 2183 sententia
535 2148 694 2181 omnium
717 2159 921 2192 procerum,
947 2148 1044 2180 iussu
1069 2147 1265 2180 Andronici
1292 2153 1510 2181 excaecatur.
1534 2148 1593 2182 hic
1619 2151 1696 2184 exi-

258 2203 317 2230 tus
341 2197 412 2229 fuit
433 2195 619 2240 potentiae
656 2206 696 2227 ac
722 2195 842 2238 potius
870 2194 1030 2226 nondum
1065 2193 1226 2227 firmatae
1250 2194 1451 2237 tyrannidis
1476 2201 1512 2228 et
1540 2195 1694 2231 admini-

258 2242 443 2277 strationis
473 2240 734 2286 protosebasti3
767 2242 831 2286 qui
854 2241 908 2281 si,
942 2245 984 2273 ut
1008 2245 1085 2274 erat
1111 2240 1217 2273 homo
1242 2241 1295 2273 rei
1319 2241 1473 2274 bellicae
1497 2243 1634 2286 peritus
1658 2250 1695 2278 et

257 2301 332 2323 non
357 2289 515 2332 ignavus,
543 2288 595 2322 ita
617 2287 768 2320 maiores
793 2288 913 2332 copias
935 2293 1175 2331 comparasset
1200 2292 1237 2320 et
1249 2287 1385 2320 maiore
1407 2287 1595 2332 vigilantia
1619 2301 1694 2323 rem

258 2336 447 2380 gessisset,
480 2340 555 2367 tam
578 2334 821 2367 Andronicum
855 2333 954 2366 urbis
981 2333 1140 2377 ingressu
1176 2334 1371 2378 prohibere
1394 2345 1501 2379 quam
1525 2336 1604 2381 ipse
1627 2338 1694 2370 illa

255 2383 352 2415 mala
380 2383 514 2415 evitare
538 2382 726 2426 potuisset.
750 2393 832 2414 nam
859 2380 904 2414 de
939 2380 1178 2424 imperatoriis
1203 2380 1380 2414 thesauris
1406 2393 1546 2415 sumere
1567 2383 1690 2417 licuis-

257 2434 313 2462 set
346 2433 520 2473 quantum
551 2427 740 2468 libuisset3
777 2433 814 2461 et
846 2426 1051 2460 triremibus
1088 2426 1134 2459 ad
1167 2426 1424 2460 debellandum
1449 2428 1691 2463 adversarium

256 2475 313 2508 uti
342 2475 545 2518 potuisset,
579 2474 617 2506 in
651 2473 782 2519 quibus
818 2474 938 2506 Latini
973 2473 1108 2506 milites
1133 2479 1256 2515 erant,
1291 2479 1370 2507 tota
1395 2475 1552 2508 Romana
1577 2476 1689 2509 classe

255 2521 433 2565 potiores,
461 2521 530 2554 toti
557 2520 666 2553 ferrei
703 2526 740 2553 et
763 2521 911 2553 cruenti.
946 2520 1126 2552 enimvero
1155 2531 1255 2561 eum,
1279 2520 1354 2554 fato
1379 2520 1607 2561 adversante,
1632 2533 1692 2555 se-

255 2567 416 2611 gniorem
438 2567 661 2600 Andronicus
694 2567 808 2600 factus
831 2566 982 2599 alacrior
1018 2567 1168 2608 evertit,
1193 2567 1326 2602 illustri
1353 2568 1504 2601 victoria
1527 2568 1687 2612 potitus;

257 2613 322 2658 qui
345 2612 428 2645 (lum
457 2613 552 2647 ultra
578 2613 709 2646 fretum
736 2613 854 2646 adhuc
875 2618 1094 2655 versaretur,
1122 2614 1238 2647 missis
1262 2614 1468 2647 triremibus
1497 2625 1589 2658 quae
1611 2625 1687 2646 ma-

256 2670 366 2703 gnum
401 2659 528 2693 ducem
567 2660 832 2704 sequebantur,
865 2665 902 2693 et
927 2659 1077 2693 delectis
1107 2671 1151 2693 ex
1175 2671 1238 2693 suo
1267 2661 1425 2693 exercitu
1453 2659 1686 2701 cohortibus,

256 2705 396 2739 bellum
424 2705 561 2739 Latinis
595 2707 634 2739 in
665 2706 754 2739 urbe
781 2706 1006 2745 versantibus
1033 2706 1151 2740 infert.
1177 2718 1256 2740 cum
1283 2712 1403 2739 autem
1431 2706 1568 2738 urbana
1594 2716 1685 2750 quo-

257 2763 328 2798 que
361 2750 554 2786 multitudo
594 2751 729 2786 animos
754 2758 876 2786 contra
901 2764 960 2786 eos
998 2753 1206 2798 sumpsisset
1236 2758 1271 2786 et
1294 2754 1446 2787 invicem
1471 2752 1517 2784 ad
1543 2757 1685 2787 strenue
