1878 3230
775 626 816 674 B
844 627 893 676 A
920 625 975 675 Σ
998 628 1026 674 Ι
1041 625 1090 674 Λ
1115 626 1159 674 Ε
1186 627 1216 675 I
1234 627 1285 675 A

410 762 928 819 ANAPONIKOY
976 762 1121 818 ΤΟΥ
1163 763 1631 820 ΚΟΜΝΗΝΟΤ
1688 766 1697 772 ’

712 902 804 943 ΕΝ
840 900 1119 944 ΤΟΜΟΙΣ
1142 902 1318 945 Arm.

177 1189 287 1235 9173
411 1188 446 1214 1.
493 1154 596 1213 Kal
635 1168 743 1214 οὕτω
780 1172 860 1225 μὲν
897 1169 940 1223 ἐξ
976 1167 1210 1226 ἀνθρώπων
1246 1170 1268 1212 ὅ
1307 1171 1502 1224 βασιλεύς
1539 1171 1725 1223 Ἀλέξισς

174 1239 524 1298 ν,.45ἑγεγένητο,
567 1235 696 1292 ζήσας
721 1235 794 1279 τὸν
821 1238 899 1290 μὲν
933 1234 1095 1278 ἅπαντα
1120 1233 1268 1290 χρόνον
1299 1234 1369 1291 ἔτη
1400 1236 1456 1290 μὴ
1487 1236 1727 1292 ἄκραιφνῶς

295 1305 617 1356 πεντεκαίδεκα,
657 1304 751 1357 τρία
789 1301 835 1343 δὲ
861 1303 908 1342 ἐκ
941 1297 1099 1343 τούτων
1127 1296 1276 1355 ἄρξας,
1306 1301 1355 1342 οὗ
1380 1302 1471 1342 καθ’
1498 1298 1649 1343 ἑαυτὸν
1679 1302 1726 1343 δὲ

293 1369 366 1409 καί
396 1368 569 1423 ἆμιγῶς,
597 1366 700 1409 ἀλλὰ
736 1366 785 1408 τὰ
814 1367 891 1419 μὲν
918 1366 1063 1421 πρῶτα
1091 1363 1171 1406 ὑπὸ
1199 1364 1328 1420 μητρὶ
1354 1363 1429 1420 τὴν
1456 1364 1592 1420 α’ρχὴν
1617 1366 1724 1414 διεξ-

294 1430 451 1490 αγούσῃ
497 1431 904 1485 παιδόκομούμενος,
954 1429 1094 1472 ἔπειτα
1133 1427 1216 1471 ὑπὸ
1264 1432 1380 1471 δυοῖν
1407 1428 1617 1485 τυράννων
1642 1430 1759 1472 τῶνό

295 1498 546 1552 πραγμάτων
582 1500 654 1552 τῆς
686 1493 904 1550 βασιλείας
947 1496 1255 1550 ἔπειλημμὲνων
1297 1491 1376 1536 ὅσα
1402 1496 1474 1536 καί
1499 1491 1615 1549 ἥλιος
1639 1492 1722 1536 ὑπὸ

294 1563 448 1618 νέφους
475 1561 817 1615 συσκιαζόμενος,
847 1559 953 1603 ὥστε
993 1562 1065 1602 καί
1092 1561 1394 1617 βασιλευομένῳ
1423 1556 1540 1615 ἐῴκει
1567 1560 1726 1612 μᾶλλον

161 1632 202 1666 V.
223 1624 326 1683 14δῆ
350 1627 633 1682 βασιλεύοντι,
662 1629 797 1670 ἐκεῖνα
826 1626 1059 1669 ἐπιτάσσων
1087 1625 1159 1666 καί
1178 1626 1289 1678 δρῶν
1316 1621 1395 1666 ὅσα
1421 1625 1655 1680 εἰσηγοῦντο
1685 1624 1725 1666 οἱ

255 1693 540 1746 Βὲπιστάται,
588 1694 716 1748 μέχρι
755 1693 830 1733 τοῦ·
871 1692 924 1732 δι’
966 1689 1144 1745 α’γχόνης
1185 1689 1233 1731 τὸ
1262 1690 1393 1745 πέρας
1421 1690 1623 1740 δέξασθαι
1649 1690 1723 1745 τῆς

386 1802 419 1842 3.
438 1803 506 1841 ΕΝ
529 1803 724 1838 ΤΟΜΟΙΣ
746 1803 859 1838 ΔΥΣΙ
880 1812 941 1835 om·
961 1801 1000 1835 A.

779 1975 1226 2032 IMPERII

370 2098 1639 2166 ANDRONICICOMNENI

689 2232 946 2272 LIBER
988 2230 1334 2271 PRIMUS.

417 2513 443 2534 1.
490 2475 573 2532 Ad
595 2499 690 2532 hunc
714 2499 857 2532 modum
880 2499 1024 2532 Alexius
1062 2501 1252 2543 imperator
1277 2498 1381 2530 rebus
1407 2497 1570 2531 humanis
1598 2507 1716 2533 exem-

297 2554 378 2594 ptus
404 2552 476 2587 est,
504 2557 596 2579 anno
622 2547 749 2578 aetatis
774 2545 933 2578 nondum
964 2546 1025 2578 XV
1041 2571 1050 2585 ‚
1074 2545 1214 2589 imperii
1243 2546 1350 2576 tertio
1377 2551 1509 2577 exacto.
1539 2545 1636 2590 quod
1660 2552 1716 2580 ta-

296 2605 379 2628 men
407 2604 470 2627 suo
507 2592 681 2626 arbitratu
714 2603 786 2624 non
822 2593 952 2635 gessit,
977 2603 997 2624 a
1020 2597 1132 2624 matre
1150 2591 1326 2635 principio
1342 2616 1350 2631 ‚
1376 2591 1507 2624 deinde
1530 2602 1550 2623 a
1575 2591 1715 2625 duobus

296 2640 454 2684 tyrannis
479 2649 516 2672 re
541 2638 685 2683 publica
710 2637 978 2679 administrata3
1004 2648 1068 2681 per
1094 2648 1183 2682 quos
1212 2642 1252 2669 ut
1275 2648 1294 2668 a
1318 2637 1414 2669 nube
1440 2637 1493 2671 sol
1518 2637 1715 2671 absconde-

292 2683 415 2728 batur,
443 2685 604 2718 ministro
629 2695 733 2729 quam
760 2684 965 2728 imperatori
990 2683 1163 2723 similior,
1189 2694 1266 2715 cum
1293 2694 1333 2715 ea
1357 2683 1490 2716 faceret
1506 2689 1542 2717 et.
1569 2684 1712 2717 iuberet

299 2744 390 2779 quae
417 2736 663 2778 praeceptores
690 2729 885 2771 iubebant,
922 2730 1034 2764 donec
1058 2730 1187 2775 laqueo
1215 2730 1438 2775 praefocatus
1463 2735 1525 2764 est.
1551 2730 1620 2764 isto
1645 2730 1713 2765 mi·
