1878 3230
498 189 555 228 m
594 186 830 228 mcETAM
868 184 1203 228 CHONlATAM.
1464 168 1575 241 889

261 289 314 330 Ρ.
341 287 436 342 762,
474 301 531 326 to.
563 301 660 350 pro
685 283 927 338 μιαρώτατοι
956 288 1023 339 (Β)
1061 286 1271 340 legendum
1301 284 1459 325 videtur
1487 285 1580 337 ‹zyt-

153 340 309 384 ώτατοι.
333 357 405 411 per
432 356 682 392 μιαρωματα
711 341 797 391 ζῶα
832 342 1017 396 intelligit
1047 342 1197 391 mulos,
1240 342 1395 387 asinos,
1441 355 1576 395 equos,

152 413 225 452 per
251 395 301 438 τὰ
337 394 548 459 ἁγιώτατα
577 411 735 436 sacrum
765 405 966 436 ornatum
994 411 1222 459 quanquam
1238 397 1477 460 Byzantinus
1505 411 1579 435 co-

153 455 226 492 dex
255 453 377 492 habet
403 448 475 490 τὸν
502 450 818 502 παναγέστατον,
845 454 1136 491 sanctissimum
1180 452 1265 490 sive
1303 453 1579 503 purissimum,

155 508 233 547 hoc
258 515 314 547 est
348 507 564 555 Christum,
608 507 712 545 sicut
743 513 782 544 et
810 506 928 568 paulo
958 513 1052 545 ante
1078 521 1154 559 pro
1180 504 1442 557 μαυγαρίτην
1469 506 1580 557 Χριο

151 562 258 603 στοῦ
287 561 427 602 herilis
455 561 574 599 codex
602 560 696 627 legit
725 558 910 612 Χοιστὸν
938 576 1012 614 per
1040 561 1345 623 appositionem.

118 662 120 665 ¹
262 617 313 659 P.
344 615 439 670 768,
477 629 535 668 ¹7·
590 629 659 654 και
701 618 786 661 τοῖς
827 615 992 667 θηρίοις
1030 616 1108 654 τοῦ
1156 610 1346 664 καλάμου
1388 613 1633 669 ἒπιτιμᾷ]Ῡ
1649 612 1718 649 358

151 673 271 711 etiam
296 672 442 711 bestias
473 669 612 709 calami
642 671 834 722 increpat.
872 678 1036 722 possunt
1065 670 1231 736 intelligi
1258 683 1413 708 vetmes
1441 684 1464 708 a
1490 670 1581 722 qui..

151 727 225 766 bus
253 726 491 766 ereduntur.
522 724 591 763 sed
618 724 777 764 videtur
807 725 1049 780 subintelligi
1078 721 1123 766 τὸ
1153 722 1296 772 ἕνεκα,
1346 738 1464 777 quem
1491 739 1582 763 sen-

151 796 238 821 sum
266 784 308 820 in
340 778 615 820 conventendo
642 793 730 819 sum
765 787 937 819 secutus.

261 836 310 876 Ρ.
345 834 454 899 782,
490 835 548 874 15.
603 832 643 872 εἰ
676 832 735 886 μή
775 846 822 886 γε
863 837 951 881 τοῖς
985 833 1201 898 πολεμίοις
1238 831 1466 873 &noman
1508 830 1631 873 τόνΡ.
1653 835 1720 881 448

151 882 337 942 ὅὶεθρον.
369 887 427 940 μή
445 902 490 941 γε
514 890 659 928 rectius
683 888 762 942 legi
788 904 909 942 quam
936 884 1053 941 μήτε,
1089 895 1267 929 vetustus
1295 888 1419 927 codex
1449 889 1585 928 decla-

152 952 232 993 rat,
269 944 384 984 cuius
410 943 509 983 haec
538 943 661 982 verba
693 949 815 983 sunt:
845 957 883 983 ει
910 943 968 994 μή
1000 940 1072 982 διὰ
1097 939 1142 983 τὸ
1173 942 1241 982 ι’να
1272 940 1583 982 ἆνταποδωσετε
1620 974 1625 977 .

151 1002 258 1065 τοῖς,1
262 997 476 1048 πολεμίοις
501 994 570 1036 τὸν
606 990 780 1049 ὄλεθρον
814 999 886 1037 καί
921 996 994 1050 τήν
1033 996 1323 1048 αιχμαλωσίαν
1363 997 1407 1036 ἐν
1449 993 1584 1052 ἡμέρα

152 1052 292 1105 ὀργῆς.
320 1053 429 1092 unde
455 1059 619 1105 apparet
648 1054 765 1092 etiam
764 1067 859 1120 ‘pro
889 1052 1136 1119 α’ποτενεῖτε,
1168 1053 1276 1119 quod
1305 1052 1356 1091 ab
1384 1052 1584 1090 α’ποτείνω

151 1108 365 1155 formatur,
396 1107 608 1161 legendum
635 1121 717 1147 esse
746 1107 986 1156 α’ποτινεῖτε,
1023 1107 1075 1146 ab
1107 1104 1303 1155 ἀποτίνου,
1336 1107 1447 1160 quod
1477 1107 1587 1146 idem

156 1162 264 1203 valet
286 1163 394 1216 quod
419 1160 758 1204 ἀνταποδιδόναι.

259 1218 311 1260 Ρ.
340 1216 432 1270 784,
465 1230 527 1255 21.
585 1212 837 1268 σηὶμυβριαν]
876 1216 1154 1267 σηλυμβριᾞαν
1196 1216 1316 1256 etiam
1356 1216 1463 1270 apud
1502 1216 1587 1255 De·

151 1272 399 1312 mosthenem
427 1278 608 1310 nostrum
638 1271 733 1310 haec
761 1284 840 1310 vox
871 1270 968 1309 alias
997 1285 1118 1320 cum,
1159 1271 1257 1309 alias
1297 1271 1383 1310 sine
1423 1285 1457 1320 μ
1486 1271 1587 1309 scri-

150 1327 292 1375 bitur,
323 1333 372 1366 ut
397 1333 437 1365 et
462 1323 652 1377 ἆρύμβας
669 1332 711 1365 et
734 1322 939 1376 ἅρύββας.
966 1325 1086 1378 quod:v
1104 1325 1284 1364 accidere
1308 1325 1473 1365 videtur
1489 1339 1588 1379 pro-

152 1389 259 1435 pter
272 1357 499 1422 litterarum
527 1380 555 1430 β
585 1387 625 1420 et
648 1395 680 1430 μ
707 1386 826 1419 notas
868 1379 1019 1419 alicubi
1050 1394 1131 1419 non
1166 1378 1396 1420 dissimiles.

261 1437 312 1480 P
342 1435 553 1487 786,12.
624 1432 932 1487 α’πηνηκιότους]
970 1432 1327 1487 ἆπηνηνηκώτους.
1367 1442 1586 1489 utrumque

151 1505 359 1545 perperam
388 1503 471 1529 esse
496 1489 687 1553 aubin-or,
716 1497 902 1528 neutrum
929 1495 1041 1528 certe
1069 1489 1263 1542 intelligo.

300 1558 436 1600 .79ο,
466 1557 506 1598 9.
564 1542 607 1590 ἐς
647 1538 743 1582 ὅσον
782 1542 999 1596 βρετανιά]
1032 1543 1244 1597 legendum
1282 1557 1367 1584 esse
1395 1544 1585 1594 Βενετία,

151 1547 312 1653 ριέιεῐΡειῖ
355 1600 528 1638 duorum
565 1597 743 1638 codicum
787 1612 1048 1648 consensum,
1100 1599 1221 1638 etiam
1267 1598 1352 1651 ipse
1393 1601 1588 1639 orationis

153 1662 364 1695 contextus
395 1653 590 1695 declarat.

262 1711 312 1751 P.
338 1723 431 1764 790,
456 1708 522 1748 26.
585 1707 747 1747 fortasse
773 1707 984 1761 legendum
1002 1705 1082 1746 τῶν
1109 1705 1168 1754 εἷς
1184 1703 1285 1746 θεὸν
1310 1704 1585 1762 ὖμνητηρίωκ

153 1767 194 1805 in
225 1762 500 1859 cotpivertendo
523 1770 723 1801 vetustum
753 1763 931 1802 codicem
962 1762 1089 1802 secuti
1116 1776 1269 1801 sumus.

261 1821 420 1874 P.‚791
435 1817 476 1869 4.
485 1813 530 1857 τὸ
547 1812 650 1869 νπὲρ
669 1811 897 1870 ευκλείδην]
913 1818 1058 1856 caeteri
1075 1817 1228 1856 codices
1241 1831 1320 1856 non
1335 1816 1497 1860 habent.
1511 1832 1590 1858 nec

153 1875 250 1914 mihi
281 1881 378 1913 nota
426 1880 483 1912 est
511 1871 675 1910 historia
706 1872 755 1912 de
783 1873 963 1912 Euclidis
985 1872 1154 1911 alicuius
1180 1871 1401 1912 insolentia.
1430 1866 1589 1912 εὐκλεί-

157 1930 232 1969 &ov
262 1923 460 1980 ἄρχοντος
477 1927 523 1966 fit
552 1927 703 1967 mentio
731 1927 840 1981 apud
866 1927 1207 1978 Demosthenem,
1238 1927 1290 1966 de
1303 1926 1478 1993 legibus
1493 1935 1635 1969 anteP.
1653 1935 1722 1979 449

155 1984 221 2024 vel
248 1991 338 2037 post
363 1982 574 2022 Euclidem
612 1983 748 2022 irritis.
787 1982 963 2022 fortassis
994 1982 1069 2021 hoc
1097 1982 1187 2020 vult
1213 1977 1258 2020 τὸ
1289 1979 1394 2031 ὑπὲρ
1427 1979 1589 2021 εὐκλεί-

157 2038 256 2091 δην,
299 2044 580 2090 praemature,
627 2036 924 2090 intempestive,
965 2037 1184 2076 insolenter
1225 2038 1454 2075 encomium
1494 2050 1589 2076 eum

157 2107 302 2132 canere
342 2099 435 2132 ante
462 2091 693 2145 victoriam,
721 2099 767 2131 ut
793 2091 846 2130 ad
874 2089 1134 2145 προθεσμίαν
1161 2091 1243 2131 τῶν
1270 2088 1425 2144 κυρίων
1449 2087 1588 2142 νόμων

159 2147 329 2187 alludat.

270 2202 321 2244 P.
349 2201 444 2256 96,
481 2214 516 2240 1.
581 2199 675 2253 περὶ
703 2200 814 2264 μῆνα
855 2196 930 2239 τὸν
956 2197 1166 2254 φιλοχόον]
1196 2201 1252 2240 sic
1282 2200 1400 2240 ambo
1432 2198 1588 2239 codices

157 2255 327 2296 habent.
356 2256 427 2296 sed
457 2261 633 2295 vetustus
656 2251 896 2319 Ὀκτοόβριον
910 2257 1042 2320 ponit,
1067 2270 1185 2308 quem
1214 2264 1370 2296 secutus
1388 2269 1492 2302 sum,
1514 2256 1589 2294 etsi

159 2325 281 2364 supra
308 2311 415 2351 idem
442 2307 514 2350 τὸν
543 2305 773 2363 φυλλοχόον
801 2310 876 2361 (sic
906 2313 1014 2350 enim
1042 2311 1304 2351 scribendum
1329 2317 1414 2350 est:
1444 2324 1538 2348 nam
1565 2323 1590 2347 a

161 2366 378 2406 fundendis
406 2380 476 2406 seu
503 2364 768 2405 dessuemtibus
800 2365 994 2404 arborum
1022 2364 1129 2405 foliis
1155 2380 1300 2406 nomen
1329 2365 1468 2415 habet)
1501 2363 1590 2402 No-

162 2419 336 2472 εμβριον
353 2422 644 2474 interpretatur
676 2427 812 2459 utrum
843 2421 995 2459 rectius
1011 2421 1074 2469 sit,
1108 2435 1189 2459 non
1218 2421 1462 2474 pronuntio.
1495 2430 1589 2456 nam

163 2473 234 2513 alii
262 2478 551 2523 maturiorem,
584 2474 643 2513 ali
673 2475 861 2514 seriorem
886 2475 1058 2514 hiemem
1089 2475 1252 2515 habent.

276 2528 327 2568 P.
342 2544 455 2592 797,
487 2531 524 2569 3.
594 2528 824 2583 προυσαῖοι]
873 2533 1098 2581 προυσαεῖς
1135 2538 1175 2569 et
1201 2526 1450 2581 προυσηνοί,
1477 2521 1516 2564 οἱ
1544 2524 1643 2573 ἒνν
1657 2542 1724 2588 359

163 2581 211 2635 τῇ
243 2578 419 2637 προύση.
463 2583 550 2623 aliis
578 2590 689 2637 atqie
731 2583 818 2624 aliis
849 2585 891 2622 in
920 2584 1018 2624 locis
1044 2583 1121 2623 hae
1148 2583 1406 2623 formationes
1434 2581 1590 2619 inveni-

167 2643 314 2677 untur.

279 2692 331 2731 P.
361 2690 456 2745 798,
488 2704 552 2730 20.
611 2706 668 2730 rw
695 2689 765 2731 ἐπὶ
788 2691 859 2743 τῆς
889 2694 1072 2745 σημαίας
1097 2687 1324 2744 ανελόντες]
1342 2691 1588 2743 Byzantinus

166 2745 292 2787 codex
323 2746 427 2786 solus
455 2745 560 2786 hane
585 2745 790 2787 lecfionem
825 2747 972 2795 habet,
1006 2750 1046 2787 in
1076 2761 1157 2800 qua
1185 2745 1293 2785 haud
1322 2746 1402 2786 scio
1431 2759 1482 2784 an
1514 2745 1588 2784 ali-
