1878 3230
418 185 641 227 ALExms
689 183 955 226 MANUEms
995 183 1234 227 commzm
1274 186 1319 225 r.
1478 165 1591 240 339

160 302 232 331 του
260 285 428 342 βουλῆς.
460 286 533 326 καί
560 280 713 333 αύτούς
741 285 788 326 δὲ
829 283 852 324 ὃ
879 285 952 326 τοῦ
983 283 1245 340 πατριάρχου
1273 286 1393 341 ζῆλος
1419 286 1591 328 ἐπισυν-

161 356 255 408 ίστη
287 367 331 394 τε
369 350 442 392 καί
483 348 725 404 ἐπήλειφεν,
756 350 832 390 ουἰε
849 351 930 391 ἑῶν
955 347 1212 404 ἐτεροζυγεῖν
1232 353 1306 392 καί
1333 348 1494 392 οἴκοθεν
1518 346 1594 392 ἔλ-

161 422 244 466 λως
270 417 536 464 σπεύδοντας.
589 411 683 456 οὔτε
707 413 786 468 γὰρ
815 414 841 469 ἧ
865 411 1140 471 Ἀνδρονίκου
1165 418 1311 458 τοῦτον
1327 417 1493 467 ἐξέλυσε
1518 432 1596 469 με-

162 482 379 538 γαλειότης
407 477 503 522 οὗθ’
530 481 556 533 ἦ
583 482 668 521 τῶν
697 476 831 521 αὐτοῦ
864 478 994 534 λόγων
1024 482 1268 536 ἐστυφέλιξε
1295 479 1474 535 δύναμις
1502 478 1598 523 οὔθ’

126 547 209 592 5αἱ
237 547 411 589 α’πειλαί
437 543 704 599 διετάραξαν,
744 544 833 585 ἀλλ’
870 541 925 599 ἤν
952 546 1162 595 οἶτίνακτος
1189 546 1244 595 ὥς
1269 547 1419 596 ἐκεῖνος
1447 547 1470 589 ὅ
1497 545 1597 602 πρό-

162 617 283 667 βολος
310 613 408 667 περὶ
432 609 479 652 ὃν
511 611 581 651 αἐἰ
597 611 711 661 κῦμα
739 605 870 663 ὄρθὸν
904 612 1073 652 ἵσταται
1100 612 1174 652 καί
1197 609 1309 666 ἅλμη
1336 611 1599 669 περιμορμύ-

163 688 323 733 ρουσα·
381 673 404 716 ὅ
455 677 502 717 δὲ
543 677 603 722 εἰς
639 673 779 730 οἷφρὸν
830 676 1014 717 διαλύων
1054 677 1128 717 καί
1166 677 1308 731 μακροὶ
1349 678 1487 720 κλάειν
1521 680 1602 720 ἐῶν

162 743 236 797 τήν
284 743 494 797 ἠχήεσσαν
533 737 753 782 θάλασσαν
795 740 866 782 ἐπὶ
889 743 961 795 τῆς
1004 742 1133 795 αὕτῆς
1158 741 1396 796 ἐστήρικται
1422 741 1598 796 βάσεως.

165 807 310 861 ἀμέλει
338 822 403 847 τοι
423 804 497 847 καί
520 804 624 847 ἰδών
656 803 712 854 ὥς
732 807 855 848 οὐδὲν
881 807 1143 861 αἰφελεῖοἷλλ’
1170 806 1474 857 ἆνακαλύπτως
1491 808 1605 850 ἔπει-

109 890 154 914 10
166 890 210 914 σι
237 871 290 914 τὰ
338 870 456 914 δεινὰ
500 871 574 913 καὶ
599 873 693 927 νικᾷ
728 870 782 912 τὰ
827 871 1024 926 χείρονα,
1070 873 1151 914 τῶν
1177 871 1302 928 ἱερῶν
1328 874 1606 915 ἀπανίσταται

166 939 349 993 α’ρχείων
378 939 450 978 καί
476 936 581 993 πρὸς
608 935 684 991 τήν
715 938 841 991 νῆσον
867 936 1107 993 α’φικνεῖται
1143 942 1404 994 Τερέβινθον,
1432 942 1528 981 καθ’
1555 937 1608 994 ἢν

166 1003 284 1062 αὐτῷ
309 1003 385 1059 τήν
411 1003 652 1058 καταγωγήν
679 1002 752 1044 καί
774 1002 850 1058 τήν
869 1004 946 1045 τοῦ
967 1003 1142 1059 σκήνους
1164 1004 1399 1059 ηύτρεπίκει
1427 1003 1610 1047 κατάθε-

166 1085 249 1113 σιν.
277 1069 300 1111 ὅ
331 1072 377 1112 δὲ
412 1070 678 1125 Ἀνδρόνικος
705 1066 781 1121 τήν
804 1071 883 1110 τοῦ
910 1070 1138 1110 Θεοδοσίου
1167 1070 1438 1124 ὑποχώρησιν
1466 1072 1608 1121 δεξίω-
1622 1082 1655 1115 Ρ.
1675 1081 1737 1124 ι69

166 1153 228 1189 μα
257 1135 388 1191 τύχης
415 1134 629 1177 κάλλιστον
655 1132 912 1188 ἡγησάμενος
938 1134 995 1182 ὦς
1022 1133 1138 1190 παρὰ
1168 1133 1290 1186 δόξαν
1317 1132 1408 1187 ἅμα
1438 1137 1512 1176 καί
1536 1152 1613 1177 κα-

109 1206 156 1247 15
172 1200 223 1243 τὰ
256 1203 423 1256 γνώμην
448 1200 592 1256 ἐκείνῳ
617 1200 911 1253 γεγενημένην,
953 1199 1002 1240 τό
1028 1214 1071 1241 τε
1096 1199 1370 1254 συνάλλαγμα
1395 1201 1613 1256 ἒξεπέρανε

167 1269 252 1309 τῶν
278 1266 446 1321 γάμων,
476 1263 699 1319 εύλογητὴν
721 1267 947 1315 ιίναδείξας
962 1264 1035 1307 τὸν
1061 1266 1340 1320 ἆρχιποίμενα
1367 1267 1450 1308 τῶν
1474 1269 1614 1308 Βουλ-

165 1331 304 1387 γοὶρων
331 1330 520 1386 παρόντα
548 1332 774 1384 τηνικαῦτα
800 1333 854 1387 τῇ
880 1329 1019 1383 πόλει,
1048 1333 1122 1373 καί
1148 1330 1248 1387 περὶ
1272 1333 1350 1372 τοῦ
1365 1329 1438 1373 τὸν
1465 1347 1614 1386 πατρι-

167 1395 342 1453 αρχικὸν
370 1394 526 1452 θρόνον
562 1397 862 1449 διαδεξομένου
889 1396 964 1438 καί
989 1397 1102 1454 αύτῷ
1132 1397 1418 1452 πληρώσοντος
1445 1395 1498 1439 τοὶ
1527 1399 1615 1439 κατ’

166 1461 312 1519 ἔφεσιν
342 1464 649 1504 διασκέπτεται.
692 1463 765 1503 κατ’
800 1464 1049 1516 ἐπικρίνεται
1078 1462 1337 1521 Ἀνδρονίκῳ
1365 1464 1423 1512 εἰς
1450 1461 1525 1518 τήν
1553 1463 1614 1504 οἶ-

105 1546 155 1572 20
168 1526 416 1582 κουμενικήν
456 1525 684 1581 προεδρίαν
727 1526 750 1566 ὅ
781 1525 1044 1582 Καματηρὸς
1071 1526 1318 1581 Βασίλειος,
1347 1525 1377 1583 ἢ
1401 1527 1449 1570 τὸ
1479 1528 1612 1581 ἔμπα-

169 1599 254 1645 λιν,
283 1590 341 1641 ὥς
381 1594 567 1646 ἐλέγετο,
607 1587 741 1641 αὐτὸς
782 1592 1050 1647 Ἀνδρόνικον
1087 1593 1367 1648 ἐφειλκύσατο
1407 1592 1509 1648 πρὸς
1536 1592 1613 1647 τήν

169 1657 364 1712 τοιαύτην
391 1656 584 1711 ἐπιλογήν
610 1650 671 1705 οἷς
699 1657 940 1709 μονώτατος
966 1659 1011 1708 ἐξ
1038 1655 1235 1700 ἁπάντων
1257 1658 1516 1716 Ἀνδρονίκῳ
1546 1659 1612 1711 ἔγ-

168 1721 346 1779 γροὶφως
382 1723 580 1764 συνέθετο
609 1724 745 1764 ἐκεῖνα
770 1724 815 1763 ἐν
850 1725 908 1779 τῷ
936 1723 1251 1776 α’ρχιερατεύειν
1278 1722 1649 1777 διαπράττεσθαιΒ

173 1786 254 1831 ὅσα
297 1787 455 1844 φιλητά
497 1789 777 1845 Ἀνδρονίκῳ,
818 1784 896 1829 κᾶν
932 1787 1078 1842 εἴησαν
1117 1789 1404 1841 παναθέμιτα,
1441 1788 1611 1831 κάκεῖνα

109 1860 158 1901 25
171 1855 296 1896 πάλιν
324 1853 573 1907 οἷποστυγεῖν
604 1850 739 1894 ὁπόσα
766 1849 846 1906 οὔχ
885 1851 1030 1908 ἡδύνει
1052 1850 1339 1907 Ἀνδρόνικον.

270 1944 296 1965 ι.
322 1933 383 1965 καὶ
407 1930 487 1964 αὐτ.
512 1930 543 1963 δ’.
573 1930 607 1977 ὁ]
636 1930 734 1972 πλὴν
760 1932 823 1964 καὶ
844 1930 1001 1967 τούτους
1026 1930 1048 1963 ό
1071 1931 1110 1963 Α.
1171 1943 1204 1976 9.
1229 1929 1543 1976 α’περικαλῠπτως
1570 1933 1608 1964 Α,

172 2001 367 2035 cherrimae
402 2000 605 2032 sententiae
631 2004 795 2031 auctores
823 2004 925 2031 erant
950 1998 1054 2043 pauci
1091 2010 1135 2031 ex
1166 1998 1293 2031 ordine
1325 1999 1535 2043 pontificum
1575 2006 1612 2033 et

172 2047 417 2086 sacerdotum,
443 2051 479 2078 et
503 2056 547 2078 ex
575 2045 739 2090 patribus
764 2046 974 2090 conscriptis
1000 2045 1164 2090 aliquot,
1200 2046 1262 2090 qui
1295 2050 1331 2077 et
1356 2046 1424 2089 ipsi
1457 2046 1611 2091 patriar-

172 2094 260 2127 chae
287 2093 406 2126 studio
434 2092 574 2124 incitati
593 2097 630 2124 et
646 2093 860 2125 auctoritate
875 2092 1074 2124 confirmati
1100 2092 1138 2124 in
1156 2098 1250 2124 recta
1270 2092 1461 2133 sententia,
1485 2104 1613 2138 quam-

171 2141 224 2174 vis
250 2151 327 2173 eam
355 2139 460 2171 domo
486 2149 560 2171 non
586 2138 813 2178 attulissent,
840 2138 1110 2183 permanebant.
1147 2137 1243 2170 hune
1273 2138 1370 2170 enim
1393 2149 1512 2184 neque
1538 2140 1613 2172 An·-

172 2187 311 2220 dronici
338 2186 507 2218 maiestas
534 2183 740 2217 debilitavit
763 2195 882 2229 neque
906 2186 959 2217 vis
988 2185 1220 2230 eloquentiae
1245 2185 1375 2217 evertit
1398 2195 1518 2230 neque
1543 2186 1612 2218 mi-

171 2244 240 2267 nae
264 2232 541 2278 perturbarunt,
565 2232 757 2276 quominus
781 2232 895 2264 instar
919 2232 1079 2264 marinae
1109 2237 1234 2276 petrae
1272 2231 1503 2265 inconcussus
1535 2244 1610 2265 ma—

172 2286 285 2313 neret.
314 2279 377 2324 qui
400 2290 481 2311 cum
505 2289 543 2311 se
568 2277 661 2310 nihii
687 2278 863 2322 proficere
891 2282 933 2311 etr
953 2279 1046 2311 mala
1064 2278 1255 2311 manifeste
1279 2277 1444 2322 ingruere
1469 2283 1505 2311 et
1526 2290 1610 2324 par-

171 2333 244 2360 tem
274 2326 459 2363 meliorem
486 2335 506 2357 a
532 2325 668 2357 maiore
694 2325 789 2357 vinci
815 2330 999 2365 cerneret,
1038 2336 1057 2357 e
1081 2335 1180 2357 sacro
1212 2324 1348 2368 palatio
1379 2325 1417 2357 in
1453 2325 1608 2358 insulam

172 2372 458 2412 Tereffinssmm,
481 2370 546 2403 ubi
574 2371 645 2404 sibi
668 2370 902 2404 diversorium
928 2377 965 2404 et
992 2372 1193 2416 sepulcrum
1220 2376 1417 2411 struxerat,
1444 2370 1609 2404 discedit.

176 2419 396 2451 Andronicus
420 2428 504 2452 vero
519 2443 528 2458 ,
551 2423 594 2450 ut
618 2417 881 2458 desideratum,
906 2418 958 2451 ita
982 2418 1208 2462 inopinatum
1233 2418 1310 2451 eius
1335 2417 1529 2451 discessum
1553 2419 1609 2450 in-

176 2465 302 2497 stituto
327 2475 391 2498 suo
415 2463 740 2497 commodissimum
769 2469 888 2505 ratus,
911 2465 1056 2508 nuptias
1082 2463 1234 2509 perficit,
1258 2464 1490 2508 Bulgarorum
1531 2465 1609 2508 epi·

176 2522 306 2555 scopo,
330 2512 394 2555 qui
431 2517 508 2544 tum
535 2511 627 2543 forte
655 2511 692 2543 in
733 2510 820 2543 urbe
851 2517 950 2551 erat,
983 2511 1224 2543 caeremonias
1251 2511 1472 2543 matrimonii
1492 2521 1607 2554 *pera-

177 2562 292 2600 gente.
320 2567 397 2589 cum
426 2557 471 2590 de
499 2567 702 2590 successore
727 2567 812 2590 suae
836 2557 1004 2590 factionis
1029 2557 1252 2602 patriarchae
1283 2556 1402 2590 dando
1428 2557 1608 2589 delibera-

178 2608 255 2642 ret,
283 2602 468 2635 Camatero
492 2604 626 2635 Basilio
655 2604 924 2636 oecumenicum
951 2604 1202 2648 pontificatum
1230 2603 1368 2644 defert3
1398 2608 1460 2634 aut
1486 2603 1606 2646 potius

178 2649 276 2681 illius
300 2649 497 2693 syngrapha
523 2650 698 2693 impulsus
720 2650 856 2691 vendit,
882 2661 954 2695 qua
979 2651 1008 2683 is
1032 2652 1246 2696 promiserat
1262 2661 1299 2682 se
1318 2650 1401 2694 quic
1430 2648 1490 2680 uid
1508 2647 1608 2680 cordi

178 2700 273 2728 esset
298 2694 523 2735 Andronico,
560 2698 788 2740 quantumvis
811 2697 1003 2739 illicitum,
1030 2697 1229 2737 facturum,
1264 2701 1300 2729 et
1331 2706 1372 2730 ea
1433 2695 1608 2728 eclinatu-

179 2752 255 2774 rum
281 2752 373 2787 quae
402 2741 458 2774 illi
482 2740 723 2786 displicerent.
