<?xml version="1.0" encoding="UTF-8"?>
<!DOCTYPE html PUBLIC "-//W3C//DTD XHTML 1.0 Transitional//EN"
    "http://www.w3.org/TR/xhtml1/DTD/xhtml1-transitional.dtd">
<html xmlns="http://www.w3.org/1999/xhtml" xml:lang="en" lang="en">
 <head>
  <title>
</title>
<meta http-equiv="Content-Type" content="text/html;charset=utf-8" />
  <meta name='ocr-system' content='tesseract 3.04.00' />
  <meta name='ocr-capabilities' content='ocr_page ocr_carea ocr_par ocr_line ocrx_word'/>
</head>
<body>
  <div class='ocr_page' id='page_1' title='image "./corpusscriptorum41niebuoft/corpusscriptorum41niebuoft_0830.png"; bbox 0 0 1878 3230; ppageno 0'>
   <div class='ocr_carea' id='block_1_1' title="bbox 276 144 1275 205">
    <p class='ocr_par' dir='ltr' id='par_1_1' title="bbox 276 144 1275 205">
     <span class='ocr_line' id='line_1_1' title="bbox 276 144 1275 205; baseline 0.003 -3"><span class='ocrx_word' id='word_1_1' title='bbox 276 144 386 202; x_wconf 86' lang='lat'><strong>800</strong></span> <span class='ocrx_word' id='word_1_2' title='bbox 697 154 925 205; x_wconf 69' lang='lat' dir='ltr'><strong>Nice‘rAE</strong></span> <span class='ocrx_word' id='word_1_3' title='bbox 963 160 1275 205; x_wconf 62' lang='lat' dir='ltr'><strong>cuo-Numa</strong></span> 
     </span>
    </p>
   </div>
   <div class='ocr_carea' id='block_1_2' title="bbox 232 256 1777 1689">
    <p class='ocr_par' dir='ltr' id='par_1_2' title="bbox 232 256 1777 1689">
     <span class='ocr_line' id='line_1_2' title="bbox 273 256 1702 318; baseline 0.003 -18"><span class='ocrx_word' id='word_1_4' title='bbox 273 261 488 317; x_wconf 79' lang='grc' dir='ltr'><em>φρονήσας</em></span> <span class='ocrx_word' id='word_1_5' title='bbox 517 259 656 315; x_wconf 77' lang='grc' dir='ltr'><em>φυγάς</em></span> <span class='ocrx_word' id='word_1_6' title='bbox 681 262 842 302; x_wconf 82' lang='grc' dir='ltr'><em>ἐκεῖθεν</em></span> <span class='ocrx_word' id='word_1_7' title='bbox 868 261 912 308; x_wconf 80' lang='grc' dir='ltr'><strong>ές</strong></span> <span class='ocrx_word' id='word_1_8' title='bbox 940 257 1010 301; x_wconf 78' lang='grc' dir='ltr'><em>τὸν</em></span> <span class='ocrx_word' id='word_1_9' title='bbox 1037 257 1353 313; x_wconf 74' lang='grc' dir='ltr'><strong><em>Ἀκροκόρινθον</em></strong></span> <span class='ocrx_word' id='word_1_10' title='bbox 1383 256 1524 318; x_wconf 75' lang='grc' dir='ltr'><em>ᾤχετο.</em></span> <span class='ocrx_word' id='word_1_11' title='bbox 1602 263 1625 306; x_wconf 82' lang='grc' dir='ltr'>ὁ</span> <span class='ocrx_word' id='word_1_12' title='bbox 1655 265 1702 306; x_wconf 80' lang='grc' dir='ltr'><strong>δὲ</strong></span> 
     </span>
     <span class='ocr_line' id='line_1_3' title="bbox 272 319 1705 382; baseline 0.004 -15"><span class='ocrx_word' id='word_1_13' title='bbox 272 324 459 380; x_wconf 79' lang='grc' dir='ltr'><em>Σγουρὸς</em></span> <span class='ocrx_word' id='word_1_14' title='bbox 491 319 614 373; x_wconf 72' lang='grc' dir='ltr'><em>οὗτος</em></span> <span class='ocrx_word' id='word_1_15' title='bbox 637 326 683 366; x_wconf 80' lang='grc' dir='ltr'><strong>ἐκ</strong></span> <span class='ocrx_word' id='word_1_16' title='bbox 711 328 785 366; x_wconf 80' lang='grc' dir='ltr'><em>τοῦ</em></span> <span class='ocrx_word' id='word_1_17' title='bbox 814 327 1036 367; x_wconf 82' lang='grc' dir='ltr'><em>Ναυπλίου</em></span> <span class='ocrx_word' id='word_1_18' title='bbox 1065 325 1330 379; x_wconf 80' lang='grc' dir='ltr'><em>γεγενημένος</em></span> <span class='ocrx_word' id='word_1_19' title='bbox 1356 328 1511 380; x_wconf 84' lang='grc' dir='ltr'><em>χρόνον</em></span> <span class='ocrx_word' id='word_1_20' title='bbox 1538 331 1614 382; x_wconf 91' lang='grc' dir='ltr'><em>μέν</em></span> <span class='ocrx_word' id='word_1_21' title='bbox 1641 347 1705 372; x_wconf 85' lang='grc' dir='ltr'><strong>τι-</strong></span> 
     </span>
     <span class='ocr_line' id='line_1_4' title="bbox 269 385 1704 447; baseline 0.004 -15"><span class='ocrx_word' id='word_1_22' title='bbox 269 390 432 432; x_wconf 65' lang='grc' dir='ltr'><em>νατῶν</em></span> <span class='ocrx_word' id='word_1_23' title='bbox 457 390 503 430; x_wconf 77' lang='grc' dir='ltr'><strong>ἐκ</strong></span> <span class='ocrx_word' id='word_1_24' title='bbox 528 391 606 431; x_wconf 72' lang='grc' dir='ltr'><em>τοῦ</em></span> <span class='ocrx_word' id='word_1_25' title='bbox 630 391 773 444; x_wconf 67' lang='grc' dir='ltr'><em>γένους</em></span> <span class='ocrx_word' id='word_1_26' title='bbox 804 391 876 446; x_wconf 77' lang='grc' dir='ltr'><strong>βίᾳ</strong></span> <span class='ocrx_word' id='word_1_27' title='bbox 894 393 1052 442; x_wconf 81' lang='grc' dir='ltr'><em>μᾶλλον</em></span> <span class='ocrx_word' id='word_1_28' title='bbox 1078 385 1180 446; x_wconf 73' lang='grc' dir='ltr'><em>ἤπερ</em></span> <span class='ocrx_word' id='word_1_29' title='bbox 1210 394 1358 434; x_wconf 85' lang='grc' dir='ltr'><em>πειθοῖ</em></span> <span class='ocrx_word' id='word_1_30' title='bbox 1378 396 1595 447; x_wconf 85' lang='grc' dir='ltr'><strong><em>κατίσχυε,</em></strong></span> <span class='ocrx_word' id='word_1_31' title='bbox 1624 412 1704 438; x_wconf 83' lang='grc' dir='ltr'><strong>πα-</strong></span> 
     </span>
     <span class='ocr_line' id='line_1_5' title="bbox 232 453 1706 512; baseline 0.003 -15"><span class='ocrx_word' id='word_1_32' title='bbox 232 453 401 512; x_wconf 65' lang='grc' dir='ltr'><em>Οτριῇόν</em></span> <span class='ocrx_word' id='word_1_33' title='bbox 442 471 483 497; x_wconf 88' lang='grc' dir='ltr'><strong>τι</strong></span> <span class='ocrx_word' id='word_1_34' title='bbox 507 457 660 510; x_wconf 80' lang='grc' dir='ltr'><em>μέτρον</em></span> <span class='ocrx_word' id='word_1_35' title='bbox 696 456 946 510; x_wconf 83' lang='grc' dir='ltr'><em>α’ναπληρῶν</em></span> <span class='ocrx_word' id='word_1_36' title='bbox 980 458 1052 497; x_wconf 85' lang='grc' dir='ltr'>καί</span> <span class='ocrx_word' id='word_1_37' title='bbox 1086 458 1283 510; x_wconf 81' lang='grc' dir='ltr'><em>χειρίζων</em></span> <span class='ocrx_word' id='word_1_38' title='bbox 1311 458 1390 511; x_wconf 75' lang='grc' dir='ltr'><em>οὐχ</em></span> <span class='ocrx_word' id='word_1_39' title='bbox 1420 456 1607 511; x_wconf 77' lang='grc' dir='ltr'><em>αἱμάτων</em></span> <span class='ocrx_word' id='word_1_40' title='bbox 1633 477 1706 502; x_wconf 85' lang='grc' dir='ltr'><em>κα-</em></span> 
     </span>
     <span class='ocr_line' id='line_1_6' title="bbox 271 520 1742 583; baseline 0.004 -22"><span class='ocrx_word' id='word_1_41' title='bbox 271 522 456 574; x_wconf 81' lang='grc' dir='ltr'><em>θαρεῦον</em></span> <span class='ocrx_word' id='word_1_42' title='bbox 482 522 779 576; x_wconf 77' lang='grc' dir='ltr'><em>κληρούχημα·</em></span> <span class='ocrx_word' id='word_1_43' title='bbox 840 523 908 562; x_wconf 82' lang='grc' dir='ltr'><strong>αἐἰ</strong></span> <span class='ocrx_word' id='word_1_44' title='bbox 935 523 980 562; x_wconf 80' lang='grc' dir='ltr'><strong>δὲ</strong></span> <span class='ocrx_word' id='word_1_45' title='bbox 1020 523 1078 577; x_wconf 78' lang='grc' dir='ltr'><strong>τῷ</strong></span> <span class='ocrx_word' id='word_1_46' title='bbox 1103 523 1186 563; x_wconf 85' lang='grc' dir='ltr'><em>τῶν</em></span> <span class='ocrx_word' id='word_1_47' title='bbox 1218 520 1474 577; x_wconf 75' lang='grc' dir='ltr'><em>πραγμάτων</em></span> <span class='ocrx_word' id='word_1_48' title='bbox 1503 523 1742 583; x_wconf 76' lang='grc' dir='ltr'><em>α’νωμάλῳὸ</em></span> 
     </span>
     <span class='ocr_line' id='line_1_7' title="bbox 273 584 1707 643; baseline 0.003 -16"><span class='ocrx_word' id='word_1_49' title='bbox 273 584 490 635; x_wconf 72' lang='grc' dir='ltr'><em>ἐπιδιδούς</em></span> <span class='ocrx_word' id='word_1_50' title='bbox 523 587 596 627; x_wconf 83' lang='grc' dir='ltr'>καί</span> <span class='ocrx_word' id='word_1_51' title='bbox 625 592 710 636; x_wconf 84' lang='grc' dir='ltr'><em>τοῖς</em></span> <span class='ocrx_word' id='word_1_52' title='bbox 736 587 984 629; x_wconf 77' lang='grc' dir='ltr'><em>στασιώδεσι</em></span> <span class='ocrx_word' id='word_1_53' title='bbox 1015 593 1174 641; x_wconf 81' lang='grc' dir='ltr'><em>καιροῖς</em></span> <span class='ocrx_word' id='word_1_54' title='bbox 1192 589 1472 641; x_wconf 87' lang='grc' dir='ltr'><em>οἰδαινόμενος</em></span> <span class='ocrx_word' id='word_1_55' title='bbox 1504 592 1633 643; x_wconf 84' lang='grc' dir='ltr'><em>μέγας</em></span> <span class='ocrx_word' id='word_1_56' title='bbox 1662 592 1707 632; x_wconf 82' lang='grc' dir='ltr'><strong>ἐκ</strong></span> 
     </span>
     <span class='ocr_line' id='line_1_8' title="bbox 268 647 1709 708; baseline 0.003 -17"><span class='ocrx_word' id='word_1_57' title='bbox 268 652 423 706; x_wconf 82' lang='grc' dir='ltr'><em>μικροῦ</em></span> <span class='ocrx_word' id='word_1_58' title='bbox 444 651 644 706; x_wconf 82' lang='grc' dir='ltr'><em>πρόεισιν,</em></span> <span class='ocrx_word' id='word_1_59' title='bbox 662 651 717 700; x_wconf 79' lang='grc' dir='ltr'><strong>ὥς</strong></span> <span class='ocrx_word' id='word_1_60' title='bbox 736 650 773 692; x_wconf 84' lang='grc' dir='ltr'><em>οἱ</em></span> <span class='ocrx_word' id='word_1_61' title='bbox 788 651 1014 707; x_wconf 62' lang='grc' dir='ltr'><em>χειζιιαρροι</em></span> <span class='ocrx_word' id='word_1_62' title='bbox 1028 658 1112 700; x_wconf 83' lang='grc' dir='ltr'><em>τοῖς</em></span> <span class='ocrx_word' id='word_1_63' title='bbox 1141 647 1314 707; x_wconf 75' lang='grc' dir='ltr'><em>ὄμβροις</em></span> <span class='ocrx_word' id='word_1_64' title='bbox 1343 655 1418 695; x_wconf 84' lang='grc' dir='ltr'><em>καί</em></span> <span class='ocrx_word' id='word_1_65' title='bbox 1443 660 1528 704; x_wconf 86' lang='grc' dir='ltr'><em>τοῖς</em></span> <span class='ocrx_word' id='word_1_66' title='bbox 1553 657 1709 708; x_wconf 84' lang='grc' dir='ltr'><em>βιαίοις</em></span> 
     </span>
     <span class='ocr_line' id='line_1_9' title="bbox 270 713 1707 772; baseline 0.003 -16"><span class='ocrx_word' id='word_1_67' title='bbox 270 714 323 756; x_wconf 81' lang='grc' dir='ltr'><em>τοὶ</em></span> <span class='ocrx_word' id='word_1_68' title='bbox 354 713 520 767; x_wconf 79' lang='grc' dir='ltr'><em>κύματα</em></span> <span class='ocrx_word' id='word_1_69' title='bbox 541 716 765 768; x_wconf 83' lang='grc' dir='ltr'><em>πνεύμασι.</em></span> <span class='ocrx_word' id='word_1_70' title='bbox 797 715 843 758; x_wconf 86' lang='grc' dir='ltr'><strong>τὸ</strong></span> <span class='ocrx_word' id='word_1_71' title='bbox 873 716 950 771; x_wconf 74' lang='grc' dir='ltr'><em>γάρ</em></span> <span class='ocrx_word' id='word_1_72' title='bbox 973 715 1192 769; x_wconf 83' lang='grc' dir='ltr'><em>ἱππόβοτον</em></span> <span class='ocrx_word' id='word_1_73' title='bbox 1209 714 1360 772; x_wconf 75' lang='grc' dir='ltr'><em>’Ἀργος</em></span> <span class='ocrx_word' id='word_1_74' title='bbox 1392 718 1707 770; x_wconf 79' lang='grc' dir='ltr'><em>ὖπονοθεύσας,</em></span> 
     </span>
     <span class='ocr_line' id='line_1_10' title="bbox 271 779 1710 844; baseline 0.003 -23"><span class='ocrx_word' id='word_1_75' title='bbox 271 779 345 822; x_wconf 82' lang='grc' dir='ltr'><em>καί</em></span> <span class='ocrx_word' id='word_1_76' title='bbox 371 782 444 822; x_wconf 73' lang='grc' dir='ltr'><em>ἐπί</em></span> <span class='ocrx_word' id='word_1_77' title='bbox 466 783 570 838; x_wconf 71' lang='grc' dir='ltr'><em>τῷδε</em></span> <span class='ocrx_word' id='word_1_78' title='bbox 597 780 672 835; x_wconf 81' lang='grc' dir='ltr'><em>τήν</em></span> <span class='ocrx_word' id='word_1_79' title='bbox 703 782 919 836; x_wconf 87' lang='grc' dir='ltr'><em>Κόρινθον</em></span> <span class='ocrx_word' id='word_1_80' title='bbox 947 779 1218 836; x_wconf 79' lang='grc' dir='ltr'><em>ληϊσάμενος,</em></span> <span class='ocrx_word' id='word_1_81' title='bbox 1243 786 1321 844; x_wconf 35' lang='grc' dir='ltr'><strong>’καί</strong></span> <span class='ocrx_word' id='word_1_82' title='bbox 1347 782 1503 839; x_wconf 80' lang='grc' dir='ltr'><em>προϊών</em></span> <span class='ocrx_word' id='word_1_83' title='bbox 1528 784 1597 826; x_wconf 82' lang='grc' dir='ltr'><em>οἷεί</em></span> <span class='ocrx_word' id='word_1_84' title='bbox 1622 791 1710 834; x_wconf 82' lang='grc' dir='ltr'><em>τοῖς</em></span> 
     </span>
     <span class='ocr_line' id='line_1_11' title="bbox 271 843 1774 903; baseline 0.004 -16"><span class='ocrx_word' id='word_1_85' title='bbox 271 845 575 903; x_wconf 77' lang='grc' dir='ltr'><em>λῃστεύμασιν,</em></span> <span class='ocrx_word' id='word_1_86' title='bbox 609 843 696 888; x_wconf 84' lang='grc' dir='ltr'><em>εἶτα</em></span> <span class='ocrx_word' id='word_1_87' title='bbox 725 847 796 888; x_wconf 80' lang='grc' dir='ltr'>καί</span> <span class='ocrx_word' id='word_1_88' title='bbox 821 853 913 896; x_wconf 84' lang='grc' dir='ltr'><em>ταῖς</em></span> <span class='ocrx_word' id='word_1_89' title='bbox 941 845 1137 902; x_wconf 85' lang='grc' dir='ltr'><em>Ἀθήναις</em></span> <span class='ocrx_word' id='word_1_90' title='bbox 1170 847 1318 897; x_wconf 75' lang='grc' dir='ltr'><em>αὐταῖς</em></span> <span class='ocrx_word' id='word_1_91' title='bbox 1345 849 1579 903; x_wconf 81' lang='grc' dir='ltr'><em>προσήραξε</em></span> <span class='ocrx_word' id='word_1_92' title='bbox 1606 848 1708 903; x_wconf 73' lang='grc' dir='ltr'><em>μετὰ</em></span> <span class='ocrx_word' id='word_1_93' title='bbox 1726 865 1774 892; x_wconf 84' lang='lat'><strong>10</strong></span> 
     </span>
     <span class='ocr_line' id='line_1_12' title="bbox 270 910 1711 969; baseline 0.003 -17"><span class='ocrx_word' id='word_1_94' title='bbox 270 913 505 964; x_wconf 73' lang='grc' dir='ltr'><em>πολεμικῶν</em></span> <span class='ocrx_word' id='word_1_95' title='bbox 531 913 640 967; x_wconf 81' lang='grc' dir='ltr'><em>νηῶν</em></span> <span class='ocrx_word' id='word_1_96' title='bbox 657 912 731 953; x_wconf 86' lang='grc' dir='ltr'>καί</span> <span class='ocrx_word' id='word_1_97' title='bbox 758 911 831 954; x_wconf 83' lang='grc' dir='ltr'><em>τὸν</em></span> <span class='ocrx_word' id='word_1_98' title='bbox 850 911 1022 965; x_wconf 80' lang='grc' dir='ltr'><em>Ἰσθμὸν</em></span> <span class='ocrx_word' id='word_1_99' title='bbox 1041 910 1273 963; x_wconf 70' lang='grc' dir='ltr'><em>διελθόντος</em></span> <span class='ocrx_word' id='word_1_100' title='bbox 1291 915 1613 969; x_wconf 72' lang='grc' dir='ltr'><em>στρατεύματος,</em></span> <span class='ocrx_word' id='word_1_101' title='bbox 1643 917 1711 957; x_wconf 80' lang='grc' dir='ltr'><em>έλ-</em></span> 
     </span>
     <span class='ocr_line' id='line_1_13' title="bbox 272 975 1711 1035; baseline 0.003 -17"><span class='ocrx_word' id='word_1_102' title='bbox 272 978 365 1018; x_wconf 86' lang='grc' dir='ltr'><em>πι’σι</em></span> <span class='ocrx_word' id='word_1_103' title='bbox 401 977 666 1030; x_wconf 73' lang='grc' dir='ltr'><em>θαλπόμενος</em></span> <span class='ocrx_word' id='word_1_104' title='bbox 704 975 761 1026; x_wconf 81' lang='grc' dir='ltr'><strong>ῶς</strong></span> <span class='ocrx_word' id='word_1_105' title='bbox 800 978 997 1031; x_wconf 75' lang='grc' dir='ltr'><em>εὐμαρῶς</em></span> <span class='ocrx_word' id='word_1_106' title='bbox 1025 975 1223 1034; x_wconf 82' lang='grc' dir='ltr'><em>κρατήσει</em></span> <span class='ocrx_word' id='word_1_107' title='bbox 1264 982 1335 1034; x_wconf 82' lang='grc' dir='ltr'><strong>τῆς</strong></span> <span class='ocrx_word' id='word_1_108' title='bbox 1365 979 1649 1035; x_wconf 76' lang='grc' dir='ltr'><em>ἀκροπόλεως,</em></span> <span class='ocrx_word' id='word_1_109' title='bbox 1681 975 1711 1035; x_wconf 75' lang='grc' dir='ltr'><em>ἢ</em></span> 
     </span>
     <span class='ocr_line' id='line_1_14' title="bbox 273 1039 1711 1099; baseline 0.003 -17"><span class='ocrx_word' id='word_1_110' title='bbox 273 1044 374 1096; x_wconf 81' lang='grc' dir='ltr'><em>γοῦν</em></span> <span class='ocrx_word' id='word_1_111' title='bbox 405 1039 614 1091; x_wconf 73' lang='grc' dir='ltr'><em>ἑλεπόλεις</em></span> <span class='ocrx_word' id='word_1_112' title='bbox 636 1043 861 1098; x_wconf 76' lang='grc' dir='ltr'><em>ἐπιστήσας</em></span> <span class='ocrx_word' id='word_1_113' title='bbox 889 1041 943 1092; x_wconf 79' lang='grc' dir='ltr'><strong>ῶς</strong></span> <span class='ocrx_word' id='word_1_114' title='bbox 963 1044 1170 1096; x_wconf 87' lang='grc' dir='ltr'><em>α’πόλεμον</em></span> <span class='ocrx_word' id='word_1_115' title='bbox 1197 1044 1369 1099; x_wconf 88' lang='grc' dir='ltr'><em>θροήσει</em></span> <span class='ocrx_word' id='word_1_116' title='bbox 1396 1043 1440 1087; x_wconf 80' lang='grc' dir='ltr'><strong>τό</strong></span> <span class='ocrx_word' id='word_1_117' title='bbox 1468 1043 1584 1088; x_wconf 82' lang='grc' dir='ltr'><em>ε”νδον</em></span> <span class='ocrx_word' id='word_1_118' title='bbox 1611 1042 1711 1087; x_wconf 77' lang='grc' dir='ltr'><em>α’πο·</em></span> 
     </span>
     <span class='ocr_line' id='line_1_15' title="bbox 273 1103 1712 1165; baseline 0.003 -17"><span class='ocrx_word' id='word_1_119' title='bbox 273 1106 527 1161; x_wconf 86' lang='grc' dir='ltr'><em>μαχόμενον.</em></span> <span class='ocrx_word' id='word_1_120' title='bbox 581 1103 634 1163; x_wconf 82' lang='grc' dir='ltr'><em>ἦν</em></span> <span class='ocrx_word' id='word_1_121' title='bbox 666 1109 701 1150; x_wconf 88' lang='grc' dir='ltr'><strong>δ’</strong></span> <span class='ocrx_word' id='word_1_122' title='bbox 730 1110 1039 1162; x_wconf 77' lang='grc' dir='ltr'><em>α’ναπεμπάζων</em></span> <span class='ocrx_word' id='word_1_123' title='bbox 1068 1110 1199 1165; x_wconf 73' lang='grc' dir='ltr'><em>φρεσί</em></span> <span class='ocrx_word' id='word_1_124' title='bbox 1224 1111 1297 1151; x_wconf 82' lang='grc' dir='ltr'><em>καί</em></span> <span class='ocrx_word' id='word_1_125' title='bbox 1323 1112 1489 1160; x_wconf 77' lang='grc' dir='ltr'><em>εἰκαίως</em></span> <span class='ocrx_word' id='word_1_126' title='bbox 1517 1110 1712 1153; x_wconf 82' lang='grc' dir='ltr'><em>διανοού-</em></span> 
     </span>
     <span class='ocr_line' id='line_1_16' title="bbox 275 1170 1775 1232; baseline 0.004 -19"><span class='ocrx_word' id='word_1_127' title='bbox 275 1187 399 1225; x_wconf 89' lang='grc' dir='ltr'><em>μενος</em></span> <span class='ocrx_word' id='word_1_128' title='bbox 427 1170 477 1214; x_wconf 83' lang='grc' dir='ltr'><em>τοὶ</em></span> <span class='ocrx_word' id='word_1_129' title='bbox 506 1171 566 1228; x_wconf 80' lang='grc' dir='ltr'><strong>μή</strong></span> <span class='ocrx_word' id='word_1_130' title='bbox 596 1175 728 1230; x_wconf 87' lang='grc' dir='ltr'><em>πέρας</em></span> <span class='ocrx_word' id='word_1_131' title='bbox 756 1170 857 1223; x_wconf 82' lang='grc' dir='ltr'><em>ὅλως</em></span> <span class='ocrx_word' id='word_1_132' title='bbox 884 1175 1097 1227; x_wconf 77' lang='grc' dir='ltr'><em>δεξόμενοι.</em></span> <span class='ocrx_word' id='word_1_133' title='bbox 1154 1171 1174 1216; x_wconf 82' lang='grc' dir='ltr'><strong>ὃ</strong></span> <span class='ocrx_word' id='word_1_134' title='bbox 1199 1174 1279 1230; x_wconf 79' lang='grc' dir='ltr'><em>γὰρ</em></span> <span class='ocrx_word' id='word_1_135' title='bbox 1298 1177 1554 1231; x_wconf 77' lang='grc' dir='ltr'><em>α’ρχιποίμην</em></span> <span class='ocrx_word' id='word_1_136' title='bbox 1579 1177 1710 1232; x_wconf 82' lang='grc' dir='ltr'><strong>Ἀθη·</strong></span> <span class='ocrx_word' id='word_1_137' title='bbox 1729 1175 1775 1219; x_wconf 76' lang='lat'><strong>15</strong></span> 
     </span>
     <span class='ocr_line' id='line_1_17' title="bbox 233 1236 1709 1296; baseline 0.003 -18"><span class='ocrx_word' id='word_1_138' title='bbox 233 1239 361 1283; x_wconf 77' lang='grc' dir='ltr'><em>Βνῶν</em></span> <span class='ocrx_word' id='word_1_139' title='bbox 389 1237 573 1293; x_wconf 85' lang='grc' dir='ltr'><em>Μιχαήλ</em></span> <span class='ocrx_word' id='word_1_140' title='bbox 602 1238 625 1279; x_wconf 79' lang='grc' dir='ltr'>ὅ</span> <span class='ocrx_word' id='word_1_141' title='bbox 655 1237 880 1294; x_wconf 83' lang='grc' dir='ltr'><em>Χωνιάτης</em></span> <span class='ocrx_word' id='word_1_142' title='bbox 912 1241 1169 1296; x_wconf 71' lang='grc' dir='ltr'><em>(κασίγνητος</em></span> <span class='ocrx_word' id='word_1_143' title='bbox 1197 1236 1318 1291; x_wconf 71' lang='grc' dir='ltr'><em>οὗτος</em></span> <span class='ocrx_word' id='word_1_144' title='bbox 1346 1240 1465 1295; x_wconf 80' lang='grc' dir='ltr'><em>ἐμός,</em></span> <span class='ocrx_word' id='word_1_145' title='bbox 1497 1242 1569 1284; x_wconf 77' lang='grc' dir='ltr'><strong>ναὶ</strong></span> <span class='ocrx_word' id='word_1_146' title='bbox 1595 1241 1709 1295; x_wconf 79' lang='grc' dir='ltr'><em>ἐμός·</em></span> 
     </span>
     <span class='ocr_line' id='line_1_18' title="bbox 277 1303 1713 1361; baseline 0.004 -16"><span class='ocrx_word' id='word_1_147' title='bbox 277 1304 637 1357; x_wconf 76' lang='grc' dir='ltr'><em>ἐγκαλλωπίζομαι</em></span> <span class='ocrx_word' id='word_1_148' title='bbox 671 1303 750 1359; x_wconf 76' lang='grc' dir='ltr'><em>γὰρ</em></span> <span class='ocrx_word' id='word_1_149' title='bbox 795 1306 849 1361; x_wconf 79' lang='grc' dir='ltr'><strong>τῇ</strong></span> <span class='ocrx_word' id='word_1_150' title='bbox 886 1303 1169 1360; x_wconf 81' lang='grc' dir='ltr'><em>ὅμογνιότητι,</em></span> <span class='ocrx_word' id='word_1_151' title='bbox 1209 1308 1281 1347; x_wconf 82' lang='grc' dir='ltr'>καί</span> <span class='ocrx_word' id='word_1_152' title='bbox 1303 1309 1442 1361; x_wconf 84' lang='grc' dir='ltr'><em>χαίρω</em></span> <span class='ocrx_word' id='word_1_153' title='bbox 1482 1311 1580 1350; x_wconf 80' lang='grc' dir='ltr'><em>καθ’</em></span> <span class='ocrx_word' id='word_1_154' title='bbox 1606 1304 1713 1361; x_wconf 52' lang='lat' dir='ltr'><strong>afficta</strong></span> 
     </span>
     <span class='ocr_line' id='line_1_19' title="bbox 275 1367 1711 1427; baseline 0.004 -18"><span class='ocrx_word' id='word_1_155' title='bbox 275 1369 333 1426; x_wconf 73' lang='grc' dir='ltr'><strong>τῷ</strong></span> <span class='ocrx_word' id='word_1_156' title='bbox 372 1367 500 1423; x_wconf 84' lang='grc' dir='ltr'><em>α’νδρί</em></span> <span class='ocrx_word' id='word_1_157' title='bbox 541 1368 868 1422; x_wconf 75' lang='grc' dir='ltr'><em>συναπτόμενος,</em></span> <span class='ocrx_word' id='word_1_158' title='bbox 911 1372 951 1412; x_wconf 83' lang='grc' dir='ltr'><em>εἰ</em></span> <span class='ocrx_word' id='word_1_159' title='bbox 974 1369 1047 1411; x_wconf 80' lang='grc' dir='ltr'><em>καί</em></span> <span class='ocrx_word' id='word_1_160' title='bbox 1074 1372 1146 1424; x_wconf 72' lang='grc' dir='ltr'><em>τῆς</em></span> <span class='ocrx_word' id='word_1_161' title='bbox 1180 1371 1334 1426; x_wconf 75' lang='grc' dir='ltr'><em>α’ρετῆς</em></span> <span class='ocrx_word' id='word_1_162' title='bbox 1373 1372 1446 1414; x_wconf 86' lang='grc' dir='ltr'>καί</span> <span class='ocrx_word' id='word_1_163' title='bbox 1480 1375 1559 1414; x_wconf 77' lang='grc' dir='ltr'><em>τοῦ</em></span> <span class='ocrx_word' id='word_1_164' title='bbox 1589 1374 1711 1427; x_wconf 86' lang='grc' dir='ltr'><em>λόγου</em></span> 
     </span>
     <span class='ocr_line' id='line_1_20' title="bbox 278 1431 1714 1492; baseline 0.003 -17"><span class='ocrx_word' id='word_1_165' title='bbox 278 1431 383 1475; x_wconf 81' lang='grc' dir='ltr'><em>κατοὶ</em></span> <span class='ocrx_word' id='word_1_166' title='bbox 425 1431 648 1487; x_wconf 89' lang='grc' dir='ltr'><em>διάμετρον</em></span> <span class='ocrx_word' id='word_1_167' title='bbox 675 1435 957 1489; x_wconf 79' lang='grc' dir='ltr'><em>ἐκδιίσταμαι)</em></span> <span class='ocrx_word' id='word_1_168' title='bbox 986 1433 1029 1477; x_wconf 84' lang='grc' dir='ltr'><strong>τὸ</strong></span> <span class='ocrx_word' id='word_1_169' title='bbox 1063 1437 1210 1477; x_wconf 80' lang='grc' dir='ltr'><em>οἰκεῖον</em></span> <span class='ocrx_word' id='word_1_170' title='bbox 1238 1434 1365 1490; x_wconf 83' lang='grc' dir='ltr'><em>λάχος</em></span> <span class='ocrx_word' id='word_1_171' title='bbox 1392 1437 1502 1492; x_wconf 85' lang='grc' dir='ltr'><em>ὁρῶν</em></span> <span class='ocrx_word' id='word_1_172' title='bbox 1527 1439 1609 1480; x_wconf 88' lang='grc' dir='ltr'><em>τῶν</em></span> <span class='ocrx_word' id='word_1_173' title='bbox 1635 1439 1714 1480; x_wconf 79' lang='lat' dir='ltr'><strong>av*-</strong></span> 
     </span>
     <span class='ocr_line' id='line_1_21' title="bbox 277 1496 1777 1557; baseline 0.003 -17"><span class='ocrx_word' id='word_1_174' title='bbox 277 1501 354 1541; x_wconf 78' lang='grc' dir='ltr'><em>τοῦ</em></span> <span class='ocrx_word' id='word_1_175' title='bbox 379 1500 544 1552; x_wconf 87' lang='grc' dir='ltr'><em>βουλῶν</em></span> <span class='ocrx_word' id='word_1_176' title='bbox 579 1501 651 1540; x_wconf 84' lang='grc' dir='ltr'>καί</span> <span class='ocrx_word' id='word_1_177' title='bbox 677 1496 816 1553; x_wconf 74' lang='grc' dir='ltr'><em>εὐχῶν</em></span> <span class='ocrx_word' id='word_1_178' title='bbox 851 1499 1113 1554; x_wconf 78' lang='grc' dir='ltr'><em>ἑξεχόμενον,</em></span> <span class='ocrx_word' id='word_1_179' title='bbox 1143 1500 1234 1542; x_wconf 84' lang='grc' dir='ltr'><strong>ἑπεί</strong></span> <span class='ocrx_word' id='word_1_180' title='bbox 1259 1501 1583 1557; x_wconf 86' lang='grc' dir='ltr'><em>παρεμβαλόντα</em></span> <span class='ocrx_word' id='word_1_181' title='bbox 1610 1502 1712 1546; x_wconf 77' lang='grc' dir='ltr'><em>θεά·</em></span> <span class='ocrx_word' id='word_1_182' title='bbox 1725 1516 1777 1544; x_wconf 84' lang='lat'><strong>20</strong></span> 
     </span>
     <span class='ocr_line' id='line_1_22' title="bbox 277 1561 1714 1624; baseline 0.003 -17"><span class='ocrx_word' id='word_1_183' title='bbox 277 1579 398 1607; x_wconf 88' lang='grc' dir='ltr'><em>σαιτο</em></span> <span class='ocrx_word' id='word_1_184' title='bbox 436 1561 509 1606; x_wconf 84' lang='grc' dir='ltr'><em>τὸν</em></span> <span class='ocrx_word' id='word_1_185' title='bbox 536 1562 744 1619; x_wconf 77' lang='grc' dir='ltr'><em>Σγουρόν,</em></span> <span class='ocrx_word' id='word_1_186' title='bbox 790 1562 893 1619; x_wconf 82' lang='grc' dir='ltr'><em>ἔγνω</em></span> <span class='ocrx_word' id='word_1_187' title='bbox 920 1567 1109 1618; x_wconf 83' lang='grc' dir='ltr'><em>μετιέναι</em></span> <span class='ocrx_word' id='word_1_188' title='bbox 1137 1568 1283 1608; x_wconf 81' lang='grc' dir='ltr'><em>τοῦτον</em></span> <span class='ocrx_word' id='word_1_189' title='bbox 1306 1569 1536 1624; x_wconf 82' lang='grc' dir='ltr'><em>θεοφιλῶς,</em></span> <span class='ocrx_word' id='word_1_190' title='bbox 1565 1567 1610 1611; x_wconf 82' lang='grc' dir='ltr'><em>εἴ</em></span> <span class='ocrx_word' id='word_1_191' title='bbox 1626 1584 1714 1618; x_wconf 90' lang='grc' dir='ltr'><strong>πως</strong></span> 
     </span>
     <span class='ocr_line' id='line_1_23' title="bbox 277 1627 1714 1689; baseline 0.003 -16"><span class='ocrx_word' id='word_1_192' title='bbox 277 1631 437 1673; x_wconf 76' lang='grc' dir='ltr'><em>ἐκεῖθεν</em></span> <span class='ocrx_word' id='word_1_193' title='bbox 474 1630 709 1684; x_wconf 74' lang='grc' dir='ltr'><em>ἀποστῆσαι</em></span> <span class='ocrx_word' id='word_1_194' title='bbox 748 1629 997 1685; x_wconf 87' lang='grc' dir='ltr'><em>δυνήσεται,</em></span> <span class='ocrx_word' id='word_1_195' title='bbox 1023 1633 1120 1686; x_wconf 86' lang='grc' dir='ltr'><em>μηδ’</em></span> <span class='ocrx_word' id='word_1_196' title='bbox 1150 1627 1286 1682; x_wconf 71' lang='grc' dir='ltr'><em>ἄλλως</em></span> <span class='ocrx_word' id='word_1_197' title='bbox 1310 1632 1533 1689; x_wconf 72' lang='grc' dir='ltr'><em>ἀσυνήθως</em></span> <span class='ocrx_word' id='word_1_198' title='bbox 1564 1632 1714 1689; x_wconf 79' lang='grc' dir='ltr'><em>ἔχοντα</em></span> 
     </span>
    </p>
   </div>
   <div class='ocr_carea' id='block_1_3' title="bbox 370 1754 1715 1884">
    <p class='ocr_par' dir='ltr' id='par_1_3' title="bbox 370 1754 1715 1884">
     <span class='ocr_line' id='line_1_24' title="bbox 372 1754 1713 1808; baseline 0.004 -19"><span class='ocrx_word' id='word_1_199' title='bbox 372 1767 406 1791; x_wconf 86' lang='lat'><strong>2.</strong></span> <span class='ocrx_word' id='word_1_200' title='bbox 428 1754 502 1791; x_wconf 75' lang='grc' dir='ltr'><em>α’πό</em></span> <span class='ocrx_word' id='word_1_201' title='bbox 527 1756 599 1791; x_wconf 79' lang='grc' dir='ltr'><em>τοῦ</em></span> <span class='ocrx_word' id='word_1_202' title='bbox 623 1756 809 1793; x_wconf 82' lang='grc' dir='ltr'><em>α’ναπλίου</em></span> <span class='ocrx_word' id='word_1_203' title='bbox 834 1758 871 1792; x_wconf 86' lang='grc' dir='ltr'><strong>Β.</strong></span> <span class='ocrx_word' id='word_1_204' title='bbox 1003 1761 1035 1794; x_wconf 89' lang='grc'><strong>6.</strong></span> <span class='ocrx_word' id='word_1_205' title='bbox 1063 1759 1341 1808; x_wconf 82' lang='grc' dir='ltr'><em>οἰδαινόμενος]</em></span> <span class='ocrx_word' id='word_1_206' title='bbox 1371 1760 1648 1807; x_wconf 78' lang='grc' dir='ltr'><em>ἐξογγούμενος</em></span> <span class='ocrx_word' id='word_1_207' title='bbox 1675 1763 1713 1795; x_wconf 90' lang='grc' dir='ltr'><strong>Β.</strong></span> 
     </span>
     <span class='ocr_line' id='line_1_25' title="bbox 370 1800 1715 1884; baseline 0.004 -48"><span class='ocrx_word' id='word_1_208' title='bbox 370 1803 705 1884; x_wconf 47' lang='grc' dir='ltr'><em>ἓὶηῦλγξονοθεύσας]</em></span> <span class='ocrx_word' id='word_1_209' title='bbox 729 1801 824 1851; x_wconf 70' lang='grc' dir='ltr'><em>μετὰ</em></span> <span class='ocrx_word' id='word_1_210' title='bbox 851 1806 1010 1850; x_wconf 79' lang='grc' dir='ltr'><em>κλεψίας</em></span> <span class='ocrx_word' id='word_1_211' title='bbox 1034 1800 1154 1851; x_wconf 76' lang='grc' dir='ltr'><em>λαβὼν</em></span> <span class='ocrx_word' id='word_1_212' title='bbox 1181 1807 1218 1840; x_wconf 90' lang='grc' dir='ltr'><strong>Β.</strong></span> <span class='ocrx_word' id='word_1_213' title='bbox 1387 1812 1438 1844; x_wconf 86' lang='grc' dir='ltr'><em>ι6.</em></span> <span class='ocrx_word' id='word_1_214' title='bbox 1466 1808 1489 1843; x_wconf 84' lang='lat'><strong>0‘</strong></span> <span class='ocrx_word' id='word_1_215' title='bbox 1514 1808 1715 1852; x_wconf 78' lang='grc' dir='ltr'><em>Χωνιάτης</em></span> 
     </span>
    </p>
   </div>
   <div class='ocr_carea' id='block_1_4' title="bbox 282 1961 1718 2756">
    <p class='ocr_par' dir='ltr' id='par_1_4' title="bbox 282 1961 1718 2756">
     <span class='ocr_line' id='line_1_26' title="bbox 282 1961 1714 2009; baseline 0.004 -13"><span class='ocrx_word' id='word_1_216' title='bbox 282 1963 442 2008; x_wconf 84' lang='lat' dir='ltr'><strong>mopylas</strong></span> <span class='ocrx_word' id='word_1_217' title='bbox 467 1961 617 1996; x_wconf 81' lang='lat' dir='ltr'><strong>insidias</strong></span> <span class='ocrx_word' id='word_1_218' title='bbox 643 1962 677 1996; x_wconf 88' lang='lat' dir='ltr'><strong>ei</strong></span> <span class='ocrx_word' id='word_1_219' title='bbox 701 1963 840 1996; x_wconf 78' lang='lat' dir='ltr'><strong>struxit..</strong></span> <span class='ocrx_word' id='word_1_220' title='bbox 867 1963 931 1997; x_wconf 89' lang='lat' dir='ltr'><strong>sed</strong></span> <span class='ocrx_word' id='word_1_221' title='bbox 955 1964 1056 1997; x_wconf 90' lang='lat' dir='ltr'><strong>nullo</strong></span> <span class='ocrx_word' id='word_1_222' title='bbox 1090 1965 1175 1999; x_wconf 88' lang='lat' dir='ltr'><strong>forti</strong></span> <span class='ocrx_word' id='word_1_223' title='bbox 1201 1965 1299 2000; x_wconf 89' lang='lat' dir='ltr'><strong>edito</strong></span> <span class='ocrx_word' id='word_1_224' title='bbox 1325 1967 1505 2009; x_wconf 85' lang='lat' dir='ltr'><strong>facinore,</strong></span> <span class='ocrx_word' id='word_1_225' title='bbox 1531 1967 1576 2000; x_wconf 86' lang='lat' dir='ltr'><strong>ad</strong></span> <span class='ocrx_word' id='word_1_226' title='bbox 1599 1968 1714 2002; x_wconf 86' lang='lat' dir='ltr'><strong>solum</strong></span> 
     </span>
     <span class='ocr_line' id='line_1_27' title="bbox 283 2009 1713 2060; baseline 0.004 -17"><span class='ocrx_word' id='word_1_227' title='bbox 283 2015 514 2054; x_wconf 88' lang='lat' dir='ltr'><strong>conspectum</strong></span> <span class='ocrx_word' id='word_1_228' title='bbox 553 2009 759 2042; x_wconf 79' lang='lat' dir='ltr'><strong>Latinorum</strong></span> <span class='ocrx_word' id='word_1_229' title='bbox 803 2012 965 2055; x_wconf 86' lang='lat' dir='ltr'><strong>equitum</strong></span> <span class='ocrx_word' id='word_1_230' title='bbox 1013 2012 1158 2045; x_wconf 84' lang='lat' dir='ltr'><strong>territus</strong></span> <span class='ocrx_word' id='word_1_231' title='bbox 1204 2013 1497 2047; x_wconf 85' lang='lat' dir='ltr'><strong>Acrocorinthum</strong></span> <span class='ocrx_word' id='word_1_232' title='bbox 1543 2015 1713 2060; x_wconf 82' lang='lat' dir='ltr'><strong>confugit.</strong></span> 
     </span>
     <span class='ocr_line' id='line_1_28' title="bbox 282 2055 1717 2106; baseline 0.003 -17"><span class='ocrx_word' id='word_1_233' title='bbox 282 2057 413 2089; x_wconf 89' lang='lat' dir='ltr'><strong>Scurus</strong></span> <span class='ocrx_word' id='word_1_234' title='bbox 438 2056 497 2088; x_wconf 90' lang='lat' dir='ltr'><strong>hic</strong></span> <span class='ocrx_word' id='word_1_235' title='bbox 522 2055 678 2100; x_wconf 85' lang='lat' dir='ltr'><strong>Nauplio</strong></span> <span class='ocrx_word' id='word_1_236' title='bbox 705 2063 802 2090; x_wconf 83' lang='lat' dir='ltr'><strong>ortus</strong></span> <span class='ocrx_word' id='word_1_237' title='bbox 827 2057 1039 2102; x_wconf 84' lang='lat' dir='ltr'>aliquandiu</span> <span class='ocrx_word' id='word_1_238' title='bbox 1063 2059 1099 2091; x_wconf 89' lang='lat' dir='ltr'><strong>vi</strong></span> <span class='ocrx_word' id='word_1_239' title='bbox 1122 2059 1232 2103; x_wconf 79' lang='lat' dir='ltr'><strong>inagis</strong></span> <span class='ocrx_word' id='word_1_240' title='bbox 1258 2071 1365 2104; x_wconf 87' lang='lat' dir='ltr'><strong>quam</strong></span> <span class='ocrx_word' id='word_1_241' title='bbox 1388 2061 1574 2094; x_wconf 86' lang='lat' dir='ltr'><strong>voluntate</strong></span> <span class='ocrx_word' id='word_1_242' title='bbox 1597 2072 1717 2106; x_wconf 88' lang='lat' dir='ltr'><strong>popu-</strong></span> 
     </span>
     <span class='ocr_line' id='line_1_29' title="bbox 282 2102 1716 2150; baseline 0.004 -16"><span class='ocrx_word' id='word_1_243' title='bbox 282 2103 413 2135; x_wconf 85' lang='lat' dir='ltr'><strong>larium</strong></span> <span class='ocrx_word' id='word_1_244' title='bbox 436 2102 677 2147; x_wconf 85' lang='lat' dir='ltr'><strong>principatum</strong></span> <span class='ocrx_word' id='word_1_245' title='bbox 699 2104 818 2136; x_wconf 85' lang='lat' dir='ltr'><strong>tenuit</strong></span> <span class='ocrx_word' id='word_1_246' title='bbox 851 2115 870 2136; x_wconf 88' lang='lat' dir='ltr'><strong>a</strong></span> <span class='ocrx_word' id='word_1_247' title='bbox 893 2109 994 2149; x_wconf 84' lang='lat' dir='ltr'><strong>patre</strong></span> <span class='ocrx_word' id='word_1_248' title='bbox 1031 2111 1257 2150; x_wconf 86' lang='lat' dir='ltr'><strong>susceptum,</strong></span> <span class='ocrx_word' id='word_1_249' title='bbox 1286 2107 1331 2139; x_wconf 81' lang='lat' dir='ltr'><strong>ad</strong></span> <span class='ocrx_word' id='word_1_250' title='bbox 1356 2107 1455 2140; x_wconf 89' lang='lat' dir='ltr'><strong>cuius</strong></span> <span class='ocrx_word' id='word_1_251' title='bbox 1479 2108 1716 2141; x_wconf 84' lang='lat' dir='ltr'><strong>imitationem</strong></span> 
     </span>
     <span class='ocr_line' id='line_1_30' title="bbox 283 2149 1717 2194; baseline 0.004 -13"><span class='ocrx_word' id='word_1_252' title='bbox 283 2160 357 2181; x_wconf 90' lang='lat' dir='ltr'><strong>non</strong></span> <span class='ocrx_word' id='word_1_253' title='bbox 383 2150 459 2181; x_wconf 89' lang='lat' dir='ltr'><strong>sine</strong></span> <span class='ocrx_word' id='word_1_254' title='bbox 490 2149 661 2192; x_wconf 82' lang='lat' dir='ltr'><strong>sanguine</strong></span> <span class='ocrx_word' id='word_1_255' title='bbox 693 2150 890 2194; x_wconf 84' lang='lat' dir='ltr'><strong>imperavit.</strong></span> <span class='ocrx_word' id='word_1_256' title='bbox 929 2150 994 2183; x_wconf 87' lang='lat' dir='ltr'><strong>sed</strong></span> <span class='ocrx_word' id='word_1_257' title='bbox 1030 2152 1239 2185; x_wconf 85' lang='lat' dir='ltr'><strong>confusione</strong></span> <span class='ocrx_word' id='word_1_258' title='bbox 1262 2163 1378 2186; x_wconf 86' lang='lat' dir='ltr'><strong>rerum</strong></span> <span class='ocrx_word' id='word_1_259' title='bbox 1403 2158 1526 2186; x_wconf 88' lang='lat' dir='ltr'><strong>auctus</strong></span> <span class='ocrx_word' id='word_1_260' title='bbox 1544 2179 1554 2194; x_wconf 94' lang='lat'>‚</span> <span class='ocrx_word' id='word_1_261' title='bbox 1579 2159 1616 2186; x_wconf 85' lang='lat' dir='ltr'><strong>et</strong></span> <span class='ocrx_word' id='word_1_262' title='bbox 1638 2159 1717 2187; x_wconf 82' lang='lat' dir='ltr'><strong>tur-</strong></span> 
     </span>
     <span class='ocr_line' id='line_1_31' title="bbox 284 2195 1716 2238; baseline 0.005 -12"><span class='ocrx_word' id='word_1_263' title='bbox 284 2195 444 2227; x_wconf 87' lang='lat' dir='ltr'><strong>bulentis</strong></span> <span class='ocrx_word' id='word_1_264' title='bbox 471 2196 692 2238; x_wconf 85' lang='lat' dir='ltr'><strong>temporibus</strong></span> <span class='ocrx_word' id='word_1_265' title='bbox 707 2202 748 2229; x_wconf 86' lang='lat' dir='ltr'><strong>ut</strong></span> <span class='ocrx_word' id='word_1_266' title='bbox 771 2202 948 2230; x_wconf 82' lang='lat' dir='ltr'><strong>torrentes</strong></span> <span class='ocrx_word' id='word_1_267' title='bbox 972 2197 1146 2231; x_wconf 88' lang='lat' dir='ltr'><strong>imbribus</strong></span> <span class='ocrx_word' id='word_1_268' title='bbox 1172 2204 1208 2232; x_wconf 85' lang='lat' dir='ltr'><strong>et</strong></span> <span class='ocrx_word' id='word_1_269' title='bbox 1231 2199 1436 2233; x_wconf 87' lang='lat' dir='ltr'><strong>turbinibus</strong></span> <span class='ocrx_word' id='word_1_270' title='bbox 1464 2200 1581 2232; x_wconf 86' lang='lat' dir='ltr'><strong>undae</strong></span> <span class='ocrx_word' id='word_1_271' title='bbox 1599 2205 1716 2233; x_wconf 83' lang='lat' dir='ltr'><strong>tume-</strong></span> 
     </span>
     <span class='ocr_line' id='line_1_32' title="bbox 284 2241 1717 2287; baseline 0.003 -12"><span class='ocrx_word' id='word_1_272' title='bbox 284 2241 410 2281; x_wconf 84' lang='lat' dir='ltr'><strong>factus,</strong></span> <span class='ocrx_word' id='word_1_273' title='bbox 437 2251 455 2273; x_wconf 72' lang='grc' dir='ltr'><strong>Β</strong></span> <span class='ocrx_word' id='word_1_274' title='bbox 478 2251 585 2284; x_wconf 88' lang='lat' dir='ltr'><strong>parvo</strong></span> <span class='ocrx_word' id='word_1_275' title='bbox 614 2253 759 2286; x_wconf 81' lang='lat' dir='ltr'><strong>magnus</strong></span> <span class='ocrx_word' id='word_1_276' title='bbox 790 2244 918 2276; x_wconf 78' lang='lat' dir='ltr'><strong>extitit.</strong></span> <span class='ocrx_word' id='word_1_277' title='bbox 942 2244 1051 2287; x_wconf 84' lang='lat' dir='ltr'><strong>Argos</strong></span> <span class='ocrx_word' id='word_1_278' title='bbox 1080 2245 1181 2286; x_wconf 90' lang='lat' dir='ltr'><strong>dolo,</strong></span> <span class='ocrx_word' id='word_1_279' title='bbox 1211 2245 1419 2279; x_wconf 88' lang='lat' dir='ltr'><strong>Corinthum</strong></span> <span class='ocrx_word' id='word_1_280' title='bbox 1441 2246 1629 2279; x_wconf 83' lang='lat' dir='ltr'><strong>latrocinio</strong></span> <span class='ocrx_word' id='word_1_281' title='bbox 1657 2257 1717 2279; x_wconf 81' lang='lat' dir='ltr'><strong>ce-</strong></span> 
     </span>
     <span class='ocr_line' id='line_1_33' title="bbox 285 2286 1717 2336; baseline 0.004 -17"><span class='ocrx_word' id='word_1_282' title='bbox 285 2287 362 2332; x_wconf 78' lang='lat' dir='ltr'><strong>pit3</strong></span> <span class='ocrx_word' id='word_1_283' title='bbox 389 2292 425 2320; x_wconf 88' lang='lat' dir='ltr'><strong>et</strong></span> <span class='ocrx_word' id='word_1_284' title='bbox 440 2286 629 2330; x_wconf 84' lang='lat' dir='ltr'><strong>grassando</strong></span> <span class='ocrx_word' id='word_1_285' title='bbox 663 2288 816 2321; x_wconf 88' lang='lat' dir='ltr'><strong>subinde</strong></span> <span class='ocrx_word' id='word_1_286' title='bbox 850 2301 1053 2334; x_wconf 89' lang='lat' dir='ltr'><strong>progressus</strong></span> <span class='ocrx_word' id='word_1_287' title='bbox 1087 2292 1183 2336; x_wconf 77' lang='lat' dir='ltr'><strong>ipsas</strong></span> <span class='ocrx_word' id='word_1_288' title='bbox 1207 2291 1363 2325; x_wconf 83' lang='lat' dir='ltr'><strong>Athenas</strong></span> <span class='ocrx_word' id='word_1_289' title='bbox 1385 2304 1463 2325; x_wconf 90' lang='lat' dir='ltr'><strong>cum</strong></span> <span class='ocrx_word' id='word_1_290' title='bbox 1485 2292 1628 2325; x_wconf 82' lang='lat' dir='ltr'><strong>bellicis</strong></span> <span class='ocrx_word' id='word_1_291' title='bbox 1650 2304 1717 2326; x_wconf 83' lang='lat' dir='ltr'><strong>na-</strong></span> 
     </span>
     <span class='ocr_line' id='line_1_34' title="bbox 285 2333 1715 2383; baseline 0.003 -16"><span class='ocrx_word' id='word_1_292' title='bbox 285 2333 390 2367; x_wconf 89' lang='lat' dir='ltr'><strong>vibus</strong></span> <span class='ocrx_word' id='word_1_293' title='bbox 416 2338 453 2365; x_wconf 86' lang='lat' dir='ltr'><strong>et</strong></span> <span class='ocrx_word' id='word_1_294' title='bbox 480 2333 638 2366; x_wconf 79' lang='lat' dir='ltr'><strong>exercitu</strong></span> <span class='ocrx_word' id='word_1_295' title='bbox 660 2345 725 2378; x_wconf 90' lang='lat' dir='ltr'><strong>per</strong></span> <span class='ocrx_word' id='word_1_296' title='bbox 748 2335 919 2368; x_wconf 89' lang='lat' dir='ltr'><strong>Isthmum</strong></span> <span class='ocrx_word' id='word_1_297' title='bbox 945 2336 1111 2370; x_wconf 84' lang='lat' dir='ltr'><strong>traducto</strong></span> <span class='ocrx_word' id='word_1_298' title='bbox 1145 2343 1198 2371; x_wconf 86' lang='lat' dir='ltr'><strong>est</strong></span> <span class='ocrx_word' id='word_1_299' title='bbox 1221 2337 1382 2379; x_wconf 80' lang='lat' dir='ltr'><strong>adortus,</strong></span> <span class='ocrx_word' id='word_1_300' title='bbox 1409 2349 1450 2371; x_wconf 87' lang='lat' dir='ltr'><strong>ea</strong></span> <span class='ocrx_word' id='word_1_301' title='bbox 1474 2349 1536 2383; x_wconf 88' lang='lat' dir='ltr'><strong>spe</strong></span> <span class='ocrx_word' id='word_1_302' title='bbox 1561 2349 1598 2371; x_wconf 92' lang='lat' dir='ltr'><strong>se</strong></span> <span class='ocrx_word' id='word_1_303' title='bbox 1626 2340 1715 2372; x_wconf 87' lang='lat' dir='ltr'><strong>arcis</strong></span> 
     </span>
     <span class='ocr_line' id='line_1_35' title="bbox 288 2379 1716 2428; baseline 0.004 -15"><span class='ocrx_word' id='word_1_304' title='bbox 288 2380 395 2413; x_wconf 79' lang='lat' dir='ltr'><strong>facile</strong></span> <span class='ocrx_word' id='word_1_305' title='bbox 429 2379 647 2424; x_wconf 84' lang='lat' dir='ltr'><strong>potiturum,</strong></span> <span class='ocrx_word' id='word_1_306' title='bbox 688 2385 750 2414; x_wconf 84' lang='lat' dir='ltr'><strong>aut</strong></span> <span class='ocrx_word' id='word_1_307' title='bbox 781 2382 955 2415; x_wconf 87' lang='lat' dir='ltr'><strong>machinis</strong></span> <span class='ocrx_word' id='word_1_308' title='bbox 990 2382 1153 2417; x_wconf 85' lang='lat' dir='ltr'><strong>adductis</strong></span> <span class='ocrx_word' id='word_1_309' title='bbox 1187 2383 1333 2416; x_wconf 82' lang='lat' dir='ltr'><strong>imbelle</strong></span> <span class='ocrx_word' id='word_1_310' title='bbox 1366 2386 1585 2428; x_wconf 75' lang='lat' dir='ltr'><strong>praesidium</strong></span> <span class='ocrx_word' id='word_1_311' title='bbox 1609 2385 1716 2418; x_wconf 77' lang='lat' dir='ltr'><strong>facile</strong></span> 
     </span>
     <span class='ocr_line' id='line_1_36' title="bbox 286 2426 1717 2477; baseline 0.003 -17"><span class='ocrx_word' id='word_1_312' title='bbox 286 2426 506 2460; x_wconf 86' lang='lat' dir='ltr'><strong>territurum.</strong></span> <span class='ocrx_word' id='word_1_313' title='bbox 538 2430 717 2458; x_wconf 84' lang='lat' dir='ltr'><strong>caeterum</strong></span> <span class='ocrx_word' id='word_1_314' title='bbox 737 2438 777 2459; x_wconf 83' lang='lat' dir='ltr'><strong>ea</strong></span> <span class='ocrx_word' id='word_1_315' title='bbox 796 2429 954 2471; x_wconf 85' lang='lat' dir='ltr'><strong>agitabat</strong></span> <span class='ocrx_word' id='word_1_316' title='bbox 976 2430 1094 2462; x_wconf 85' lang='lat' dir='ltr'><strong>animo</strong></span> <span class='ocrx_word' id='word_1_317' title='bbox 1110 2435 1146 2463; x_wconf 85' lang='lat' dir='ltr'><strong>et</strong></span> <span class='ocrx_word' id='word_1_318' title='bbox 1165 2430 1294 2463; x_wconf 84' lang='lat' dir='ltr'><strong>frustra</strong></span> <span class='ocrx_word' id='word_1_319' title='bbox 1314 2431 1527 2472; x_wconf 81' lang='lat' dir='ltr'><strong>conabatur,</strong></span> <span class='ocrx_word' id='word_1_320' title='bbox 1553 2443 1645 2477; x_wconf 88' lang='lat' dir='ltr'><strong>quae</strong></span> <span class='ocrx_word' id='word_1_321' title='bbox 1669 2431 1717 2465; x_wconf 86' lang='lat' dir='ltr'><strong>ad</strong></span> 
     </span>
     <span class='ocr_line' id='line_1_37' title="bbox 291 2471 1718 2523; baseline 0.004 -17"><span class='ocrx_word' id='word_1_322' title='bbox 291 2473 426 2506; x_wconf 77' lang='lat' dir='ltr'><strong>exitum</strong></span> <span class='ocrx_word' id='word_1_323' title='bbox 457 2471 605 2516; x_wconf 90' lang='lat' dir='ltr'><strong>perduci</strong></span> <span class='ocrx_word' id='word_1_324' title='bbox 642 2484 715 2505; x_wconf 89' lang='lat' dir='ltr'><strong>non</strong></span> <span class='ocrx_word' id='word_1_325' title='bbox 752 2479 929 2517; x_wconf 88' lang='lat' dir='ltr'><strong>poterant.</strong></span> <span class='ocrx_word' id='word_1_326' title='bbox 963 2486 1046 2507; x_wconf 89' lang='lat' dir='ltr'><strong>nam</strong></span> <span class='ocrx_word' id='word_1_327' title='bbox 1067 2475 1286 2509; x_wconf 85' lang='lat' dir='ltr'><strong>Athenarum</strong></span> <span class='ocrx_word' id='word_1_328' title='bbox 1322 2488 1477 2511; x_wconf 80' lang='lat' dir='ltr'><strong>summus</strong></span> <span class='ocrx_word' id='word_1_329' title='bbox 1501 2483 1621 2523; x_wconf 84' lang='lat' dir='ltr'><strong>pastor</strong></span> <span class='ocrx_word' id='word_1_330' title='bbox 1645 2477 1718 2511; x_wconf 88' lang='lat' dir='ltr'><strong>Mi-</strong></span> 
     </span>
     <span class='ocr_line' id='line_1_38' title="bbox 291 2517 1715 2566; baseline 0.004 -14"><span class='ocrx_word' id='word_1_331' title='bbox 291 2519 395 2552; x_wconf 87' lang='lat' dir='ltr'><strong>chael</strong></span> <span class='ocrx_word' id='word_1_332' title='bbox 420 2517 632 2559; x_wconf 84' lang='lat' dir='ltr'><strong>Choniates‚</strong></span> <span class='ocrx_word' id='word_1_333' title='bbox 670 2519 779 2552; x_wconf 83' lang='lat' dir='ltr'><strong>frater</strong></span> <span class='ocrx_word' id='word_1_334' title='bbox 813 2531 911 2553; x_wconf 81' lang='lat' dir='ltr'><strong>meus</strong></span> <span class='ocrx_word' id='word_1_335' title='bbox 941 2520 1054 2565; x_wconf 90' lang='lat' dir='ltr'><strong>(meus</strong></span> <span class='ocrx_word' id='word_1_336' title='bbox 1081 2523 1246 2566; x_wconf 86' lang='lat' dir='ltr'><strong>inquam:</strong></span> <span class='ocrx_word' id='word_1_337' title='bbox 1270 2534 1352 2555; x_wconf 78' lang='lat' dir='ltr'><strong>nam</strong></span> <span class='ocrx_word' id='word_1_338' title='bbox 1383 2524 1482 2557; x_wconf 77' lang='lat' dir='ltr'><strong>laudi</strong></span> <span class='ocrx_word' id='word_1_339' title='bbox 1508 2523 1596 2557; x_wconf 87' lang='lat' dir='ltr'><strong>mihi</strong></span> <span class='ocrx_word' id='word_1_340' title='bbox 1624 2524 1715 2557; x_wconf 88' lang='lat' dir='ltr'><strong>duco</strong></span> 
     </span>
     <span class='ocr_line' id='line_1_39' title="bbox 293 2565 1716 2615; baseline 0.004 -16"><span class='ocrx_word' id='word_1_341' title='bbox 293 2565 540 2610; x_wconf 87' lang='lat' dir='ltr'><strong>cognationem</strong></span> <span class='ocrx_word' id='word_1_342' title='bbox 572 2565 669 2604; x_wconf 82' lang='lat' dir='ltr'><strong>eius,</strong></span> <span class='ocrx_word' id='word_1_343' title='bbox 707 2571 744 2598; x_wconf 85' lang='lat' dir='ltr'><strong>et</strong></span> <span class='ocrx_word' id='word_1_344' title='bbox 778 2566 810 2598; x_wconf 88' lang='lat' dir='ltr'><strong>ei</strong></span> <span class='ocrx_word' id='word_1_345' title='bbox 840 2577 896 2599; x_wconf 88' lang='lat' dir='ltr'><strong>me</strong></span> <span class='ocrx_word' id='word_1_346' title='bbox 923 2568 1095 2611; x_wconf 87' lang='lat' dir='ltr'><strong>sanguine</strong></span> <span class='ocrx_word' id='word_1_347' title='bbox 1123 2569 1365 2614; x_wconf 88' lang='lat' dir='ltr'><strong>propinquum</strong></span> <span class='ocrx_word' id='word_1_348' title='bbox 1390 2581 1467 2604; x_wconf 88' lang='lat' dir='ltr'><strong>esse</strong></span> <span class='ocrx_word' id='word_1_349' title='bbox 1491 2570 1648 2615; x_wconf 87' lang='lat' dir='ltr'><strong>gaudeo,</strong></span> <span class='ocrx_word' id='word_1_350' title='bbox 1670 2571 1716 2603; x_wconf 89' lang='lat' dir='ltr'><strong>li-</strong></span> 
     </span>
     <span class='ocr_line' id='line_1_40' title="bbox 293 2612 1716 2662; baseline 0.004 -18"><span class='ocrx_word' id='word_1_351' title='bbox 293 2618 350 2645; x_wconf 88' lang='lat' dir='ltr'><strong>cet</strong></span> <span class='ocrx_word' id='word_1_352' title='bbox 373 2623 392 2643; x_wconf 83' lang='lat' dir='ltr'><strong>a</strong></span> <span class='ocrx_word' id='word_1_353' title='bbox 416 2612 548 2644; x_wconf 86' lang='lat' dir='ltr'><strong>virtute</strong></span> <span class='ocrx_word' id='word_1_354' title='bbox 574 2617 610 2645; x_wconf 81' lang='lat' dir='ltr'><strong>et</strong></span> <span class='ocrx_word' id='word_1_355' title='bbox 634 2612 842 2657; x_wconf 82' lang='lat' dir='ltr'><strong>eloquentia</strong></span> <span class='ocrx_word' id='word_1_356' title='bbox 867 2614 943 2646; x_wconf 89' lang='lat' dir='ltr'><strong>eius</strong></span> <span class='ocrx_word' id='word_1_357' title='bbox 974 2614 1269 2662; x_wconf 79' lang='lat' dir='ltr'><strong>remotissimus),</strong></span> <span class='ocrx_word' id='word_1_358' title='bbox 1297 2627 1376 2649; x_wconf 90' lang='lat' dir='ltr'><strong>cum</strong></span> <span class='ocrx_word' id='word_1_359' title='bbox 1401 2618 1455 2650; x_wconf 92' lang='lat' dir='ltr'><strong>sui</strong></span> <span class='ocrx_word' id='word_1_360' title='bbox 1477 2618 1633 2650; x_wconf 87' lang='lat' dir='ltr'><strong>muneris</strong></span> <span class='ocrx_word' id='word_1_361' title='bbox 1657 2627 1716 2650; x_wconf 80' lang='lat' dir='ltr'><strong>es—</strong></span> 
     </span>
     <span class='ocr_line' id='line_1_41' title="bbox 295 2658 1717 2705; baseline 0.002 -13"><span class='ocrx_word' id='word_1_362' title='bbox 295 2669 331 2692; x_wconf 90' lang='lat' dir='ltr'><strong>se</strong></span> <span class='ocrx_word' id='word_1_363' title='bbox 367 2658 587 2701; x_wconf 77' lang='lat' dir='ltr'><strong>intelligeret</strong></span> <span class='ocrx_word' id='word_1_364' title='bbox 622 2659 770 2691; x_wconf 88' lang='lat' dir='ltr'><strong>consilio</strong></span> <span class='ocrx_word' id='word_1_365' title='bbox 809 2665 846 2691; x_wconf 87' lang='lat' dir='ltr'><strong>et</strong></span> <span class='ocrx_word' id='word_1_366' title='bbox 868 2659 1033 2704; x_wconf 87' lang='lat' dir='ltr'><strong>precibus</strong></span> <span class='ocrx_word' id='word_1_367' title='bbox 1060 2671 1133 2694; x_wconf 87' lang='lat' dir='ltr'><strong>rem</strong></span> <span class='ocrx_word' id='word_1_368' title='bbox 1161 2661 1343 2705; x_wconf 88' lang='lat' dir='ltr'><strong>publicam</strong></span> <span class='ocrx_word' id='word_1_369' title='bbox 1366 2664 1507 2705; x_wconf 84' lang='lat' dir='ltr'><strong>iuvare,</strong></span> <span class='ocrx_word' id='word_1_370' title='bbox 1533 2664 1632 2696; x_wconf 84' lang='lat' dir='ltr'><strong>Scuri</strong></span> <span class='ocrx_word' id='word_1_371' title='bbox 1659 2671 1717 2696; x_wconf 87' lang='lat' dir='ltr'><strong>ca-</strong></span> 
     </span>
     <span class='ocr_line' id='line_1_42' title="bbox 295 2705 1716 2756; baseline 0.004 -18"><span class='ocrx_word' id='word_1_372' title='bbox 295 2705 376 2738; x_wconf 87' lang='lat' dir='ltr'><strong>stris</strong></span> <span class='ocrx_word' id='word_1_373' title='bbox 399 2705 501 2746; x_wconf 86' lang='lat' dir='ltr'><strong>visis,</strong></span> <span class='ocrx_word' id='word_1_374' title='bbox 526 2705 585 2750; x_wconf 90' lang='lat' dir='ltr'><strong>pie</strong></span> <span class='ocrx_word' id='word_1_375' title='bbox 614 2716 692 2739; x_wconf 86' lang='lat' dir='ltr'><strong>cum</strong></span> <span class='ocrx_word' id='word_1_376' title='bbox 720 2716 761 2739; x_wconf 87' lang='lat' dir='ltr'><strong>eo</strong></span> <span class='ocrx_word' id='word_1_377' title='bbox 784 2717 885 2751; x_wconf 79' lang='lat' dir='ltr'><strong>agere</strong></span> <span class='ocrx_word' id='word_1_378' title='bbox 909 2706 1087 2749; x_wconf 84' lang='lat' dir='ltr'><strong>instituit,</strong></span> <span class='ocrx_word' id='word_1_379' title='bbox 1114 2719 1159 2741; x_wconf 75' lang='lat' dir='ltr'><strong>an</strong></span> <span class='ocrx_word' id='word_1_380' title='bbox 1183 2708 1386 2752; x_wconf 85' lang='lat' dir='ltr'><strong>hominem,</strong></span> <span class='ocrx_word' id='word_1_381' title='bbox 1410 2710 1616 2756; x_wconf 86' lang='lat' dir='ltr'><strong>praesertim</strong></span> <span class='ocrx_word' id='word_1_382' title='bbox 1642 2720 1716 2744; x_wconf 84' lang='lat' dir='ltr'><strong>non</strong></span> 
     </span>
    </p>
   </div>
  </div>
 </body>
</html>
