1878 3230
264 169 374 226 338
687 181 917 225 N1CETAE
957 180 1268 223 cnomA'rAr,

260 282 452 339 ἑσπερίου
488 282 641 334 λήξεως
686 277 759 320 καί
805 275 1035 332 ἇνάρρυσιν
1084 276 1362 331 αἰχμαλώτων
1397 276 1469 318 καὶ
1505 277 1683 334 χορηγὸν

223 351 463 390 Βπλείστων
491 343 596 386 ὅσων
623 341 773 398 ἑτέρων
799 339 1075 385 συνοισόντων
1101 343 1233 399 κοινῇ.
1286 339 1359 383 καί
1381 339 1426 384 τὸ
1444 343 1684 397 βραχυσύλ·

258 416 384 465 λαβον
415 412 532 452 τοῦτο
560 408 850 464 γραμμάτιον,
877 406 988 450 καθά
1017 422 1079 456 τις
1106 405 1366 462 εὐρυχανδῆς
1394 405 1630 461 ζωμήρυσις
1656 406 1685 464 ἢ

259 474 543 523 Ποσειδώνιος
580 472 746 528 τρίαινα
784 468 812 527 ἢ
837 474 938 527 γοῦν
973 471 1020 514 τὸ
1063 473 1221 528 εὐφυὲς
1247 472 1319 526 τῆς
1339 468 1499 527 Ἔριδος
1527 472 1681 527 μῆλον,

256 542 327 595 τὴν
343 555 386 582 τε
411 540 585 581 σύνοδον
604 536 818 593 διεκύκησε
838 537 912 580 καί
925 539 994 593 τῆς
1009 534 1235 592 συγκλήτου
1257 538 1384 593 μέρος
1411 534 1562 579 ὁπόσον
1587 538 1684 592 περὶ
1695 540 1720 581 5

255 605 299 648 τὸ
347 606 500 660 κρίνειν
543 606 778 659 διέστησεν,
825 600 855 658 ἢ
889 603 1168 658 ἀληθέστερον
1199 603 1330 645 εἰπεῖν
1370 605 1461 644 κατ’
1497 599 1686 657 α’λλὴλων

256 669 468 726 ἐφώπλισε
492 671 566 712 καί
595 671 654 719 εἰς
679 671 829 724 μοίρας
856 668 1046 717 ἐναντίας
1071 667 1280 723 ἀπέκρινε.
1331 665 1521 723 χρήμασι
1538 665 1619 722 γάρ
1648 664 1688 709 οἱ

256 739 442 777 πλεῖστοι
469 733 629 776 τούτων
671 736 1014 788 καθυπαχθὲντες
1040 732 1114 776 καί
1137 731 1269 786 τιμαῗν
1295 732 1524 787 α’ναβάσεσι
1549 735 1688 785 μαλα-

255 802 428 854 χθέντες
457 796 721 853 ἐπευδόκουν,
755 796 811 848 ὥς
840 798 916 840 οὐκ
945 794 1123 854 ὤφελον,
1154 793 1222 840 οἶα
1249 796 1309 853 μὴ
1338 799 1604 854 κεκωλυμὲνῳ
1632 798 1690 853 τῷ

255 865 390 922 γάμῳ.
448 864 486 906 οἱ
517 866 563 906 δὲ
590 863 846 920 θρασύτεροι
870 866 952 906 τῶν
981 865 1185 906 δικαστῶν
1212 865 1285 905 καί
1299 868 1568 919 ψηφοφαγεῖν
1592 863 1689 904 εἶω-
1705 879 1751 905 ιο

255 930 375 979 &drag
402 932 475 972 καί
501 928 604 972 κατὰ
637 927 735 979 τούς
763 934 1004 985 περιφανεῖς
1043 927 1334 983 οἷγυρτεύοντες
1366 927 1525 981 οἴκους,
1554 931 1627 970 καί
1650 929 1690 971 οἱ

216 993 510 1051 ρφιλόχρυσοι
542 997 623 1037 τῶν
660 997 706 1038 ἐκ
733 997 806 1050 τῆς
839 992 1019 1037 συνόδου
1065 993 1138 1036 καί
1163 993 1438 1049 θεοκαπηλοι,
1463 995 1569 1048 μηδὲ
1589 1010 1690 1048 συγ-

120 1073 160 1108 V.
182 1075 243 1111 133
254 1064 416 1116 γε’νειαν
452 1061 729 1115 ἐπισύρεσθαι
755 1054 996 1102 διετείνοντο
1023 1059 1075 1101 τὰ
1104 1057 1458 1116 συναφθησόμενα
1487 1059 1689 1113 πρόσωπα

255 1126 326 1169 διὰ
357 1127 401 1168 τὸ
436 1128 479 1176 ἐξ
527 1127 736 1179 ἀθεμίτων
768 1123 959 1168 ἓνω’σεων
988 1124 1209 1181 ἀμφότερα
1235 1127 1482 1180 γεγενῆσθαι
1508 1126 1580 1166 καί
1605 1130 1691 1174 τοῖς

252 1192 395 1245 νόμοις
423 1190 475 1234 τὰ
503 1190 641 1234 τοιάδε
681 1189 873 1246 κυήματα
914 1192 1260 1245 α’νεπικοινώνητα
1283 1191 1520 1244 συγγενείας
1548 1192 1619 1232 καί
1645 1191 1690 1231 ἑκ
1706 1187 1754 1229 15

254 1258 483 1311 διαμέτρου
515 1257 739 1311 α’φεστῶτα
766 1255 1005 1310 λογίζεσθαι
1025 1272 1036 1282 ·
1093 1257 1165 1296 καί
1195 1255 1360 1308 ἀμαθὲς
1390 1255 1437 1296 δὲ
1463 1252 1603 1309 ἔλεγον
1630 1251 1690 1296 εἶ.

252 1339 323 1364 ναι
350 1321 424 1363 καί
447 1319 491 1363 τὸ
523 1321 690 1364 οἴεσθαι
717 1317 825 1370 ὅλως
852 1322 940 1362 δεῖν
967 1320 1039 1362 ὑπ’
1068 1321 1257 1370 ἐξέτασιν
1284 1321 1450 1362 πίπτειν
1474 1322 1690 1374 ἐκδηλοτέ-

254 1402 334 1441 ραν
372 1386 489 1442 ἡλίου
524 1386 743 1431 ὖπόθεσιν.
814 1384 853 1427 οἱ
894 1387 936 1427 δ’
965 1386 1055 1428 οὐδ’
1083 1380 1226 1439 ἄκροις
1254 1380 1335 1426 ὦσί
1360 1383 1691 1439 παραδεχόμενοι

252 1450 305 1493 τὰ
333 1450 621 1507 φθεγγόμενα,
669 1452 740 1493 καί
783 1450 840 1499 ὥς
876 1447 1144 1504 ἀγχωμάλως
1173 1446 1315 1498 ὅπλοις
1343 1454 1426 1498 τοῖς
1453 1448 1595 1502 νόμοις
1616 1449 1691 1498 τὰς

251 1514 489 1571 προσβολὰς
518 1516 655 1558 αὐτῶν
686 1516 1005 1570 οἷπρακτοῦντες,
1033 1516 1140 1569 μηδὲ
1169 1516 1480 1570 συγχωροῦντες
1508 1517 1557 1572 τῇ
1583 1513 1690 1568 πρά-
1702 1530 1754 1556 20

251 1582 312 1630 ξει
343 1581 400 1629 ὥς
430 1580 763 1636 ἀθεμιτογα,ιιιάς
798 1582 929 1637 μεστῇ
966 1580 1211 1622 ἄντέπιπτον
1239 1579 1528 1634 γενναιότερον.
1584 1574 1692 1634 ἦσαν

254 1648 290 1687 δ’
336 1645 374 1686 οἱ
407 1644 482 1700 τὴν
521 1649 741 1701 καλλίστην
785 1644 940 1701 ταύτην
977 1645 1265 1700 εἰσηγούμενοι
1300 1643 1493 1700 γνώμην,
1522 1644 1594 1687 καὶ
1621 1645 1693 1700 τῆς

254 1709 388 1764 πάλης
425 1712 498 1764 τῆς
543 1711 792 1764 κρείττονος,
836 1713 1011 1765 βραχεῖς
1060 1711 1106 1750 ἐκ
1134 1711 1218 1751 τῶν
1250 1708 1482 1765 ἀρχιερέων
1512 1710 1585 1752 καί
1610 1711 1692 1752 τῶν

212 1776 472 1832 Βέντρόφων
499 1778 574 1818 τοῦ
599 1773 787 1831 βήματος
805 1778 880 1818 καί
903 1791 1010 1824 τινες
1036 1771 1281 1818 εὐσύνοπτοι
1305 1777 1389 1816 τῶν
1417 1777 1490 1831 τῆς
1516 1774 1695 1831 συγκλή-

348 1866 382 1899 3.
411 1864 547 1898 τούτου
572 1866 612 1898 Α.
706 1866 737 1900 5.
765 1866 828 1898 καὶ
852 1863 892 1899 τὸ
923 1866 986 1905 τῆς
1010 1865 1050 1897 Α.
1143 1873 1194 1898 ιο.
1219 1863 1422 1911 δικαστῶν]
1449 1865 1635 1909 κληρωτῶν
1655 1863 1693 1898 Β.

353 1922 405 1944 ιι.
431 1913 559 1948 οἴκους
588 1909 652 1949 οὓς
677 1914 741 1945 καὶ
761 1908 1060 1947 emmenum&
1084 1910 1316 1956 ὀνομάζουσι
1328 1911 1363 1942 Β.
1440 1920 1490 1943 12.
1515 1913 1556 1945 ἐκ
1579 1921 1636 1944 om
1652 1912 1693 1944 A.

354 1959 405 1992 16.
430 1956 470 1991 δὲ
497 1968 555 1990 om
576 1958 616 1991 A.
692 1960 743 1992 ι8.
769 1958 808 1991 οἱ
834 1957 880 2004 δ’]
910 1956 1032 2000 ἕτεροι
1056 1955 1095 1990 δὲ
1117 1955 1202 2002 μηδ’
1226 1957 1266 1989 A.
1345 1969 1393 2001 ¹9·
1416 1955 1461 1989 τιὶ
1485 1977 1532 1984 --
1558 1959 1693 2004 νόμοις

348 2014 406 2036 om
435 2005 475 2039 A.
569 2014 625 2038 20.
654 2001 957 2049 ἄπρακτοϋντες].
977 2001 1284 2048 α’ποκρουόμενοι
1299 2004 1394 2049 μηδὲ
1416 2012 1527 2049 συγχ.
1552 2005 1693 2051 προβῆ-

348 2061 414 2084 ναι
437 2043 507 2084 τδν
529 2050 661 2096 γάμον
684 2049 733 2087 ὥς
756 2050 1058 2096 οἰθεμιτογαμίας
1083 2055 1290 2095 μετέχοντα
1318 2050 1357 2081 Α.

259 2128 344 2150 num
369 2117 550 2150 ebulliens
573 2123 637 2152 aut
663 2118 866 2163 Neptunius
892 2118 1050 2158 tridens,
1075 2123 1138 2150 aut
1174 2117 1358 2160 ingeniose
1384 2116 1574 2149 confictum
1599 2117 1693 2151 illud

259 2164 502 2197 contentionis
531 2174 698 2208 pomum,
726 2164 918 2197 concilium
941 2164 1169 2209 permiscuit;
1198 2169 1235 2196 et
1257 2163 1351 2196 inter
1373 2163 1573 2196 senatorios
1596 2164 1694 2197 iudi-

261 2221 318 2242 ces
348 2220 470 2242 omnes
499 2210 689 2243 dissidium
717 2211 857 2252 effecit,
887 2216 950 2244 aut
974 2215 1015 2243 ut
1040 2210 1157 2243 verius
1182 2209 1316 2250 dicam,
1346 2209 1436 2242 alios
1459 2209 1497 2242 in
1522 2210 1613 2244 alios
1637 2222 1693 2244 ar-

260 2256 372 2289 mavit
398 2261 434 2289 et
457 2256 495 2288 in
520 2258 715 2290 contrarias
739 2258 839 2291 velut
864 2258 957 2290 acies
981 2256 1156 2289 distraxit.
1182 2266 1262 2288 nam
1289 2266 1412 2288 eorum
1435 2256 1589 2289 maxima
1612 2268 1693 2302 pars

263 2307 429 2345 corrupta
453 2303 707 2346 largitionibus
722 2329 731 2344 ‚
757 2308 795 2336 et
818 2302 1090 2348 amplificandae
1113 2302 1297 2346 dignitatis
1321 2302 1631 2346 promissionibus,
1654 2303 1695 2336 id

264 2348 468 2391 coniugium
494 2355 535 2382 ut
557 2349 698 2382 licitum
725 2349 850 2395 (quod
883 2350 1021 2382 utinam
1048 2349 1180 2381 factum
1211 2358 1285 2380 non
1325 2348 1443 2394 esset)
1473 2349 1693 2393 approbavit.

265 2394 403 2427 iudices
426 2405 510 2426 vero
537 2395 745 2428 audaciores
760 2419 770 2436 ‚
802 2395 865 2440 qui
889 2406 1076 2440 procerum
1109 2394 1215 2427 aedes
1251 2394 1481 2438 frequentare
1506 2406 1547 2427 ac
1569 2398 1695 2431 suffra-

266 2441 324 2485 gia
349 2441 520 2474 conviviis
546 2452 667 2474 eorum
697 2441 900 2474 condonare
928 2441 1066 2482 solent,
1092 2445 1129 2474 et
1151 2440 1314 2473 homines
1340 2441 1436 2473 avari
1460 2445 1496 2473 et
1519 2451 1574 2474 res
1602 2440 1695 2475 ‹livi-

265 2499 329 2521 nas
354 2487 546 2531 cauponari
562 2488 689 2528 .soliti‚
719 2498 776 2520 eas
803 2498 972 2531 personas
997 2488 1091 2520 inter
1120 2498 1158 2520 se
1184 2492 1350 2530 cognatas
1382 2497 1458 2519 esse
1494 2487 1695 2532 negabant,

266 2538 458 2578 propterea
484 2533 582 2578 quod
607 2544 650 2566 ex
673 2533 812 2566 illicitis
835 2533 970 2578 nuptiis
998 2538 1204 2578 procreatae
1228 2533 1321 2565 nihil
1349 2543 1428 2565 cum
1460 2533 1538 2566 iure
1565 2545 1695 2578 cogna-

266 2579 378 2613 tionis
403 2590 588 2613 commune
611 2579 786 2613 haberent
819 2590 859 2612 ac
883 2579 1122 2613 alienissimae
1145 2585 1368 2624 putarentur.
1393 2590 1470 2613 esse
1494 2584 1612 2613 autem
1636 2581 1696 2614 in·

268 2626 416 2666 scitiae,
440 2637 581 2659 causam
606 2627 682 2659 sole
708 2626 939 2659 illustriorem
955 2628 993 2659 in
1017 2627 1264 2671 quaestionem
1290 2627 1418 2659 vocari.
1443 2626 1507 2659 alii
1530 2637 1614 2660 vero
1637 2637 1696 2660 ar-

269 2672 445 2716 gumentis
463 2672 541 2706 istis
566 2672 672 2718 plane
690 2671 886 2718 repudiatis
905 2672 1045 2706 fortiter
1065 2671 1356 2712 adversabantur,
1380 2678 1416 2705 et
1432 2672 1577 2718 nuptias
1595 2673 1693 2713 istas.

269 2729 362 2764 quae
392 2719 549 2753 incestae
576 2724 713 2761 essent,
754 2718 947 2764 procedere
977 2729 1204 2766 nequaquam
1229 2718 1470 2766 patiebantur.
1501 2720 1577 2753 eius
1610 2719 1693 2766 pul-
