1838 3210
464 185 533 224 DE
570 181 822 224 MANUELE
864 180 1124 224 COMNENO
1168 182 1264 222 Lm.
1309 184 1340 221 1.
1544 181 1615 235 79

180 281 423 338 προήκοντες
441 316 450 334 ,
481 283 552 325 ἐπί
576 282 653 331 τὰς
678 283 836 337 πλαγίῳ
876 281 982 338 λόγῳ
1012 281 1218 338 ᾀδομένοις
1244 281 1407 335 χρυσᾶς
1435 277 1554 329 ἔννας
1577 278 1628 320 οἷ’

178 347 271 391 τότε
299 345 408 404 ἦσαν
446 345 849 404 παλινδρομήσαντες
877 343 1091 399 ἄνθ-ρωποι
1111 379 1122 398 ,
1161 347 1234 389 καί
1263 345 1411 401 σμήνει
1437 345 1619 404 ἐῴκεσαν

177 416 389 467 μελισσῶν
419 415 464 456 ἐκ
496 415 650 469 πέτρας
684 413 906 467 γλαφυρῆς
926 411 1138 467 βομβηδὸν
1161 411 1414 466 ἱπταμένων,
1442 407 1472 467 ἢ
1498 411 1621 468 οὐδὲν

179 481 263 522 τῶν
293 482 356 522 ἐπ’
403 480 556 535 α’γορᾶς
593 478 843 530 εἰλουμένων
884 479 1190 532 διενηνόχασιν,
1232 473 1322 521 ὅσοι
1356 477 1456 530 τούς
1497 481 1622 532 βασι·

141 544 320 595 ὄλικούς
366 547 590 600 χρυσῶνας
638 540 831 599 εἰσῄεσαν
885 541 1085 598 ὅποιουδή
1130 560 1239 593 τινος
1288 542 1624 601 φιλοτιμήματος

176 610 508 663 ἀπολαύσοντες,
543 609 598 659 ὦς
639 607 739 658 τούς
779 610 878 663 περὶ
911 614 1004 657 ταῖς
1039 609 1189 658 πύλαις
1221 609 1526 664 συνθλιβεσθαι
1550 610 1661 651 καίῦ

177 678 400 732 πράγματα
428 678 627 730 παρέχειν
655 675 729 716 καί
756 673 983 728 λαμβάνειν
1012 670 1255 728 α’μοιβαδόν,
1284 676 1383 725 τοὺς
1410 679 1488 730 μὲν
1507 678 1643 719 §usu

175 744 374 797 γομένους
402 742 594 793 εἰσιέναι,
621 740 720 790 τούς
750 742 796 782 δὲ
821 739 896 794 την
923 739 1064 791 ἔξοδον
1104 742 1444 795 ἐπισπέρχοντας.
1503 741 1623 797 ἡμεῖς

177 809 224 850 δὲ
250 809 364 857 κλέος
405 805 491 850 οἷον
518 806 733 860 ἀκούομεν.
791 800 844 861 ἦν
871 807 917 847 δὲ
947 806 1020 846 καί
1060 800 1196 854 ἄλλως
1221 805 1273 848 τὰ
1302 805 1419 849 κοινοὶ
1452 814 1625 861 ταμιεῖα

118 891 165 918 ιο
176 871 223 916 τὸ
251 875 343 915 κατ’
373 875 501 916 ἐκεῖνο
525 875 675 927 καιροῦ
704 874 749 915 ἐκ
798 869 948 914 τούτου
979 872 1039 920 εἷς
1063 873 1186 913 τοῦτο
1214 871 1526 932 ἐξερευγόμενα,
1554 876 1627 915 καί

175 937 280 982 κατὰ
326 939 403 989 τὰς
449 938 694 993 συναγωγάς
728 941 811 980 τῶν
845 936 1008 979 ὑδάτων
1050 935 1353 992 πλημμύροντα
1382 938 1458 980 καί
1484 954 1625 992 παρα-

174 1005 322 1048 πτύειν
346 1022 387 1047 τι
426 1008 507 1048 τῶν
535 1004 654 1047 ἔνδον
677 1003 784 1059 πρὸς
814 1002 912 1051 τοὺς
940 1001 1059 1051 ἐκτὸς
1086 1004 1158 1044 καί
1183 1004 1431 1056 πενομένους
1461 1005 1627 1046 ἐθέλον-

173 1087 224 1114 τα
239 1105 252 1125 ,
280 1068 358 1113 ὅσα
391 1073 463 1114 καί
497 1069 658 1126 γαστὴρ
703 1070 928 1124 ἐγγιζουσα
956 1070 1014 1125 τῷ
1041 1074 1174 1112 τεκεῖν
1199 1071 1273 1110 καί
1295 1071 1534 1124 βαρουμέι·η
1566 1073 1626 1128 ‘trio'

174 1133 424 1194 ὗπερτελείῳ
467 1138 543 1177 τοῦ
571 1135 950 1192 α’χθοφορηματος·
1006 1130 1032 1187 ἦ
1059 1131 1140 1189 γαρ
1167 1135 1324 1189 μερίδα
1355 1136 1415 1190 τῷ
1439 1138 1527 1192 θεῷ
1554 1138 1628 1177 καί

115 1206 162 1249 15
175 1205 234 1261 τῷ
276 1203 423 1258 δικαίῳ
461 1203 638 1243 διδοῦσα
677 1200 906 1258 φορολογία
946 1202 1024 1241 τοῦ
1048 1202 1255 1253 βασιλέως
1278 1201 1351 1241 καί
1379 1198 1537 1254 πατρὸς
1566 1205 1626 1258 τῷ

171 1270 345 1321 βασιλεῖ
383 1267 614 1322 Μανουήλ,
658 1269 732 1308 καί
760 1264 806 1308 τὸ
835 1265 892 1322 μη
920 1267 1003 1308 τῶν
1024 1264 1334 1319 δαπανημάτων
1362 1261 1523 1308 ἄσωτον
1551 1268 1625 1308 καί

173 1330 423 1385 ἀκόλαστον,
454 1335 516 1383 εἰς
549 1333 729 1389 σωρείας
764 1331 814 1374 τὰ
844 1330 1045 1387 χρήματα
1072 1332 1341 1385 ἐπεστοιβασε
1365 1333 1440 1373 καί
1465 1332 1665 1382 &Qud-D

171 1403 331 1454 χληκας
371 1399 485 1441 αὐτὰ
526 1397 794 1454 συναγήοχεν.
874 1394 927 1453 ἦν
964 1399 1023 1450 δ’,
1067 1396 1126 1446 ὥς
1161 1395 1292 1450 ἔοικε,
1329 1399 1402 1438 καί
1428 1397 1476 1439 τὸ
1506 1401 1623 1441 θεῖον

164 1467 426 1520 ’ἑπευλογοῦν
458 1467 533 1507 καί
577 1467 789 1520 πληθῦνον
829 1462 938 1505 αὕτα
976 1461 1083 1505 κατὰ
1122 1463 1167 1505 τὸ
1208 1466 1285 1504 τοῦ
1312 1464 1623 1518 ἐπαγγέλματος

109 1550 160 1578 20
174 1531 448 1586 α’διάπτωτον,
477 1531 502 1572 ὃ
527 1533 600 1573 καί
626 1532 756 1586 λῆψιν
773 1530 973 1585 ου’ρανίου
1005 1530 1236 1584 εἰσηγεῖται
1260 1532 1426 1583 μισθοῦ
1453 1532 1526 1572 καί
1550 1531 1625 1586 τὴν

173 1598 233 1647 εἰς
257 1595 304 1640 τὸ
329 1596 639 1641 πολλαπλάσιον
683 1594 972 1638 ἀνταπόδοσιν.
1030 1591 1121 1637 ἀλλ’
1142 1596 1208 1636 ὀυ’
1233 1594 1391 1649 μόνιμα
1419 1599 1477 1654 τῷ
1502 1600 1626 1650 βασι-

172 1667 242 1706 λεῖ
264 1662 479 1718 Μανουὴλ
504 1662 556 1706 τοὶ
600 1665 675 1716 τῆς
708 1664 883 1718 α’ρίστης
908 1661 1061 1716 ταύτης
1086 1662 1354 1716 προθέσεως,
1382 1661 1490 1704 ἄλλα
1516 1667 1625 1719 βρα-

170 1728 363 1784 χύχρονα
411 1731 486 1772 καί
518 1731 694 1784 ἐπίκηρα
712 1746 724 1757 ·
783 1730 827 1777 ἐς
855 1726 935 1782 γὰρ
967 1723 1124 1783 ἄνδρας
1152 1726 1308 1776 ἐλάσας
1336 1727 1624 1783 ἀρχικώτερόν

173 1811 220 1837 τε
247 1792 388 1850 ἥψατο
416 1797 500 1837 τῶν
524 1793 799 1850 πραγμάτων,
824 1798 910 1841 τοῖς
927 1791 1007 1834 ὑπὸ
1035 1798 1160 1847 χεῖρα
1189 1792 1240 1833 οὔ
1241 1809 1273 1846 χ
1300 1791 1358 1841 ὥς
1383 1794 1623 1850 ἐλευθέροις

108 1870 160 1912 25
176 1863 263 1903 ἄλλ’
305 1861 362 1911 ὥς
398 1865 622 1916 κληρωτοῖς
655 1859 890 1915 θεράπουσι
931 1856 1296 1915 προσφερόμενος,
1337 1856 1410 1900 καὶ
1443 1858 1518 1913 την
1550 1862 1622 1915 τῆς

274 1973 323 2007 ι3.
349 1971 413 2020 τῷ]
443 1973 510 2006 τοῦ
531 1972 568 2005 Α.

175 2067 295 2101 animo
331 2065 470 2100 fraudis
497 2071 535 2100 et
569 2066 788 2100 curiositatis
817 2071 975 2110 experte.
1005 2075 1088 2098 nam
1113 2069 1155 2098 ut
1179 2075 1198 2098 e
1223 2069 1313 2099 natu
1337 2065 1537 2100 maioribus
1562 2079 1622 2102 ae-

174 2115 352 2160 cepimus,
386 2113 486 2146 illius
513 2113 642 2147 aetatis
679 2113 843 2146 homines
870 2123 978 2145 aurea
1002 2110 1146 2144 saecula
1163 2136 1173 2152 ,
1197 2122 1291 2157 quae
1316 2112 1478 2158 obliquis
1502 2115 1622 2150 verbis

175 2159 418 2201 celebrantur,
443 2159 514 2194 sibi
535 2161 702 2194 restituta
724 2159 923 2204 putabant3
948 2164 986 2192 et
1012 2158 1076 2204 qui
1109 2157 1156 2191 ad
1195 2159 1319 2191 fiscum
1349 2159 1622 2204 imperatorium

174 2207 396 2243 accedebant
407 2233 416 2248 ‚
442 2207 667 2240 examinibus
682 2218 790 2252 apum
814 2211 917 2238 erant
933 2205 1068 2239 similes
1095 2215 1115 2237 e
1128 2216 1283 2238 concava
1300 2211 1405 2250 petra
1419 2218 1500 2241 cum
1518 2208 1622 2243 bom-

174 2255 232 2289 bis
257 2254 543 2300 provolantium,
570 2265 690 2299 neque
716 2253 904 2298 pauciores
928 2253 972 2285 iis
999 2253 1063 2297 qui
1088 2251 1127 2284 in
1151 2252 1230 2284 foro
1261 2254 1500 2296 conveniunt,
1526 2257 1623 2290 nulli

175 2313 252 2336 non
276 2300 454 2334 commodi
491 2300 631 2346 aliquid
670 2305 920 2346 expectantes,
960 2299 1052 2332 adeo
1085 2304 1127 2331 ut
1149 2298 1195 2331 ad
1226 2305 1348 2343 portas
1372 2308 1623 2345 premerentur

176 2349 331 2382 invicem
365 2354 475 2393 atque
509 2349 573 2381 alii
601 2348 692 2381 alios
730 2351 918 2391 urgerent,
943 2345 982 2379 hi
1005 2345 1170 2391 ingredi,
1195 2346 1252 2378 illi
1277 2346 1401 2391 egredi
1424 2359 1624 2394 properan-

175 2402 242 2430 tes.
266 2401 375 2439 atque
402 2394 491 2427 haec
514 2406 580 2428 nos
614 2394 816 2427 audivimus
845 2398 985 2426 tantum
1003 2418 1012 2434 ‚
1053 2403 1128 2426 non
1156 2393 1265 2426 etiam
1295 2393 1462 2430 vidimus.
1493 2397 1623 2430 eodem

176 2448 338 2487 tempore
365 2452 407 2474 ex
431 2432 595 2486 publicis'
614 2441 793 2474 thesauris
820 2439 975 2474 subinde
1000 2438 1143 2485 aliquid
1168 2439 1215 2472 ad
1239 2451 1439 2485 pauperum
1463 2445 1623 2478 necessi-

177 2494 269 2523 tates
296 2487 467 2521 levandas
494 2488 650 2532 benigne
675 2486 912 2521 redundabat.
944 2498 1027 2520 nam
1055 2485 1227 2519 Iohannis
1251 2488 1479 2531 imperatoris
1503 2491 1622 2524 tribu-

178 2541 239 2576 ta,
264 2534 360 2568 unde
389 2535 549 2568 iustitiae
575 2541 614 2568 et
637 2534 704 2568 deo
729 2546 810 2580 pars
836 2534 1011 2574 dabatur,
1040 2539 1078 2566 et
1103 2534 1196 2577 frugi
1220 2545 1447 2568 nummorum
1473 2536 1622 2582 dispen-

178 2581 270 2615 satio
285 2581 447 2615 Mauueli
470 2593 613 2615 acervos
633 2582 864 2627 pecuniarum
882 2581 1096 2625 reliquerat3
1122 2580 1323 2626 eademque
1345 2582 1504 2616 numinis
1530 2595 1623 2628 quo-

180 2638 250 2673 que
278 2627 482 2673 benignitas
505 2635 665 2670 auxerat,
691 2627 994 2674 quemadmodum
1022 2628 1061 2660 in
1089 2627 1275 2672 evangelio
1301 2633 1339 2662 et
1362 2640 1496 2663 merces
1526 2631 1625 2664 celo-³

180 2675 246 2708 stis
270 2680 307 2707 et
335 2675 526 2720 multiplex
560 2676 806 2721 compensatio
844 2680 942 2708 certo
967 2674 1202 2719 promittitur.
1227 2679 1386 2708 ceterum
1409 2676 1558 2710 Manuel
1582 2678 1622 2711 in

180 2721 317 2766 optimo
342 2720 410 2754 hoc
437 2722 604 2756 instituto
626 2734 701 2756 non
726 2722 788 2756 diu
811 2722 1021 2766 permansit.
1048 2732 1130 2753 nam
1153 2722 1209 2754 vir
1237 2721 1352 2755 factus
1377 2733 1442 2767 pro
1467 2724 1620 2768 imperio

180 2779 236 2802 res
266 2766 547 2811 administravit3
583 2775 620 2803 et
655 2780 716 2802 eos
754 2768 971 2814 quibuscum
998 2778 1052 2800 res
1072 2773 1169 2809 erat,
1193 2778 1266 2802 non
1293 2774 1334 2801 ut
1358 2769 1532 2813 ingenuos
1555 2772 1620 2805 sed
