1878 3230
261 158 375 236 424
661 180 888 222 NlcETAE
926 175 1238 220 CHOMATAE

249 287 324 328 τοῦ
351 283 474 330 ἔθους
498 279 647 323 τούτου
674 281 834 319 παῦσαι
864 273 1173 328 παραλογότητα
1190 306 1201 326 ,
1231 271 1303 314 καί
1329 275 1533 328 φακέλους
1561 276 1667 316 α’πο..

249 352 375 391 λῦσαι
405 342 693 397 διαταγμάτων
730 344 953 394 βασιλικῶν
993 338 1043 380 τὰ
1082 335 1283 393 άνήκεστα
1323 340 1670 389 διαπειλουμένων

248 418 331 461 τοῖς
354 410 633 460 ὁπλιζομένοις
660 405 765 448 κατὰ
792 405 943 447 πλοίων
968 407 1051 446 τῶν
1074 405 1271 457 ναυαγῶν
1297 403 1369 444 καί
1394 399 1671 456 διαρπάζωσι

248 476 297 518 τά
329 475 443 516 ἔνδον
470 475 625 514 αὐτῶν·
683 473 726 513 ἐν
753 470 969 526 γράμμασι
1001 471 1045 511 δὲ
1073 468 1214 522 μόνοις
1240 466 1292 508 τοὶ
1322 468 1493 509 τοιαῦτα
1522 467 1670 508 θεσπί-

249 556 388 592 σματα
421 541 606 590 κεῖσθαι,
637 532 703 578 οἷα
733 535 837 577 κατὰ
871 533 1059 576 κλύδωνα
1089 537 1164 576 τοῦ
1199 535 1330 573 κακοῦ
1355 532 1705 587 κορυφουμένουὸ

248 607 321 646 καί
348 602 579 656 μεταρσίως
608 603 828 656 αἰρομένου
856 602 928 642 καί
953 598 997 642 τὸ
1018 597 1231 653 βασιλικὸν
1251 599 1550 652 ἀπαλείφοντος
1577 596 1676 650 ἐρυ-

247 667 482 722 θρόδανον,
512 667 569 716 ὥς
595 668 773 722 γράφειν
804 662 1000 719 ἄντικρυς
1028 663 1123 714 τοὺς
1153 663 1387 719 γράφοντας
1413 664 1510 703 καθ’
1536 661 1676 715 ὑγρῶν

251 738 388 776 δοκεῖν
416 733 488 775 καί
511 731 873 787 ὑποσημαίνεσθαι
893 729 1029 785 μάτην
1049 728 1099 772 τά
1130 732 1259 772 οἰκεῖα
1278 726 1549 780 κελεύσματα.
1607 726 1674 780 (4)

247 802 321 841 καί
346 798 385 840 οἵ
413 801 490 852 μὲν
519 799 695 839 τοιαῦτα
723 798 987 852 ἐφθέγγοντο·
1042 794 1064 836 ὅ
1099 795 1144 836 δὲ
1172 796 1353 850 δριμέως
1381 791 1427 834 τὸ
1454 789 1677 847 περιεστώς

248 867 403 907 ἐκεῖνον
444 861 612 916 σύμπαν
659 861 1016 916 περιβλεψάμενος
1057 858 1297 914 γερούσιον,
1344 855 1543 907 στενάξας
1587 853 1675 898 εἶπε
1691 872 1739 900 xo

248 928 361 983 βαθύ
392 928 448 978 ὥς
479 928 629 983 „mid-&v
658 934 741 976 τοῖς
769 928 1014 980 βασιλεῦσιν
1053 922 1336 980 ἆδίόρθωτον,
1377 923 1470 965 ov‘d’
1511 921 1601 964 ἔστι
1636 937 1675 965 τι

249 998 333 1036 τῶν
357 996 605 1049 πλημμελως
632 994 858 1046 γινομένων
882 989 905 1032 ὃ
932 990 1008 1045 τὴν
1037 990 1163 1045 ισχύν
1191 990 1329 1031 αὐτων
1359 988 1678 1043 ὑπερπέπαικεν.

251 1058 516 1112 ε’βλακεύοντο
543 1060 708 1109 τοίνυν,
752 1073 808 1105 ως
836 1055 996 1109 εὀικεν,
1037 1055 1076 1098 οἷ
1113 1052 1310 1110 πρότερον
1351 1052 1678 1108 αυτοκράτορες,

126 1133 163 1168 Ρ.
174 1120 278 1179 2103)
307 1126 379 1166 ἐπλ
384 1124 549 1164 άττοντο
578 1121 647 1164 τὸν
676 1124 746 1163 ἐπι
770 1128 855 1170 τοῖς
874 1120 1081 1169 κακίστοις
1105 1117 1356 1174 α’χθόμενον.
1412 1119 1451 1160 εἰ
1475 1116 1554 1173 γὰρ
1577 1117 1678 1171 οἷλη·

251 1191 339 1237 θῶς
365 1187 584 1242 ἠβούλοντο
609 1186 760 1240 στῆναί
781 1201 877 1227 ποτε
905 1203 956 1226 τα
974 1184 1188 1240 βιοφθόρα
1216 1185 1287 1225 καί
1306 1185 1555 1261 παρρησίαν
1565 1197 1679 1236 αγειν
1695 1184 1742 1227 15

252 1254 380 1296 ὁπόσα
409 1269 484 1306 την
512 1252 709 1303 εὐνομίαν
736 1251 963 1304 συνίστησι,
994 1251 1357 1304 παρηγκωνίσαιτο
1388 1244 1440 1291 ἂν
1467 1247 1511 1290 τὸ
1535 1248 1579 1290 ἐν
1597 1252 1681 1296 τοῖς

252 1318 492 1374 γράμμασιν
525 1314 728 1371 ἐρυθρόν,
761 1319 833 1357 καί
859 1314 933 1356 τὸν
965 1315 1122 1370 χάρτην
1159 1314 1215 1362 ὦς
1262 1314 1384 1355 ου’δὲν
1429 1310 1681 1368 ὀνησιφόρον

253 1381 630 1438 παραβλεψάμενοι
654 1381 847 1434 ἐβάλοντο
877 1379 929 1423 ἂν
962 1380 1063 1422 κατὰ
1095 1382 1193 1422 νοῦν
1232 1380 1288 1428 ὥς
1317 1381 1466 1432 αἵμασι
1501 1380 1680 1420 πενθοῦα

254 1466 320 1492 σιν
347 1449 434 1489 ἀλλ’
465 1446 562 1500 οἰχι
588 1446 836 1500 δάκουσιν
817 1447 1097 1487 ἐπιστένουσιν
1126 1446 1164 1487 οἱ
1192 1444 1404 1486 σπιλάδων
1432 1461 1500 1486 και
1523 1445 1681 1499 πετρῶν

253 1512 430 1578 υφάλων
459 1513 737 1567 τραχυτέρους
769 1509 1027 1564 ευρίσκοντες
1055 1513 1150 1564 παρ’
1180 1507 1240 1559 οἷς
1268 1510 1311 1552 αἱ
1339 1525 1431 1586 νηες
1459 1506 1594 1551 αὐτῶν
1615 1511 1680 1550 ἐκ·
1692 1521 1746 1549 20

253 1573 506 1633 βράσσονται
526 1575 606 1617 ὑπὸ
635 1576 844 1622 κλύδωνος
860 1607 871 1628 ,
900 1592 967 1616 και
996 1577 1084 1616 κατ’
1115 1575 1251 1617 αὐτῶν
1283 1575 1514 1628 ἐχρήσαντο
1543 1569 1597 1615 ἀν
1623 1588 1679 1630 τῳ

256 1642 367 1698 ξίφει
394 1659 453 1695 μη
485 1643 729 1698 φορουμένω
757 1639 893 1694 μάτην
923 1642 1027 1694 μηδὲ
1057 1642 1165 1696 εἰκῇ,
1193 1656 1261 1681 και
1288 1638 1436 1692 εβαλον
1467 1635 1518 1680 ἂν
1541 1641 1600 1687 εἷς
1617 1653 1685 1680 κε-

258 1706 397 1764 φαλὰς
423 1705 588 1759 α’νόμων
615 1705 811 1748 θάνατον.
867 1708 943 1747 νῦν
980 1707 1040 1758 δ’,
1071 1702 1127 1754 (ὃς
1167 1706 1414 1757 πέπεισμαι,
1453 1703 1684 1760 γράφοντες

347 1829 380 1871 4.
402 1828 539 1885 μόνοις
556 1834 683 1874 μεῖναι
710 1826 754 1863 τὰ
780 1828 829 1868 Α,
854 1827 984 1861 omisso
1008 1830 1166 1861 κεῖσθαι.
1260 1838 1293 1871 7.
1320 1824 1382 1873 ὥς]
1409 1828 1471 1860 και
1493 1826 1534 1860 A.
1631 1836 1700 1863 ιο.,

347 1874 479 1920 βύθιον
506 1886 608 1909 ειπεν
631 1878 668 1909 Δ
776 1873 1092 1931 13.ἐβλακεύοντο]
1125 1872 1381 1907 ἐκολακεύοντο
1412 1874 1446 1905 B.
1545 1873 1596 1918 14.
1614 1883 1684 1907 κα-

348 1921 499 1969 κίστοις]
523 1927 649 1960 κακοῖς
671 1922 886 1967 A.17.
912 1920 961 1960 ὡς
985 1932 1082 1967 προς
1103 1920 1218 1967 μνδὲν
1245 1918 1425 1967 ὀνήσιμον
1447 1918 1489 1952 Α.

258 2038 436 2067 vetustate
473 2034 738 2077 confirmatum3
782 2045 822 2068 ac
847 2034 979 2068 multos
1005 2045 1023 2068 e
1048 2033 1291 2079 superioribus
1315 2031 1606 2077 imperatoribus,
1632 2031 1687 2064 sa·-

261 2081 402 2112 sciculis
426 2080 625 2113 litterarum
649 2081 687 2113 in
712 2082 911 2125 provincias
938 2081 1074 2122 missis,
1101 2086 1257 2113 extrema
1281 2080 1529 2122 naufragorum
1552 2077 1686 2131 spolia-

261 2127 400 2159 toribus
430 2127 635 2159 minitatos:
663 2127 726 2159 sed
750 2134 915 2160 conatum
939 2127 1043 2159 illum
1065 2106 1178 2160 'fuisse
1208 2126 1348 2159 irritum
1371 2130 1408 2157 et
1435 2125 1528 2156 intra
1553 2123 1685 2167 scripta

262 2173 475 2212 substitisse,
495 2172 670 2204 rubricam
683 2174 947 2217 imperatoriam
967 2173 1065 2206 illius
1080 2173 1166 2205 mali
1188 2172 1294 2204 undis
1319 2169 1535 2210 ementibus,
1559 2174 1600 2202 ut
1624 2170 1688 2203 lit-

259 2223 360 2251 terne
381 2218 466 2250 illae
484 2219 613 2261 plane
603 2230 641 2251 1n
663 2230 755 2263 aqua
780 2220 932 2263 scriptae
948 2218 1155 2252 viderentur
1178 2224 1215 2251 et
1238 2217 1354 2250 edicta
1367 2217 1498 2248 frustra
1514 2215 1688 2248 subnota-

261 2269 394 2296 rentur.
442 2263 495 2308 (4)
518 2264 647 2308 Quae
647 2276 726 2297 cum
750 2265 788 2297 hi
813 2265 1004 2305 dixissent,
1029 2265 1249 2298 Andronicus
1274 2263 1559 2296 circumstantem
1583 2272 1689 2294 sena-

259 2315 336 2343 tum
362 2309 490 2342 acriter
529 2310 700 2351 intuitus,
739 2316 774 2343 et
797 2312 948 2355 suspirio
983 2322 1027 2343 ex
1052 2311 1132 2343 imis
1154 2309 1371 2355 praecordiis
1395 2308 1524 2348 ducto,
1548 2307 1688 2349 „nihil”

260 2356 382 2400 inquit
404 2361 494 2396 ,‚est,
522 2357 610 2400 quin
639 2357 683 2388 ab
709 2357 983 2401 imperatoribus
1010 2357 1191 2390 emendari
1219 2361 1349 2400 queat3
1374 2365 1439 2387 nec
1466 2354 1580 2386 ullum
1602 2365 1688 2398 pec-

261 2408 379 2435 catum
420 2407 491 2442 est,
527 2402 625 2446 quod
649 2404 740 2435 vires
766 2414 888 2435 eorum
912 2408 1064 2447 superet.
1092 2403 1298 2456 superiores
1314 2406 1432 2434 autem
1455 2400 1689 2445 imperatores

262 2453 325 2481 aut
349 2453 422 2480 rem
450 2447 558 2480 stulte
584 2454 666 2481 sunt
693 2449 862 2493 aggressi,
897 2454 959 2481 aut
983 2459 1020 2480 se
1045 2449 1167 2481 dolere
1192 2448 1333 2480 iniuriis
1358 2447 1580 2480 simularunt.
1605 2458 1688 2481 nam

262 2495 293 2527 si
317 2493 551 2538 corruptelam
578 2494 676 2526 illam
715 2505 793 2526 vere
817 2505 1038 2538 suppressam
1054 2519 1063 2534 ‚
1097 2500 1133 2527 et
1155 2493 1268 2526 libere
1293 2494 1348 2537 agi
1374 2504 1415 2526 ea
1441 2504 1534 2538 quae
1558 2492 1604 2526 ad
1627 2503 1691 2526 ae·-

262 2541 436 2585 quitatem
459 2541 642 2584 pertinent
657 2541 864 2580 voluissent,
879 2541 1066 2573 rubricatis
1082 2540 1212 2573 litteris
1228 2540 1365 2573 omissis
1391 2545 1427 2572 et
1451 2539 1580 2572 chartis
1605 2539 1689 2572 inu-

261 2587 389 2620 tilibus
414 2586 613 2630 despectis,
640 2587 854 2629 cogitassent
881 2586 1086 2629 sanguinem
1119 2587 1227 2626 flere,
1250 2597 1323 2618 non
1351 2586 1513 2618 lacrimas
1536 2585 1688 2619 fundere

264 2644 324 2665 eos
341 2633 402 2676 qui
418 2632 590 2671 homines,
616 2633 711 2676 apud
736 2644 824 2676 quos
851 2633 982 2664 fructae
995 2644 1101 2665 naves
1127 2633 1335 2672 efficiuntur,
1365 2632 1512 2664 occultis
1537 2632 1575 2664 in
1598 2631 1688 2664 mari

263 2680 356 2712 saxis
385 2685 421 2711 et
447 2679 595 2723 rupibus
621 2679 780 2711 ‹lurion-«s
807 2679 1059 2722 experiuntur3
1085 2684 1120 2711 et
1147 2690 1229 2711 ense
1243 2679 1324 2710 iilos
1351 2679 1600 2718 coercuissent,
1624 2677 1689 2722 qui

263 2736 336 2759 uon
359 2725 489 2767 frustra
523 2729 702 2769 gestatur,
739 2731 777 2759 et
804 2725 929 2771 capitis
956 2725 1101 2771 iniquos
1125 2724 1365 2759 damnassent
1393 2735 1511 2766 nunc,
1535 2729 1577 2758 ut
1598 2722 1691 2758 mihi
