1878 3230
376 176 447 215 m:
487 175 659 215 morus
699 169 1372 214 consummopomnms.
1466 152 1577 208 863

146 274 252 332 λόγῳ
282 272 625 328 προσβάλλουσιν,
655 271 774 327 ἡνίκα
802 270 860 325 μή
891 271 1084 325 νεφέλαις
1111 270 1335 325 ἐγνοφοῦτο
1361 267 1440 319 τὰς
1465 271 1582 312 α’κτῖ-

150 356 223 390 νας
246 337 267 380 ὃ
299 337 423 393 ἥλιος.

257 422 298 460 9.
359 404 416 446 Τι’
437 403 485 444 δὲ
515 403 543 456 ἦ
571 400 819 450 λευκώλενος
841 399 982 454 Ἑλένη
1010 398 1294 455 καλλίσφυρός
1321 415 1366 441 τε
1400 399 1474 442 καί
1507 402 1580 442 δο-

149 468 410 523 λιχόδειρος,
436 466 462 522 ἦ
491 466 537 509 τὸ
567 464 852 520 Πανελλήνιον
879 467 939 514 εἰς
973 467 1124 520 Τροίαν
1153 466 1388 519 ἀθροίσασα
1415 464 1488 508 καί
1509 482 1582 508 κα-

110 536 333 578 5θελοῦσα
369 534 546 587 Τροίαν,
573 533 618 573 ἐκ
650 533 696 573 δὲ
732 531 885 585 ταύτης
925 528 1237 585 προσωκείλασα
1265 531 1402 588 Νείλῳ
1445 532 1583 574 κάκεῖ·-

151 602 226 640 &ev
254 593 380 648 αὖθις
408 599 468 646 εἰς
498 591 584 651 ἢθη
614 595 666 637 w*
697 594 911 638 Λακώνων
939 593 1235 636 ε’παναλιὲσασα
1268 593 1467 648 χρόνιος,·
1512 591 1580 651 ἆρ’

153 665 330 716 ἐμείλιξε
357 661 459 711 wig
486 660 819 714 δυσμειλίκτουςς
851 656 919 714 ἆρ’
946 658 1157 713 ἑμάλθαξε
1191 658 1291 708 τούς
1325 660 1581 716 σιδηρόφροα

146 745 243 780 νας,
273 729 472 781 οὐμενοῦν
498 729 591 768 οὔδ’
622 723 728 775 ὅλως
754 726 941 768 τοιοῦτόν
957 741 998 766 τι
1025 722 1247 779 δεδύνηται
1274 724 1300 779 ἦ
1329 726 1462 766 πάντα
1475 729 1579 767 θεα-

147 792 223 847 τὴν
255 796 312 849 τῷ
339 794 482 834 κάλλει
510 791 889 846 δουλαγωγήσασα,
927 789 1072 845 καίπερ
1103 791 1370 844 ε’στολισμένη
1412 794 1581 845 θεατρι-

86 876 133 903 ιο
145 860 252 911 κῶς,
281 860 354 899 καί
375 855 590 913 δροσώδης
622 856 811 911 ὅρωμένη
834 856 911 898 κᾶν
941 858 1001 913 τῷ
1022 857 1178 913 χαλκῷ,
1208 858 1281 897 καί
1308 855 1580 911 ὑγραινομένη

143 922 248 978 πρὸς
282 921 415 977 ἔρωτα
447 924 506 980 τῷ
529 924 698 976 χιτῶνι,
743 923 799 979 τῷ
837 922 1075 978 κρηδέμνῳ,
1115 923 1164 977 τῇ
1199 920 1382 977 στεφάνῃ
1423 923 1498 963 καί
1522 925 1582 978 τῷ

142 991 318 1044 πλοχμῷ
344 990 426 1030 τῶν
454 990 624 1042 τριχῶν·
681 983 703 1027 ὅ
735 989 813 1039 μὲν
841 985 922 1040 γάρ
962 986 1175 1040 α’ραχνίων
1217 983 1461 1040 λεπτότερος
1502 983 1575 1040 ἦν,

144 1052 191 1095 τὸ
222 1055 267 1094 δὲ
299 1053 521 1094 δαιδάλεον
550 1052 812 1105 ε’πανὲκειτο,
840 1050 865 1106 ἦ
897 1052 944 1093 δὲ
972 1053 1101 1092 διὲδει
1127 1049 1172 1093 to*
1200 1052 1387 1104 μέτωπον
1412 1055 1576 1105 χρυσοῦ

140 1122 214 1160 καί
240 1121 461 1175 τιμαλφῶν
488 1119 618 1159 λίθων
663 1118 967 1172 ὖποκρινομένη
995 1114 1254 1170 Umbram„
1277 1115 1299 1158 ὅ
1337 1117 1385 1158 δὲ
1418 1115 1461 1158 τὸ
1501 1119 1575 1172 τῆς

83 1183 269 1238 15κόμης
296 1185 520 1237 κεχυμένον
550 1181 624 1224 καί
660 1180 987 1235 διασοβούμενον
1028 1182 1261 1234 πνεύμασιν
1289 1181 1468 1239 ‹imo-‘3129
1506 1185 1574 1224 δε-

140 1248 349 1302 σμεύματι
380 1250 670 1304 περιέσφιγγεν
700 1248 778 1296 ἓως
812 1249 977 1302 κνημῶν
1011 1248 1297 1299 ἐκτεινόμενον.
1350 1244 1401 1302 ἦν
1428 1250 1475 1289 δὲ
1502 1251 1575 1290 καὶ

139 1312 188 1354 τά
215 1315 334 1368 χειλη
363 1311 554 1354 καλύκων
581 1314 698 1366 δίκην
723 1313 858 1366 ἠρέμα
883 1311 1232 1366 παρανοιγόμενα,
1256 1311 1314 1361 ὥς
1340 1311 1413 1354 καί
1438 1315 1574 1356 δοκεῖν

139 1379 312 1434 ἀφιέναι
344 1375 506 1434 φωνήν·
562 1375 607 1419 τὸ
641 1379 688 1419 δὲ
716 1376 867 1431 χάριεν
891 1378 1098 1429 μειδίαμα
1136 1377 1294 1426 εὐθέως
1333 1394 1574 1433 προσυπαν-

140 1438 222 1485 τῶν
250 1444 323 1484 καί
341 1445 558 1497 χαρμονῆς
590 1443 782 1495 πιμπλῶν
810 1440 881 1483 τὸν
908 1439 1143 1495 θεώμενον,
1170 1442 1243 1483 καὶ
1267 1442 1313 1485 τὸ
1345 1447 1420 1485 τοῦ
1444 1447 1572 1496 βλέμ-

75 1531 128 1556 20
140 1524 270 1562 ματος
298 1507 488 1562 χαροπόν
517 1507 591 1548 καί
626 1507 703 1555 τα“ς
731 1508 890 1559 ἁψῖδας
917 1509 1000 1548 ταῖν
1027 1504 1199 1562 ὄφρύων
1227 1511 1298 1550 καί
1324 1507 1398 1562 τὴν
1425 1509 1573 1563 λοιπὴν

140 1574 322 1629 εὐφυΐαν
344 1574 422 1614 τοῦ
447 1569 636 1624 σώματος
664 1572 739 1614 οὐκ
766 1568 817 1626 ἦν
837 1571 961 1613 ὁποῖα
994 1567 1047 1626 ἦν
1087 1570 1321 1627 διαγράψαι
1359 1573 1465 1630 λόγῳ
1504 1577 1577 1615 καί

139 1640 402 1692 παραστῆσαι
439 1643 526 1686 τοῖς
567 1635 726 1678 ἔπειτα.
791 1637 880 1678 ἀλλ’
918 1632 954 1678 ὦ
996 1638 1200 1692 Τυνδαρίς
1223 1634 1387 1693 Ἑλένη,
1416 1638 1574 1687 ,κάλλος

140 1702 323 1745 αὐτόθεν
349 1701 504 1755 καλόν,
538 1700 722 1757 Ἐρώτων
746 1701 996 1755 μόσχευμα,
1026 1697 1281 1756 Ἀφροδιτης
1315 1701 1573 1757 τημελούχη-

138 1785 200 1822 μα
217 1801 228 1822 ,
257 1767 511 1823 ’πανάριστον
539 1765 706 1823 φύσεως
735 1767 909 1822 δώρημα
919 1800 933 1821 ,
967 1764 1120 1822 Τρώων
1146 1769 1219 1809 καί
1238 1766 1439 1824 Ἑλλήνων
1464 1768 1573 1825 βρά-

141 1938 205 1983 qui
234 1939 309 1971 eius
335 1938 387 1972 rei
410 1938 518 1983 periti
543 1937 775 1979 accederent,
799 1938 943 1983 quando
969 1937 1056 1971 solis
1087 1937 1178 1971 radii
1210 1938 1368 1972 nubibus
1398 1949 1473 1972 non
1505 1938 1572 1971 oh-

144 1984 390 2022 scurabantur,

231 2044 264 2076 9.
312 2029 411 2074 Quid
438 2029 483 2063 de
508 2030 648 2064 Helena
672 2030 735 2062 illa
756 2027 872 2061 dicam
896 2029 987 2062 albis
1018 2028 1184 2070 lacertis,
1210 2028 1368 2073 pulchris
1400 2029 1501 2063 tibiis
1535 2034 1572 2063 et

140 2087 288 2121 procera
316 2081 469 2116 statura,
496 2087 588 2121 quae
613 2081 727 2110 totam
753 2075 938 2107 Graeciam
962 2076 1000 2108 in
1024 2076 1168 2109 Troiam
1193 2076 1346 2110 concivit
1368 2076 1571 2121 Troiaeque

142 2122 272 2156 excidii
297 2134 401 2155 causa
425 2123 506 2163 fuit,
531 2122 616 2156 inde
639 2134 724 2155 vero
749 2120 939 2154 ad‘Nilum
964 2122 1117 2166 appulit,
1143 2133 1184 2154 ac
1203 2127 1286 2166 post
1308 2123 1454 2167 longum
1478 2128 1571 2156 tem-

107 2171 110 2175 '
140 2181 207 2214 pus
232 2168 534 2202 Lacedaemonem
558 2167 786 2213 remigravit?
821 2179 906 2200 num
928 2168 1099 2201 barbaros
1132 2169 1214 2201 illos
1246 2169 1450 2214 mitigavit?
1483 2181 1569 2202 num

142 2217 275 2249 ferreos
311 2215 507 2249 emollivit?
544 2215 638 2248 nihil
672 2225 756 2247 sane
782 2212 986 2247 huiusmodi
1027 2215 1168 2247 efficere
1190 2216 1334 2259 potuit,
1358 2226 1451 2260 quae
1483 2216 1571 2248 olim

142 2272 263 2295 omnes
291 2267 508 2306 spectatores
532 2262 691 2307 captivos
716 2259 880 2301 ducebat,
907 2261 1046 2294 etiamsi
1065 2261 1239 2294 theatrico
1265 2273 1363 2294 more
1384 2262 1514 2297 vestita
1535 2267 1573 2295 et

142 2312 217 2341 tota
256 2308 396 2341 roscida
436 2308 637 2348 videretur,
678 2318 719 2340 ac
759 2307 843 2340 licet
889 2318 970 2340 aere
1005 2309 1117 2341 incisa
1156 2313 1232 2341 tota
1271 2307 1496 2342 humesceret
1530 2318 1572 2339 ac

141 2359 306 2387 vernaret
331 2360 368 2387 et
391 2353 437 2387 ad
461 2355 518 2388 sui
542 2365 695 2387 amorem
717 2353 922 2398 pelliceret,
956 2365 1000 2387 ex
1022 2355 1164 2395 tunica,
1193 2365 1237 2387 ex
1260 2354 1491 2394 redimiculo,
1525 2364 1572 2385 ex

143 2410 297 2440 corona,
341 2411 384 2433 ex
409 2401 583 2434 cincinnis
609 2400 835 2445 capillorum,
875 2401 938 2445 qui
968 2401 1056 2445 ipsis
1095 2411 1247 2434 araneae
1283 2401 1355 2434 filis
1387 2400 1570 2434 tenuiores

144 2450 257 2478 erant.
281 2447 410 2479 mirum
436 2458 520 2480 sane
547 2447 708 2491 undique
734 2446 922 2479 artificium
948 2446 1152 2480 eminebat:
1177 2449 1274 2480 frons
1303 2448 1380 2480 eius
1405 2445 1571 2478 redimita

143 2502 230 2524 auro
255 2496 292 2524 et
316 2493 482 2534 gemmis,
517 2494 619 2538 quasi
643 2492 825 2538 pellucida
856 2492 1064 2536 videbatur3
1104 2494 1318 2538 capillitium
1353 2494 1502 2525 effusum
1529 2501 1572 2523 ac

144 2538 261 2570 ventis
287 2539 459 2581 agitatum
484 2540 615 2572 circulo
646 2540 684 2572 in
711 2539 864 2583 occipite
889 2540 1007 2584 posito
1028 2539 1356 2584 constringebatur,
1380 2537 1463 2569 hinc
1485 2547 1570 2570 vero

146 2583 192 2615 ad
216 2583 324 2616 tibias
354 2595 467 2628 usque
501 2585 694 2618 diffluebat.
720 2585 818 2618 labia
841 2586 1001 2628 calycum
1030 2587 1143 2619 instar
1179 2585 1308 2618 sensim
1345 2588 1490 2627 aperta,
1530 2587 1572 2615 ut

145 2629 350 2663 viderentur
376 2641 499 2662 vocem
523 2632 707 2665 emittere:
731 2631 817 2664 hinc
841 2633 1067 2665 suavissimus
1102 2634 1190 2664 risus
1224 2641 1298 2663 sese
1336 2629 1456 2662 statim
1483 2630 1571 2660 offe-

147 2686 227 2709 rens
251 2681 486 2720 spectatorem
511 2677 650 2710 laetitia
675 2678 849 2723 replebat.
875 2679 1058 2711 oculorum
1093 2678 1239 2722 gratiam
1255 2699 1275 2716 ‚-
1299 2675 1570 2720 superciliorum

147 2732 248 2756 arcus
274 2722 522 2767 reliquamque
552 2724 707 2769 corporis
729 2730 950 2759 venustatem
974 2725 1095 2758 nullus
1124 2733 1236 2757 sermo
1261 2719 1335 2767 pro*
1354 2722 1481 2755 merito
1506 2720 1571 2753 de-
