1878 3230
327 127 435 182 832
763 144 990 184 Nicss'rAE
1027 142 1334 184 CnoNIATAE

326 241 393 290 νὸς
438 242 481 290 ἐς
516 233 663 293 χεῖρας
709 237 836 288 ἴόντος
884 238 953 280 διὰ
994 239 1040 280 τό
1084 240 1158 292 τῆς
1184 238 1339 291 τόλμης
1365 238 1623 294 παράβολον,
1652 243 1746 282 καθ’

323 306 486 360 ἠλικίαν
524 302 655 352 αὐτὰς
684 299 1014 357 ἧχμαλιότευσαν
1051 305 1123 344 καί
1147 301 1198 343 τὰ
1225 302 1341 356 τείχη
1370 301 1640 357 κατήρειψαν.
1697 306 1750 346 ου’

325 369 432 423 μόνα
460 369 505 409 δὲ
541 366 591 409 τὰ
635 367 737 422 πρὸς
779 368 998 409 θάλασσαν
1032 364 1159 417 οὕτως
1190 365 1388 422 ἔπραττον
1415 373 1507 417 ταῖς
1532 371 1614 410 τῶν
1641 372 1749 411 Σκυ-

325 437 413 475 θῶν
441 433 671 488 εὐχειρίαις
699 434 771 474 καί
795 432 1046 488 γενναιότησι
1076 431 1148 474 καί
1179 432 1262 473 τῶν
1289 428 1499 484 ἑπομένων
1531 433 1675 488 σφίσιν
1706 435 1751 475 ἐκ

326 502 403 540 τοῦ
421 501 637 551 Βλαχικοῧ
663 494 932 551 συστήματος,
960 496 998 538 οἱ
1023 500 1093 538 καί
1118 499 1275 549 μᾶλλον
1302 501 1388 545 τοῖς
1407 495 1643 550 περιβόλοις
1670 499 1788 542 τῶνέἱ

329 560 485 604 πόλεων
515 561 808 615 ἐπεβούλευον,
839 561 1051 611 σκαπάνας
1077 564 1149 603 καί
1177 561 1289 602 πτύα
1315 562 1616 616 χειριζόμενοι,
1645 560 1750 603 ἀλλὰ

289 627 460 670 enain}
492 630 561 682 τῆς
588 623 722 681 ἅλμης
749 625 1010 682 α’φιστάμενα
1037 625 1172 668 πάντα
1198 632 1283 675 τοῖς
1318 627 1459 674 αὐτοῖς
1496 628 1568 668 καί
1593 629 1756 682 χείροσι

326 699 464 741 κακοῖς
479 690 797 746 προσεπάλαιον,
820 694 1028 747 μηδεμιᾶς
1050 694 1214 741 ὲλπίὸός
1237 693 1295 740 εἰς
1321 693 1530 746 σωτηρίαν
1543 691 1756 744 ὑποκειμέ-

326 774 410 813 νης,
428 759 519 800 ε’πεί
536 759 610 798 καί
629 755 774 811 α’ἡθως
789 759 833 798 ἑκ
864 758 1053 807 δουλείας
1073 756 1314 812 ἐλευθερίας
1343 754 1647 812 ηϋμοιρηκὸτες,
1675 758 1758 799 τῶν

326 826 530 876 μεγίστων
558 822 627 864 dei
664 823 875 878 ἐφιέμενοι
904 823 1051 864 ου’ὃὲνα
1090 825 1167 875 μὲν
1198 825 1274 863 τοῦ
1302 819 1604 877 ὃυσπραγὴσειν
1632 816 1758 870 αὖθις
1775 837 1822 864 ιο

327 887 447 942 λόγον
476 889 663 939 τιθέασι,
695 892 788 936 ταῖς
818 889 863 929 δὲ
893 887 1235 941 παρατυχούσαις
1269 887 1418 940 τύχαις
1446 885 1518 927 καί
1543 887 1674 935 νίκαις
1703 883 1759 934 ὥς

328 951 400 995 ἐπὶ
421 956 607 993 πλεῖστον
645 953 958 1006 ἐπεξερχόμενοι
1000 952 1082 993 τῶν
1105 954 1182 1004 μὲν
1209 949 1352 1005 πρώην
1379 953 1514 992 τέλεον
1541 950 1760 1004 ἐπιλήθον·

328 1034 423 1070 ται,
453 1023 538 1067 τοῖς
568 1019 607 1059 ‹5’
636 1017 827 1059 ένεσταῖσι
856 1017 1060 1071 γήθονταί
1081 1032 1124 1058 τε
1153 1018 1225 1058 καί
1247 1018 1525 1069 ἐνυβρίζουσι.
1561 1015 1630 1056 διὰ
1658 1017 1760 1058 ταῦ-

330 1099 382 1124 τα
409 1085 546 1125 τοίνυν
574 1079 603 1137 ἦ
624 1098 667 1124 τε
694 1082 881 1135 λαχοῦσα
920 1082 1113 1137 πολιστὴν
1137 1080 1207 1123 τὸν
1235 1082 1454 1136 Ἀρκάδιον
1486 1083 1556 1122 καὶ
1582 1077 1760 1135 Μεσὴνη

331 1149 402 1190 ἐπί
436 1150 536 1206 τῇδε
568 1147 641 1188 καί
666 1145 769 1201 πρὸς
815 1147 923 1203 αὐτῇ
959 1145 1219 1201 Τζουρουλὸς
1247 1145 1299 1187 τά
1328 1148 1408 1188 τῶν
1437 1148 1583 1188 δεινῶν
1611 1145 1760 1187 πεπόν-
1778 1149 1825 1190 15

331 1216 461 1255 θασιν
492 1211 676 1266 ἔσχατα,
706 1210 779 1252 καί
819 1210 943 1266 ἆγροί
981 1214 1055 1252 καί
1080 1214 1216 1264 κῶμαι
1252 1214 1326 1252 καί
1351 1207 1479 1252 τᾶλλα
1508 1209 1643 1252 ὁπόσα
1671 1217 1762 1259 ταῖς

333 1279 479 1320 πόλεσι
509 1277 682 1327 ταύταις
724 1277 960 1318 ὑπέκυπτον
989 1274 1214 1330 πρότερον,
1255 1276 1327 1317 καί
1354 1273 1434 1317 ὅσα
1462 1277 1504 1324 ἐς
1528 1274 1661 1328 αὐτὴν
1687 1274 1763 1329 τήν
1799 1310 1815 1338 3

289 1342 493 1385 Βπόλεων
520 1345 666 1384 πασῶν
694 1339 1032 1397 προεδρειόυσαν
1073 1343 1392 1395 παρατείνουσι,
1419 1347 1508 1389 ταῖς
1536 1343 1763 1389 Σκυθικαῖς

331 1409 457 1462 χερσί
483 1408 803 1460 καθυπέκυψαν.
862 1405 931 1447 ε’πί
956 1407 1059 1446 πᾶσι
1088 1408 1159 1446 καί
1189 1404 1227 1447 οἱ
1256 1403 1302 1446 τό
1333 1405 1516 1458 πόλισμα
1544 1403 1611 1447 τὸν
1638 1404 1763 1448 Ἀθύ-

332 1489 411 1527 ραν
449 1473 653 1520 οἰκοῦντες
689 1470 882 1525 ὀλέθροις
921 1470 1159 1524 α’νηκέστοις
1198 1467 1523 1525 περιεπάρησαν.
1592 1469 1645 1512 τοὶ
1687 1473 1828 1523 μὲναο

330 1535 412 1593 γάρ
446 1539 590 1590 πρῶτα
617 1535 688 1577 ἐπὶ
713 1534 903 1590 χρήμασι
932 1540 1017 1583 τοῖς
1046 1534 1232 1583 Σκύθαις
1259 1537 1518 1590 συνέβησαν,
1562 1537 1633 1576 καί
1657 1530 1766 1590 ἦσαν

332 1602 376 1644 οΐ
401 1604 447 1644 ἐκ
474 1603 649 1643 Σκυθῶν
676 1600 898 1656 ἀφιγμένοι
928 1598 980 1640 τά
1011 1601 1054 1640 ἐκ
1081 1602 1246 1653 χρυσοῦ
1271 1600 1533 1654 εἰσέπραττον
1560 1599 1768 1653 κόμματα·

332 1665 436 1722 πρὸς
464 1669 500 1708 ‹5’
530 1665 709 1720 ἑσπέραν
734 1664 854 1707 ἐνίων
880 1663 1038 1706 ἐκεῖθεν
1066 1663 1389 1719 (ἰπαντησάντων
1417 1667 1547 1708 ἐκεῖσε
1572 1669 1646 1707 τοῦ
1672 1669 1767 1708 Aa-

332 1735 487 1774 τινικοῦ
516 1730 800 1784 συντάγματος
833 1727 856 1770 ὃ
883 1731 1010 1785 συνῆν
1039 1732 1082 1771 ἐν
1103 1730 1329 1788 Ῥαιδεστῷ
1356 1731 1415 1786 τῷ
1442 1732 1613 1786 Βρανᾷ,
1640 1746 1765 1784 κεχα-

332 1799 535 1854 ρισμένως
578 1797 723 1852 σφίσιν
762 1791 849 1837 ἀλλ’
891 1796 944 1836 ου’
985 1794 1221 1851 προσάντως
1259 1794 1296 1837 οἱ
1326 1797 1369 1837 ἐν
1393 1795 1556 1852 Ἀθύρςε
1581 1796 1764 1852 προσφέ-
1777 1798 1828 1840 25

426 1918 483 1953 23.
508 1917 657 1953 ἐκεῖθεν
681 1902 982 1961 expungendum.-

337 2040 490 2070 struunt.
514 2046 580 2068 nec
614 2046 676 2067 ora
700 2035 876 2068 maritima
917 2033 1092 2066 duntaxat
1124 2033 1169 2066 ab
1195 2033 1473 2078 expeditissimis
1501 2037 1538 2067 et
1562 2033 1765 2067 fortissimis

339 2082 479 2125 Scythis
506 2087 541 2114 et
563 2081 727 2114 Blachica
753 2081 923 2120 cohorte,
967 2091 1060 2124 quae
1085 2079 1166 2113 illos
1193 2080 1432 2113 comitabatur
1452 2079 1640 2113 moenibus
1665 2079 1768 2113 urbi-

339 2140 399 2161 um
420 2139 498 2160 cum
521 2127 682 2161 vectibus
718 2133 754 2160 et
779 2126 959 2171 ligonibus
986 2127 1137 2167 infesta,
1163 2127 1214 2159 sic
1238 2132 1388 2159 tractata
1413 2132 1484 2159 est:
1511 2125 1574 2158 sed
1596 2125 1768 2158 mediter-

339 2185 451 2207 ranea
485 2184 628 2218 quoque
657 2174 760 2206 malis
787 2173 916 2206 iisdem
943 2178 980 2206 et
1003 2172 1222 2217 gravioribus
1247 2178 1330 2206 sunt
1353 2183 1544 2217 oppressa,
1576 2171 1675 2204 nulla
1703 2183 1766 2216 spe

340 2221 467 2253 salutis
491 2220 694 2263 affulgente.
723 2231 805 2252 nam
832 2219 893 2264 qui
916 2230 959 2251 ex
981 2220 1153 2252 servitute
1180 2219 1356 2251 insuetam
1381 2219 1584 2251 libertatem
1611 2218 1767 2262 propitia

342 2266 486 2299 fortuna
527 2266 706 2298 consecuti
743 2271 843 2305 sunt,
881 2265 1032 2298 maxima
1064 2270 1239 2310 perpetuo
1266 2268 1642 2308 altectantes,·neque
1667 2275 1704 2296 se
1727 2264 1767 2298 in

341 2317 525 2358 posterum
552 2311 746 2344 calamitati
772 2311 837 2343 ulli
863 2312 937 2343 fore
973 2311 1146 2344 obnoxios
1171 2312 1376 2356 opinantes,
1406 2310 1626 2343 successibus
1651 2315 1688 2343 et
1709 2311 1768 2343 vi-

343 2359 465 2392 ctoriis
490 2359 598 2389 effuse
632 2357 840 2400 indulgent,
882 2357 1026 2401 pristini
1061 2363 1173 2391 status
1202 2357 1330 2397 obliti,
1366 2356 1547 2400 praesenti
1571 2367 1654 2390 vero
1679 2356 1767 2390 laeti

343 2410 381 2438 et
417 2403 623 2436 insolentes.
647 2403 799 2448 proinde
836 2402 1081 2447 Arcadiopolis
1122 2404 1267 2436 Mesena
1302 2408 1339 2435 et
1362 2402 1535 2443 Zurulus,
1572 2413 1651 2435 cum
1676 2403 1768 2446 agris

340 2451 437 2485 villis
464 2454 500 2482 et
523 2450 619 2482 omni
645 2460 686 2482 eo
713 2448 809 2492 quod
835 2449 879 2481 iis
903 2448 1052 2482 urbibus
1076 2449 1162 2481 olim
1185 2449 1314 2493 paruit,
1342 2454 1514 2481 extremas
1541 2448 1659 2481 clades
1683 2454 1769 2482 sunt

341 2506 552 2542 perpessae3
589 2501 626 2528 et
664 2506 757 2540 quae
797 2494 842 2527 ad
866 2495 990 2527 urbem
1024 2495 1182 2527 omnium
1203 2494 1400 2539 principem
1427 2505 1539 2539 usque
1562 2495 1766 2540 pertinent,

343 2543 463 2576 onmia
489 2548 571 2575 sunt
609 2553 629 2574 a
653 2541 791 2584 Scythis
829 2551 1006 2585 oppressa.
1040 2547 1122 2585 post
1145 2541 1262 2572 onmia
1283 2540 1454 2585 oppidum
1477 2541 1609 2584 Athyra
1637 2541 1682 2573 ad
1710 2541 1768 2573 in-

342 2588 585 2623 ternecIOnem
619 2593 672 2621 est
696 2587 864 2620 deletum.
901 2598 983 2619 nam
1016 2587 1108 2619 cives
1134 2587 1309 2631 principio
1347 2599 1424 2619 cum
1450 2587 1588 2630 Scythis
1614 2587 1766 2631 pecunia

345 2640 608 2678 transegerant,
647 2639 684 2667 et
725 2633 874 2666 aderant
908 2634 969 2677 qui
1005 2643 1130 2665 aureos
1161 2645 1323 2666 nummos
1363 2634 1598 2678 postularent.
1633 2632 1766 2665 deinde

347 2680 518 2726 quosdam
544 2692 586 2714 ex
610 2681 815 2714 Latinorum
853 2678 1020 2721 cohorte,
1052 2679 1114 2724 qui
1141 2679 1334 2714 Rhaedesti
1368 2692 1446 2713 cum
1471 2681 1582 2714 urana
1607 2680 1764 2719 fuerant,
