1878 3230
287 177 398 235 388
696 190 926 235 NlcETAE
977 189 1289 233 cnomA‘rAE

398 292 458 334 Τὰ
494 292 528 332 δ’
549 291 620 332 ἐπὶ
645 291 802 338 τούτοις
826 291 1070 344 γεγενημένα
1095 284 1198 343 ἄλλη
1224 286 1285 337 τίς
1306 288 1395 330 ἐστι
1418 290 1550 331 κακῶν
1574 289 1707 343 Ὶλιάς,

286 357 360 400 καὶ
384 354 580 411 τραγικὰς
609 353 921 409 ὑπερβαίνουσα
948 351 1196 409 συμφοράς·
1254 348 1364 401 ἅπας
1388 351 1468 408 γὰρ
1497 349 1602 404 οἶκος
1626 356 1710 398 τῶν

287 422 457 464 ἐνόντων
484 418 702 474 ἠρήμωτο,
733 419 824 460 οὐδ’
847 414 899 472 ἦν
927 414 1038 460 οἰκία
1064 434 1126 467 τις
1152 417 1344 469 σώζουσα
1362 449 1376 470 ,
1414 417 1467 458 ου’
1506 418 1708 470 στενωπός

286 488 370 528 τῶν
399 483 682 539 α’ναιρούντων
708 484 991 539 λυτρούμενος,
1011 483 1061 523 οὗ
1075 481 1302 533 κατάδυσις
1321 484 1392 524 ἐπὶ
1406 480 1510 524 πολὺ
1529 481 1709 537 ἀποκρύ-

242 560 458 593 Βπτουσα.
501 549 590 591 ἀλλ’
623 549 722 591 οὐδὲ
745 551 887 604 σχῆμα
917 548 1077 603 ἠλεεῖτο
1106 548 1313 601 ἐλεεινόν,
1342 542 1429 589 οὔδ’
1455 548 1744 591 ἐδυσωπεῖτο5
1874 557 1878 587 ⁴

285 613 549 670 δυσώπησις,
581 612 689 656 α’λλοὶ
720 613 791 656 δια
831 613 992 655 πάντων
1019 612 1169 667 ἐχώρει
1199 611 1246 654 τὸ
1284 614 1425 669 ξίφος,
1460 611 1532 654 καὶ
1568 614 1710 665 θυμοῦ

281 682 394 734 λῆξις
421 674 472 734 ἦν
500 680 525 734 ἦ
556 680 774 733 α’πάγουσα
802 679 876 720 τοῦ
901 677 996 731 βίου
1023 677 1170 733 πληγή.
1231 676 1326 732 κενὴ
1357 680 1403 720 δὲ
1439 676 1510 720 καὶ
1545 677 1570 733 ἧ
1605 675 1711 720 κατὰ

281 745 379 793 τοὺς
413 742 552 799 ἱεροὺς
578 742 682 794 νεώς
709 743 921 799 συνδρομὴ
948 745 1029 785 τῶν
1056 743 1218 785 πολλῶν
1254 744 1482 796 ἐδείκνυτο,
1524 744 1597 785 καί
1628 758 1712 796 μα·
1870 773 1878 802 ·1

281 811 382 852 ταία
413 809 437 864 ἦ
471 810 541 851 ἐπὶ
564 814 657 857 ταῖς
684 810 887 857 εἶκασίαις
921 814 1014 857 ταῖς
1046 809 1183 856 θείαις
1224 810 1486 862 πεποίθησις.
1555 805 1592 849 οἱ
1632 806 1711 862 γὰρ

282 875 494 930 βάρβαροι
513 875 584 915 καί
606 877 704 915 θεῖα
722 876 794 915 καί
809 871 1055 927 α’νθρώπινα
1082 874 1324 927 συγχέοντες
1345 874 1568 928 πράγματα
1588 873 1714 926 τιμᾶν
1728 889 1774 917 ιο

282 941 362 981 ου’κ
392 935 546 997 ᾔδεσαν
573 936 622 980 ra·
653 939 779 990 θεοῦ,
806 934 890 979 οὔτ’
920 937 1098 979 ἀσυλίαν
1124 942 1327 992 παρεῖχον
1355 943 1441 987 τοῖς
1468 939 1527 986 εἰς
1554 935 1607 979 τὰ
1643 952 1711 979 τε·
1875 950 1878 987 ξ

281 1007 384 1059 με’νη
413 1004 763 1059 προστρέχουσιν·
817 999 906 1045 ἀλλ’
935 999 960 1043 ὃ
988 997 1038 1057 ἦν
1068 1001 1140 1044 ἐπὶ
1166 1008 1253 1052 τοῖς
1288 1009 1437 1051 κοινοῖς
1467 1000 1610 1056 δόμοις
1635 1017 1711 1044 κα-

281 1069 491 1122 τάντημα,
519 1066 565 1109 τὸ
588 1066 778 1125 μαχαίρᾳ
804 1065 986 1122 δηλονότι
1021 1066 1258 1123 παραυτίκα
1295 1073 1434 1110 πεσεῖν
1470 1062 1597 1122 ἤγουν
1638 1068 1713 1121 τῆς

265 1133 430 1182 -οὖσίας
458 1133 623 1187 ἁπάσης
643 1134 881 1185 ψιλωθέντα
898 1130 989 1174 τινὰ
1020 1134 1289 1188 διαιρεθῆναι,
1319 1130 1343 1173 ὃ
1361 1128 1474 1187 παρὰ
1501 1137 1584 1182 τοῖς
1611 1146 1712 1184 πορ-

282 1202 433 1254 θηταῖς
472 1200 514 1246 ἐς
539 1199 733 1252 μεγίστην
761 1198 950 1238 εὐποιίαν
976 1199 1280 1251 συνελογίζετο,
1326 1199 1447 1239 τοῦτο
1485 1197 1559 1239 καί
1590 1195 1628 1238 οἱ
1667 1197 1711 1238 ἐν
1728 1200 1775 1243 15

282 1266 339 1322 τῷ
366 1264 445 1321 νεῷ
472 1262 797 1317 καταφεύγοντες
824 1264 953 1317 πέρας
981 1258 1194 1315 εὕρισκον,
1222 1263 1292 1304 ἵνα
1317 1262 1375 1317 μῆ
1398 1263 1624 1317 προσθείην
1641 1263 1716 1303 καί

281 1345 324 1370 τι
353 1326 790 1383 βαρυσυμφορώτερον
819 1328 958 1381 ἕτερον
973 1359 986 1381 ,
1018 1328 1064 1368 τὸ
1090 1325 1300 1380 ἐκθλίβειν
1323 1329 1453 1369 ἐκεῖσε
1480 1328 1616 1375 κακῶς
1639 1324 1714 1380 τὴν

282 1391 430 1447 ψυχήν
466 1393 515 1448 τῇ
555 1393 635 1434 τῶν
664 1391 882 1446 μυριάδων
909 1393 1127 1449 συνδρομῇ
1161 1406 1205 1433 τε
1241 1394 1313 1434 καί
1347 1392 1619 1445 συμπιλήσει,
1666 1391 1717 1432 αἳ

284 1456 382 1505 τούς
412 1459 559 1505 θείους
598 1456 750 1508 δόμους
780 1458 1023 1499 εἰσὲδυσαν·
1085 1457 1162 1499 κοῖν
1199 1461 1286 1505 τοῖς
1324 1454 1450 1510 ἱεροῖς
1485 1454 1565 1510 γάρ
1611 1458 1712 1509 μεθ’

286 1518 424 1563 ὅπλων
453 1522 773 1575 ἐπεισπηδῶντες
797 1520 835 1563 οἱ
864 1523 1040 1564 ἐναντίοι
1078 1520 1150 1563 τὸν
1191 1522 1235 1563 ἐν
1262 1524 1383 1564 ποσίν
1412 1519 1593 1578 ἀνῄρουν
1620 1517 1711 1572 οἶεί,
1725 1540 1776 1566 20

154 1597 187 1630 Ρ,
212 1597 272 1641 ¹93
288 1589 360 1629 καί
386 1586 440 1635 ὥς
471 1584 641 1638 θύματα
670 1584 770 1634 τούς
803 1587 1245 1640 καταλαμβανομένους
1273 1586 1456 1640 ἀνηλεῶς
1486 1584 1711 1641 ἐκεράιζον.

287 1654 374 1702 πῶς
403 1654 449 1694 δὲ
478 1652 715 1705 α’νθρώπων
741 1645 918 1706 ἤμελλον
948 1653 1172 1707 φείδεσθαι
1213 1649 1251 1692 οἱ
1290 1657 1374 1699 τοῖς
1411 1653 1542 1699 θείοις
1579 1651 1714 1704 ἐμπα-

288 1718 521 1773 ροινοῧντες
550 1717 621 1757 καί
644 1717 742 1772 μηδ’
771 1712 877 1766 ὅλως
904 1718 1007 1759 θεοῦ
1034 1715 1337 1770 ἐμπαζόμενοιζ
1364 1715 1454 1757 ἀλλ’
1493 1715 1546 1757 ου’
1569 1716 1714 1758 τοσοῦ-

378 1856 411 1889 9.
438 1842 503 1878 ἐπὶ
527 1847 606 1882 ταῖς
629 1845 754 1883 θείαις
782 1843 904 1878 εἰκόσι
930 1846 970 1878 Α.
1068 1844 1120 1886 14.
1143 1838 1273 1890 πορθ]
1300 1844 1455 1889 μεγίστη
1479 1841 1632 1877 educata
1657 1842 1714 1876 λε-

377 1891 530 1935 λόγιστο
555 1892 595 1923 A·
741 1892 791 1926 15.
819 1892 861 1926 ἐν
885 1894 936 1938 τῷ
959 1890 1043 1939 νεῷ]
1068 1891 1110 1926 ἐν
1133 1895 1211 1929 τοῖς
1235 1890 1350 1936 ἱεροῖς
1374 1901 1511 1935 καταφ.
1539 1890 1661 1928 οἴκοις
1675 1890 1714 1922 Α.

387 1948 436 1982 ¹9·
462 1936 592 1984 ἱεροῖς]
612 1941 740 1979 σηκοῖς
765 1939 805 1971 A.

383 2041 615 2075 Deditionem
642 2042 767 2087 ingens
791 2042 965 2076 malorum
990 2042 1136 2088 pelagus
1163 2046 1217 2076 est
1243 2046 1482 2076 consecutum.
1507 2050 1628 2074 omnes
1653 2051 1715 2074 ae-

292 2088 354 2120 des
381 2094 464 2120 sunt
491 2085 676 2129 desertae,
699 2089 800 2121 nulla
827 2090 897 2122 suit
923 2090 1047 2122 domus
1085 2101 1178 2134 quae
1203 2095 1380 2130 servaret,
1405 2088 1526 2121 nullus
1549 2087 1717 2131 angipor-

292 2140 350 2167 tus
375 2134 420 2166 ab
446 2133 636 2166 homicidis
672 2134 908 2177 defendebat3
939 2136 1039 2168 nulla
1075 2146 1223 2168 caverna
1254 2141 1330 2168 erat
1353 2145 1445 2180 quae
1468 2133 1530 2166 diu
1555 2133 1688 2166 celaret
1704 2146 1714 2166 ε

292 2180 415 2213 nullae
440 2190 561 2223 preces
579 2205 588 2220 ‚
631 2181 724 2213 nulli
758 2187 875 2225 gestus
906 2181 1127 2215 miserabiles
1154 2181 1432 2214 misericordiam
1458 2179 1715 2224 impetrabant3

293 2230 471 2270 grassatur
494 2225 629 2270 ubique
653 2226 804 2268 ferrum3
829 2228 880 2260 ira
906 2238 980 2260 non
997 2228 1067 2261 nisi
1090 2228 1190 2261 letali
1214 2228 1287 2260 ictu
1301 2228 1458 2267 lenitur3
1484 2227 1612 2258 frustra
1634 2224 1716 2258 vul-

294 2283 356 2315 gus
382 2272 420 2303 in
445 2272 619 2315 templum
655 2273 855 2313 concurrit,
882 2273 1012 2306 frustra
1035 2274 1142 2307 sacris
1173 2274 1388 2318 imaginibus
1414 2271 1504 2305 fidit.
1526 2282 1608 2304 nam
1630 2271 1716 2304 bar-

293 2317 372 2351 bari
400 2316 530 2349 divinis
554 2318 790 2362 humanisque
819 2318 924 2351 rebus
962 2320 1117 2353 confusis
1144 2320 1245 2352 nulla
1272 2319 1443 2362 religione
1467 2318 1716 2358 movebantur,

293 2374 412 2407 neque
426 2363 462 2394 in
482 2374 597 2396 sacras
612 2364 717 2397 aedes
742 2364 1028 2408 confugientibus
1053 2365 1256 2410 parcebant.
1279 2364 1371 2397 illud
1398 2364 1524 2397 saltem
1550 2363 1716 2408 proficie-

294 2411 385 2443 bant
421 2409 562 2450 miseri‚
598 2415 639 2442 ut
665 2415 727 2443 aut
749 2411 871 2443 statim
903 2411 1020 2454 gladio
1045 2412 1213 2444 caderent
1237 2415 1300 2443 aut
1322 2409 1425 2442 bonis
1452 2411 1617 2443 omnibus
1637 2420 1716 2442 ere-

295 2456 367 2501 ptis
391 2454 678 2499 dimitterentur3
717 2456 815 2501 quod
838 2463 1032 2490 vastatores
1058 2458 1113 2490 illi
1136 2468 1308 2489 summum
1334 2456 1548 2489 beneficium
1575 2455 1716 2488 iudica-

297 2502 396 2535 bant.
421 2501 517 2533 idem
540 2501 655 2534 exitus
678 2503 847 2536 manebat
871 2514 930 2535 eos
966 2503 1027 2547 qui
1052 2503 1090 2536 in
1117 2503 1198 2535 sana
1223 2513 1260 2535 se
1285 2502 1528 2536 conferebant.
1554 2507 1590 2535 et
1616 2512 1717 2535 acce-

300 2548 410 2581 debat
435 2548 567 2580 malum
593 2549 752 2590 gravius,
777 2548 875 2593 quod
909 2549 1071 2582 infinitae
1093 2549 1334 2582 multitudinis
1357 2559 1528 2582 concursu
1550 2548 1656 2581 multi
1680 2553 1719 2582 et

301 2606 345 2628 ex
369 2593 630 2638 compressione
663 2594 976 2637 exanimabantur3
998 2600 1034 2628 et
1065 2595 1109 2628 ab
1133 2595 1295 2628 hostibus
1318 2595 1355 2627 in
1379 2606 1476 2628 sacra
1498 2594 1717 2628 irruentibus

299 2639 644 2680 trucidabanturset
667 2640 763 2674 obvii
791 2642 925 2686 quique
951 2652 1015 2686 pro
1039 2640 1166 2675 hostiis
1183 2641 1374 2674 crudeliter
1397 2641 1653 2675 mactabantur.
1680 2645 1718 2674 et

303 2687 367 2731 qui
389 2686 631 2731 pepercissent
664 2686 868 2720 hominibus
899 2688 961 2732 qui
995 2687 1124 2720 divinis
1165 2687 1270 2720 rebus
1306 2688 1528 2720 insultabant
1550 2692 1586 2720 et
1610 2686 1716 2720 deum

302 2733 408 2778 plane
434 2732 735 2775 contemnebant?
759 2743 876 2779 neque
900 2744 981 2769 vero
1007 2739 1080 2767 tam
1104 2733 1196 2767 illud
1221 2739 1297 2768 erat
1320 2744 1471 2776 novum,
1499 2732 1596 2779 quod
1619 2743 1717 2767 sacra
