1838 3210
440 191 509 229 DE
547 190 800 231 MANUELE
849 189 1107 232 commo
1150 191 1248 232 Lm.
1278 192 1345 231 w.
1512 170 1615 245 ¹73

179 289 305 342 μένης
337 287 673 340 α’παλλοτρίωσιν
703 287 851 329 οἰκεῖον
880 283 1036 337 ὄνειδος
1064 290 1213 342 κρίνων
1242 288 1263 328 ὁ
1291 287 1490 343 βασιλεὺς
1511 291 1616 330 Ma-

180 354 330 407 νουήλ,
368 352 442 395 καί
476 349 612 402 ἄλλως
649 355 696 395 δὲ
741 352 1011 408 ὑφορώμενος
1054 353 1100 396 τὸ
1130 355 1276 397 τούτου
1316 356 1389 397 ἐπὶ
1424 359 1719 408 πλεῖστονΡ.87

178 416 414 474 ἅπόδημον,
460 419 554 462 ἐπεὶ
587 420 660 461 καί
683 413 805 476 ᾔδετο
848 419 1046 461 παλεύειν
1086 422 1246 477 μυρίαν
1271 422 1461 464 Σκυθίδα
1493 422 1618 463 ἵππον

180 481 240 531 ὥς
266 484 310 532 ἐς
347 481 399 526 τά
435 480 654 536 Ῥωμαιῖον
698 479 796 539 ὅρια
817 482 996 540 ἐσβάλῃ,
1036 483 1174 538 ἔργον,
1205 484 1230 527 δ’
1274 501 1405 542 φασι,
1451 486 1620 541 τίθησιν

142 549 167 591 5
185 543 386 602 ἀσχολίας
414 547 623 604 α’νιότερον
657 549 900 590 ἐπανελθεῖν
922 547 1200 603 Ἀνδρόνικον.
1259 554 1323 607 (3)
1356 552 1520 594 Οὐκοῦν
1541 567 1618 605 με-

177 610 415 667 τάπεμπτον
441 616 602 656 ἐκεῖθεν
626 618 817 667 ποιεῖται,
851 616 1010 664 πίστεις
1038 614 1137 664 δοὺς
1164 617 1237 657 καί
1262 614 1417 671 λαβών,
1445 618 1519 659 καί
1543 618 1622 660 τοῦ

176 680 335 722 πλάνου
381 682 529 722 τοῦτον
566 681 895 734 ἐναγκαλίζεται,
924 683 1024 722 καθ)
1062 677 1128 733 ὃν,
1157 681 1214 731 ὥς
1246 680 1372 737 ἔφην,
1405 681 1550 738 καιρὸν
1578 682 1617 726 οἱ

175 746 363 795 Παίονες
396 743 473 794 τὰς
509 744 692 794 σπονδὰς
718 745 994 801 ἆθετήσαντες
1027 745 1104 801 τήν
1132 748 1380 803 παρίστριον
1399 747 1618 800 Ῥωμαίων

176 810 421 865 κατέτρεχον
445 809 724 866 ἐπικράτειαν.
779 809 1064 866 συμβαλόντες
1093 813 1140 855 δὲ
1167 814 1241 854 καί
1262 817 1347 861 τοῖς
1373 819 1618 868 στρατηγοῖς

121 889 165 916 ιο
179 877 237 935 τῷ
259 892 305 919 τε
333 878 376 919 Γ
373 879 486 935 αβρᾷ
512 876 697 933 Μιχαὴλ
723 876 795 919 καὶ
824 880 884 935 τῷ
911 880 1060 935 Βρανᾷ
1088 876 1302 933 Μιχαήλ,
1329 876 1436 921 κατὰ
1466 877 1618 934 κράτος

175 941 346 992 τούτους
384 945 613 998 ἐτρέψαντο
652 945 724 985 καί
750 943 866 986 λείαν
893 940 954 986 ὅτι
993 943 1185 999 πλείστην
1212 939 1386 999 ἤλασαν.
1441 939 1494 1000 ἦν
1517 946 1564 986 δὲ
1592 943 1616 986 ὅ

174 1009 218 1051 Γ
214 1010 348 1064 αβρᾶς
380 1003 503 1058 οὗτος
530 1012 678 1052 νεωστὶ
695 1011 834 1058 θύσας
861 1008 911 1051 τὰ
942 1010 1197 1063 γαμοδαίσια
1223 1010 1329 1063 μετὰ
1357 1011 1432 1065 τῆς
1444 1013 1616 1066 Κομνη-

174 1075 250 1129 νῆς
280 1075 509 1128 Εὕδοκίας,
551 1069 856 1132 ᾗἏνδρόνικος
884 1075 1153 1130 ἐπλησίαζεν,
1181 1075 1239 1125 ὥς
1265 1070 1345 1131 ἤδη
1374 1075 1653 1132 φθάσαντεςΒ

174 1138 455 1195 ἐδηλώσαμεν.
528 1141 681 1184 οὐκοῦν
706 1140 781 1183 καί
811 1143 893 1183 τῶν
918 1143 1153 1195 προσγεναῖν
1181 1138 1391 1192 Εὕδοκίας
1418 1145 1617 1184 συνιστᾶν

116 1204 162 1244 15
175 1203 304 1247 αὐτόν
332 1202 543 1248 θελόντων
570 1208 628 1264 τῷ
670 1204 974 1262 αὐτοκράτορι,
1013 1206 1144 1255 πολύς
1170 1201 1223 1262 ἦν
1259 1206 1332 1249 ἐπὶ
1358 1209 1565 1262 βασιλέως
1593 1201 1615 1248 ὅ

173 1269 325 1312 τούτου
353 1269 496 1327 κρότος
516 1273 591 1313 καί
614 1270 802 1325 ἔπαινος,
827 1274 900 1314 καί
929 1273 1173 1328 ἐρρωμένως
1203 1271 1332 1316 αὐτὸν
1358 1273 1404 1315 ἐν
1430 1273 1484 1332 τῇ
1507 1271 1614 1315 κατὰ

170 1338 253 1378 τῶν
285 1330 457 1379 Οῧννων
483 1335 601 1395 μάχῃ
645 1339 978 1392 διαγωνίσασθαι
1006 1339 1299 1394 ἰσχυρίζοντο,
1330 1339 1404 1381 καί
1429 1341 1615 1395 παρῆγον

170 1403 256 1444 ταῖν
283 1404 512 1456 λεγομένων
539 1403 737 1458 μα’ρτυρα
780 1402 849 1446 τὸν
875 1401 1162 1459 συστράτηγον
1189 1405 1302 1463 αὐτῷ
1331 1403 1519 1460 Μιχαὴλ
1545 1403 1616 1448 τὸν

171 1469 360 1523 Βρανᾶν.
419 1467 442 1510 ὃ
470 1469 518 1511 δὲ
545 1467 649 1524 πρὸς
675 1471 752 1511 τοῦ
778 1471 986 1523 βασιλέως
1013 1469 1277 1524 ἑπιταχθείς,
1307 1466 1430 1525 ὅρκον
1456 1470 1532 1526 τὴν
1553 1475 1613 1514 οἰ·-

109 1541 160 1568 20
172 1534 289 1575 κείαν
316 1533 502 1590 κεφαλήν
529 1533 826 1590 ἐπαγαγόντος,
852 1535 1021 1592 ἆληθῶς
1048 1537 1178 1578 εἰπεῖν
1205 1534 1230 1577 ὃ
1249 1539 1347 1592 περὶ
1370 1539 1447 1579 τοῦ
1461 1540 1502 1580 Γ
1499 1541 1612 1593 αβρᾶ

170 1605 356 1652 γενναῖον
392 1601 584 1643 σύνοιδεν
611 1601 752 1656 ἔργον,
788 1600 835 1644 τὸ
865 1604 968 1652 τέως
994 1604 1071 1655 μὲν
1102 1602 1333 1659 ὑπερέθετο
1361 1602 1435 1646 τὸν
1459 1602 1609 1645 dudio-

170 1681 262 1720 γον,
292 1664 394 1721 πρὸς
431 1668 478 1709 δὲ
505 1666 578 1709 τόν
604 1669 645 1709 Γ
642 1669 779 1721 αβρᾶν
816 1667 1020 1723 στραφεὶς
1041 1663 1164 1722 ἤρετο
1190 1670 1336 1710 τοῦτον
1364 1670 1407 1711 εἰ
1431 1671 1506 1710 καί
1529 1672 1609 1711 αιί.

171 1729 244 1780 τὸς
282 1729 476 1787 ἅνδρειόν
511 1749 553 1774 τι
583 1733 656 1774 καί
694 1728 808 1784 ἄξιον
835 1734 1006 1775 ἐπαίνου
1048 1731 1299 1784 ἐνεδείξατο,
1334 1733 1419 1776 εἴτε
1443 1734 1526 1789 μὴν
1554 1732 1611 1784 ὥς

171 1795 398 1851 στρατηγὸς
442 1795 494 1840 τὰ
522 1795 658 1840 λιόονα
686 1795 956 1853 διεπράξατο,
997 1794 1066 1840 δ’τε
1096 1796 1376 1851 συμπεσόντες
1396 1799 1503 1853 μετὰ
1530 1802 1610 1843 τῶν
1623 1807 1660 1840 V.
1678 1819 1719 1853 70

106 1860 157 1901 25
175 1858 376 1917 Οἷίγγρων
404 1865 628 1906 Διονυσίου
674 1865 997 1920 στρατηγοῦντος
1040 1864 1262 1918 ἐμάχοντο.
1327 1866 1386 1923 τῷ
1429 1881 1493 1908 τοι
1539 1866 1648 1909 καίΟ

265 1969 315 2002 15.
337 1967 547 2004 ἐθελόντων
571 1969 609 2003 Δ.
700 1978 756 2001 2¹.
784 1967 866 2016 τόν]
894 1967 916 2002 o‘
938 1969 1077 2013 βρανᾶς
1101 1966 1170 2004 τόν
1193 1970 1231 2002 Α.
1353 1971 1407 2005 23.
1434 1969 1608 2012 α’ξιέπαιο

261 2025 331 2050 νον
353 2016 392 2048 Α.
510 2019 566 2061 ²4·
590 2024 707 2062 συμπ.
731 2020 811 2053 τοῖς
844 2014 1031 2061 οὕγγροις
1053 2016 1094 2049 A.

170 2094 381 2139 imperator,
409 2104 450 2127 ac
483 2093 682 2140 longiorem
703 2095 780 2128 eius
808 2093 1008 2128 absentiam
1042 2099 1244 2140 suspectam
1269 2094 1405 2129 habens
1429 2095 1527 2141 (nam
1551 2097 1608 2131 in-

168 2146 310 2185 gentem
343 2141 544 2186 equitatum
570 2141 774 2185 Scythicum
798 2153 923 2186 cogere
947 2141 1154 2182 ferebatur,
1189 2148 1230 2176 ut
1253 2143 1492 2176 Romanorum
1517 2144 1607 2178 fines

170 2188 384 2234 incursaret)
417 2194 500 2222 ante
541 2190 661 2222 omnia
687 2189 927 2222 revocandum
957 2186 1202 2222 Andronicum
1226 2190 1376 2221 censuit.
1427 2190 1492 2235 (3.)
1516 2191 1606 2225 Fide

168 2234 278 2279 igitur
291 2234 375 2268 data
390 2241 607 2281 acceptaque
630 2235 813 2269 hominem
842 2235 926 2269 inde
949 2236 1123 2286 accen-sin
1150 2245 1222 2278 quo
1246 2240 1428 2279 tempore,
1452 2242 1493 2270 ut
1516 2237 1604 2276 dixi.

167 2282 283 2326 ruptis
308 2282 483 2314 Pannonii
508 2282 716 2316 foederibus
733 2284 907 2315 Romanas
932 2281 976 2314 ad
1000 2283 1130 2314 Istrum
1151 2281 1352 2324 provincias
1378 2284 1606 2328 populaban-

167 2332 248 2368 tur,
273 2327 452 2361 Miehaele
485 2334 639 2374 utroque
667 2329 788 2361 Gabra
824 2333 861 2361 et
882 2329 997 2360 Brana
1022 2327 1099 2360 acie
1124 2328 1219 2361 victo
1245 2333 1281 2361 et
1306 2329 1439 2373 praeda
1466 2331 1605 2375 ingenti

167 2374 307 2407 abacta.
331 2374 361 2407 is
392 2374 528 2408 Gabras
554 2386 670 2420 nuper
693 2374 887 2408 admodum
911 2386 990 2408 cum
1019 2374 1176 2407 Eudocia
1203 2374 1399 2409 Comnenia
1422 2377 1605 2412 Androni-

168 2421 199 2453 ci
225 2421 360 2461 amica,
385 2421 486 2454 cuius
510 2427 594 2455 ante
619 2421 858 2463 meminimus,
883 2422 1028 2466 nuptias
1054 2421 1252 2454 celebrarat
1287 2433 1394 2467 quem
1422 2424 1603 2458 Eudociae

168 2468 309 2511 cognati
338 2472 379 2500 ut
410 2468 619 2513 imperatori
653 2468 963 2510 commendarent,
994 2478 1120 2512 magno
1160 2468 1335 2512 applausu
1374 2474 1412 2503 et
1431 2470 1603 2507 laudibus

167 2513 500 2559 prosequebantur,
525 2521 563 2549 et
588 2515 627 2548 in
650 2527 768 2560 pugna
780 2516 945 2548 Hunnica
962 2516 1104 2548 fortiter
1129 2525 1166 2548 se
1192 2516 1342 2559 gessisse
1369 2516 1601 2551 affirmabant.

169 2560 268 2604 quod
289 2565 330 2594 ut
353 2560 562 2595 credibilius
602 2567 719 2604 esset,
743 2562 958 2595 Michaelem
982 2563 1132 2594 Branam
1170 2562 1343 2606 collegam
1368 2564 1445 2597 eius
1474 2571 1602 2598 testem

168 2605 339 2640 citabant.
372 2608 435 2652 qui
467 2619 546 2641 cum
567 2609 603 2642 in
643 2608 869 2654 imperatoris
893 2614 1002 2654 caput
1027 2609 1146 2641 iurare
1170 2607 1358 2642 idweretur
1381 2621 1428 2643 au
1452 2611 1601 2656 aliquod

168 2651 263 2685 sorte
290 2652 430 2686 Gabrae
462 2655 599 2688 facinus
623 2655 797 2698 vidisset,
832 2656 946 2689 dilato
983 2665 1155 2701 responso
1181 2655 1339 2688 Gabram
1360 2657 1459 2702 prius
1487 2659 1601 2690 inter—

168 2704 269 2742 rogat
292 2710 338 2732 an
362 2699 439 2745 ipse
464 2712 609 2747 quoque
635 2703 775 2748 aliquid
800 2702 909 2736 laude
927 2702 1073 2747 dignum
1098 2702 1244 2735 fecisset
1267 2714 1308 2736 ac
1333 2702 1421 2736 boni
1446 2708 1483 2736 et
1508 2710 1600 2738 stre-

169 2746 232 2779 nui
271 2744 370 2779 ducis
394 2746 516 2782 officiis
546 2749 584 2783 in
609 2760 728 2795 pugna
763 2761 841 2784 cum
867 2749 1041 2793 Dionysio
1066 2749 1316 2793 Hungarorum
1340 2749 1430 2783 duce
1454 2750 1597 2785 functus
