1878 3230
150 198 326 206 m
334 195 851 210 Ἠμῖμ-ΜΜ.·<--
862 195 1264 202 --ω--μ-ῄ--ᾳ--ᾳ
1270 192 1577 209 *ml

189 735 706 799 VARIAE
775 731 1548 796 LECTIONES

448 858 551 905 ET
602 856 1284 906 ANNOTATIONES

210 968 278 1008 IN
311 967 626 1011 NICETAE
661 967 1083 1010 CHONIATAE
1119 967 1518 1010 HISTORIAM

343 1071 470 1110 PER
513 1071 990 1111 HIERONYMUM
1034 1071 1376 1114 WOLFIUM.

946 1152 965 1170 s

224 1251 327 1303 Pag.
344 1251 384 1298 3,
405 1252 445 1290 3.
478 1251 539 1293 ed.
556 1252 687 1291 Bonn.
725 1250 909 1303 Νικήτου
937 1250 1219 1302 Ἀκωμινάτου
1247 1245 1487 1314 Χωνιᾶτου]
1514 1253 1628 1294 Νἰ-Ρ.
1649 1262 1714 1307 417

136 1312 242 1344 oetas
258 1304 415 1345 Latinis
443 1307 583 1345 Victor
599 1313 658 1345 est
687 1307 772 1346 sive
786 1307 1041 1357 Vincentius,
1061 1307 1324 1355 Acpminatus
1341 1306 1636 1359 gentilitiumv
1650 1319 1716 1363 342

136 1375 296 1409 nomen,
310 1360 525 1400 Choniates
543 1361 733 1413 patrium,
749 1375 771 1399 a
788 1360 936 1400 Chonis
946 1361 1149 1414 Phrygiae
1165 1375 1214 1399 ui
1216 1362 1279 1410 be,
1294 1374 1338 1399 ex
1350 1374 1428 1412 qua
1447 1362 1581 1400 oriun-

137 1414 235 1454 dum
245 1429 287 1454 se
304 1415 425 1455 fuisse
442 1430 489 1455 ci
491 1416 562 1454 ebi-
565 1431 589 1455 o
601 1416 816 1468 gloriatur.
834 1423 989 1455 caetera
1005 1422 1100 1455 sunt
1115 1415 1354 1480 dignitatum
1371 1415 1578 1455 vocabula.

137 1469 402 1533 Logothetam
435 1472 519 1523 ipse
551 1470 773 1511 Cancellm
764 1484 847 1509 mm
875 1472 982 1509 intei
985 1477 1185 1524 pretatur
1215 1467 1363 1522 ἔφορος
1392 1484 1460 1508 και
1489 1485 1579 1520 κρι-

136 1520 210 1575 τής
234 1524 308 1563 τοῦ
337 1522 468 1576 βήλου
498 1524 598 1578 quid
628 1526 710 1574 sit,
743 1531 857 1564 certo
883 1525 1080 1563 affirmare
1105 1539 1184 1563 non
1214 1538 1385 1577 possum.
1415 1523 1579 1563 videtur

136 1585 271 1617 tamen
302 1579 432 1630 βνὶον
464 1580 656 1618 Latinum
689 1593 800 1619 esse·
789 1609 801 1630 ,
841 1579 964 1632 idque
991 1594 1036 1618 ex
1065 1578 1217 1632 aliquot
1250 1577 1346 1616 locis
1378 1579 1578 1617 Constan-

135 1635 210 1671 tini
245 1633 296 1672 de
324 1633 682 1673 Administratione
712 1634 884 1673 Romani
917 1633 1080 1685 Imperii
1126 1639 1307 1672 constare
1338 1639 1482 1695 potest.
1513 1628 1579 1671 ἔν-

138 1686 227 1735 don,
245 1688 515 1754 inquit71017
539 1684 671 1739 βήλου
702 1688 777 1727 τοῦ
804 1688 1067 1740 κοεμαμένου
1094 1687 1152 1734 εἷς
1176 1683 1250 1739 τὴν
1279 1683 1474 1751 καμάοαν
1503 1694 1576 1725 etc.

136 1749 176 1780 et
218 1740 476 1792 εἷσὲ)χοινται
505 1742 549 1782 ἐν
577 1743 635 1780 τῶ
662 1741 798 1808 βήλω
806 1742 862 1806 τῷ
892 1740 1138 1796 κρεμαμένου
1169 1741 1228 1788 εἰς
1252 1737 1296 1780 τὸ
1326 1736 1443 1792 ἆγιον
1472 1739 1577 1793 φρέ-

139 1810 207 1846 αρ.
239 1798 332 1835 item
371 1793 440 1835 διὰ
481 1797 563 1836 τῶν
590 1781 732 1848 ῥῖἡλων
774 1782 856 1836 ὑπό
887 1796 969 1836 τῶν
996 1781 1288 1847 σελεντιαρίων
1324 1796 1580 1847 συρομέιων.

135 1850 204 1889 foi
208 1854 318 1890 tassis
345 1854 602 1890 secretionem
632 1859 671 1891 et
701 1852 892 1892 selectum
927 1850 1098 1890 iudicem
1130 1865 1204 1903 per
1234 1850 1380 1889 Velum
1422 1849 1575 1889 intelli-

137 1906 221 1955 git,
252 1907 305 1945 ob
336 1906 458 1945 1itum
490 1906 666 1959 aliquem
711 1907 811 1945 mihi
841 1908 1102 1959 incognitum.
1142 1919 1309 1958 magnae
1346 1904 1468 1943 fuisse
1511 1904 1575 1943 di-

136 1961 297 2010 gnitatis
327 1975 472 1999 munus
488 1975 532 1999 ex
566 1962 685 2000 huius
713 1962 905 2000 historiae
933 1961 1105 2000 lectione
1124 1966 1321 2012 apparet3
1349 1958 1574 1998 cuiusmodi

137 2014 247 2066 apud
277 2029 361 2065 nos,
391 2018 464 2054 etsi
508 2014 624 2079 longe
673 2018 830 2065 minus,
871 2021 931 2055 est
973 2017 1165 2054 Gamerae
1204 2013 1364 2078 imperii
1404 2027 1575 2052 assesso-

137 2083 224 2106 rem
254 2083 352 2108 esse.
410 2067 431 2108 ὁ
473 2067 633 2120 γενικός
668 2068 739 2110 ἐπὶ
777 2069 857 2109 τῶν
893 2071 1068 2122 κρίσεων
1107 2067 1178 2107 καί
1209 2065 1360 2122 ἔφορος
1397 2068 1575 2107 fortassis

138 2131 302 2175 praetor
332 2123 421 2163 fuit.

245 2178 311 2217 Ad
351 2180 602 2231 prooemium
645 2179 767 2218 huius
800 2180 1000 2228 auctoris,
1037 2177 1108 2217 ubi
1135 2192 1251 2218 suum
1276 2177 1572 2231 perspicuitatis

136 2231 312 2271 studium
341 2234 462 2272 iactat
498 2236 549 2286 (p.
584 2235 623 2281 5,
657 2235 750 2284 ao),
793 2234 918 2272 homo
954 2232 1148 2286 quidam,
1187 2240 1232 2271 ut
1261 2239 1456 2285 apparet,
1489 2246 1572 2270 non

135 2286 355 2338 infacetus,
389 2288 571 2327 fortassis
600 2288 827 2327 Alexander
853 2287 1183 2351 Cha-rtophylax,
1211 2287 1401 2326 diaconus
1430 2285 1570 2339 Cpoli-

138 2345 280 2389 tanus,
315 2343 385 2395 qui
411 2342 591 2383 codicem
619 2357 744 2382 manu
771 2357 843 2382 sua
867 2343 1062 2396 scriptum
1095 2342 1266 2381 Iohanni
1291 2341 1514 2381 Dernschw
1517 2354 1570 2379 an

137 2395 351 2448 vendidit,
377 2398 608 2437 annotavit:

356 2462 432 2500 οὐκ
460 2457 554 2502 οἶδα
581 2461 628 2502 τί
649 2458 733 2516 φῂς
760 2459 939 2512 ἐνθάδε,
976 2457 1213 2501 Χωνειάτα.

355 2514 486 2579 σοφὸν
515 2513 559 2555 τὸ
591 2517 728 2580 σαφὲς
753 2513 1010 2579 συγγράφων
1035 2511 1140 2556 εἶναι
1161 2516 1326 2578 λέγεις,

354 2562 445 2607 εἶτα
477 2569 681 2623 γρυφώὸη
708 2586 776 2610 και
803 2566 1066 2623 βαραθοώὸη
1093 2565 1291 2622 γράφειςς

355 2635 458 2687 quid
481 2636 588 2674 istud
610 2641 697 2674 est?
719 2637 822 2691 quid
845 2636 1042 2675 choniata
1067 2637 1132 2674 vis
1155 2635 1258 2674 tibi?

353 2689 550 2726 emtionis
575 2690 742 2728 lucidum
763 2691 912 2744 probas
939 2691 1075 2738 decue,

353 2743 611 2784 tenebrzbosus
637 2745 767 2783 instar
789 2746 874 2798 ipse
906 2745 1108 2783 Tartar-1⁹
