1878 3230
316 159 389 199 DE
415 155 609 197 Ammo
651 149 846 193 lsAAmi
887 150 1419 194 ANGEL1FR.L113.111.
1502 153 1613 207 7¹9

165 260 237 301 καί
277 259 611 312 ζωγρουμένους,
651 254 785 302 ένίους
821 255 868 294 δὲ
907 256 980 296 καί
1007 254 1064 302 αἷς
1091 252 1162 295 διά
1199 269 1308 304 τινος
1347 253 1512 307 ἱμονιιῖς
1539 256 1614 307 τῆς

165 323 354 374 ἁλύσεως
387 322 602 370 κατιόντας
622 335 668 362 τε
688 321 764 361 καί
780 319 989 369 εἰσιόντας
1017 318 1093 369 τὰς
1120 320 1252 361 ἐκεῖσε
1269 320 1472 375 ἡμετέρας
1497 318 1615 373 τριή-

166 406 280 446 ρεις,
316 388 496 438 πολλοὺς
526 389 574 429 δὲ
612 387 684 428 καί
710 383 957 439 κυμβάχους
986 384 1089 428 κατὰ
1118 388 1262 439 βυθοῦ
1287 389 1542 443 φερομένους
1570 384 1616 427 ἐν

165 460 223 514 τῷ
251 459 325 511 τῆς
367 451 558 502 ἁλύσεως
599 453 863 506 διαμαρτεῖν.
935 448 1026 494 εἶτα
1054 450 1129 492 καὶ
1156 447 1288 506 αὖτῆς
1315 453 1616 507 διαρραγείσης

125 521 262 564 ὄεῖσω
290 519 455 574 ξύμπας
485 516 508 558 ὅ
538 519 733 569 πολέμιος
761 514 903 565 στόλος
931 516 1158 571 εἰσρύεται.
1216 520 1300 559 τῶν
1325 519 1364 559 δ’
1389 517 1615 572 ἦμεὸαπῶν
1628 527 1661 562 P.
1678 528 1745 562 350

162 591 367 643 τριηρέων
395 585 441 626 αἱ
468 585 547 636 μὲν
576 584 728 624 αὐτίκα
754 584 1027 636 χειροῦνται,
1052 582 1162 626 αἰδὲ
1191 587 1250 640 τῷ
1275 586 1347 639 τῆς
1367 583 1526 634 πόλεως
1551 584 1617 626 αι’-

161 653 295 710 γιαλιῖί
335 648 708 705 προσεγχρίψασαι
748 650 972 702 τιτρῶνται
1011 647 1119 702 μετὰ
1148 648 1225 704 τὴν
1243 651 1325 691 τῶν
1351 649 1616 702 ἐμπλεόντων

160 720 350 761 κένωσιν.
405 717 479 758 καί
504 710 554 769 ἦν
581 714 798 762 πολυειδὲς
822 711 868 755 τὸ
898 712 1049 767 κακόν,
1076 716 1178 770 μηδ’
1208 714 1280 757 ε’πί
1304 716 1482 769 καρδίαν
1509 711 1618 762 ὅλως

162 783 280 833 τινὸς
306 779 437 825 ιῖνιόν.
493 781 679 822 ἐνίστατο
707 780 754 820 δὲ
785 779 875 821 τότε
905 778 992 835 μὴν
1023 777 1207 834 Ἰούλιος,
1235 781 1314 822 τοῦ
1339 778 1616 834 ἑξακισχιλιο-

102 851 266 892 ιοστοῦ
308 844 637 890 ἓπτακοσιοστοῦ
681 841 899 887 ἑνδεκάτου
945 844 1082 897 ἔτους.
1142 843 1470 900 ἅνοχευσάμενοι
1501 848 1542 888 δ’
1569 849 1617 889 ἐκ

160 916 308 957 τούτου
340 911 494 968 μικρὸν
526 911 566 954 οἱ
594 915 802 964 Λατῖνοι,
832 910 907 953 καί
934 908 1033 954 ὅσον
1058 911 1104 954 τὸ
1131 913 1324 968 ποιητέον
1352 914 1616 965 σκέψασθαι,

161 978 200 1022 οἱ
224 981 304 1033 μὲν
328 977 436 1032 μετὰ
466 979 550 1020 τῶν
582 979 693 1033 νηῶν
711 1010 724 1031 ,
771 978 797 1032 ἧ
827 980 866 1019 δ’
890 979 1016 1027 ἵππος
1040 976 1149 1032 μετὰ
1178 979 1251 1034 τῆς
1277 978 1617 1033 προβεβλημένης

161 1047 289 1100 πεζῆς
314 1045 519 1099 στρατιᾶς
547 1044 607 1101 τῷ
633 1043 856 1102 Κοσμιδίῳ
891 1044 1165 1101 ἐφίστανται,
1199 1042 1358 1099 μικρὰν
1385 1042 1617 1100 έφευρηκό-

160 1126 229 1161 τες
255 1113 302 1153 ἐκ
331 1112 415 1153 τῶν
437 1109 658 1163 Ῥωμαίων
687 1111 927 1152 α’ντίστασιν
954 1108 1054 1164 περὶ
1099 1109 1174 1164 τὴν
1202 1111 1294 1151 ἐκεῖ
1313 1124 1395 1150 που
1423 1110 1618 1164 γέφυραν

102 1180 148 1221 ι5
162 1178 234 1219 καί
259 1175 331 1219 τὸν
355 1173 575 1230 λεγόμενον
606 1173 823 1231 Τρυπητόν
839 1178 974 1218 λίθον.
1028 1174 1103 1218 καί
1129 1173 1180 1218 τὰ
1205 1177 1285 1228 μὲν
1307 1179 1434 1216 πλοῖα
1476 1177 1550 1216 καί
1570 1173 1618 1216 αἱ

159 1245 256 1297 νῆες
295 1243 369 1284 καί
395 1239 434 1283 οἱ
457 1239 664 1295 δρόμωνες
696 1242 787 1283 ἐκεῖ
807 1256 887 1282 που
909 1232 1224 1297 προσίσχουσιν,
1258 1237 1280 1281 ὅ
1310 1242 1358 1282 δὲ
1383 1239 1617 1295 στρατηγὸς

159 1305 408 1364 στρατήγιον
442 1304 621 1362 πήγνυσι
658 1308 950 1363 διειλημμένον
978 1308 1023 1349 ἐν
1046 1308 1167 1361 μέρει
1197 1305 1389 1361 ὄρυκτοῑς
1416 1307 1653 1362 >gaqum-3

158 1389 266 1427 μασι
282 1375 355 1415 καί
369 1373 547 1423 ξυλίνοις
571 1373 947 1426 περισταυρώμασι
966 1372 1068 1429 περὶ
1090 1370 1136 1414 τὸ
1158 1370 1370 1429 γεώλοφον
1387 1371 1461 1427 ἀφ’
1484 1367 1615 1426 οὗπερ

158 1439 292 1494 ὁρατὰ
318 1440 397 1492 μὲν
424 1438 475 1480 τὰ
504 1440 549 1482 ἐν
581 1439 849 1495 Βλαχέρναις
875 1437 1116 1495 ἀνάκτορα,
1153 1436 1290 1482 ὅπόσα
1322 1442 1486 1481 νένευκε
1511 1436 1617 1494 πρὸς

97 1522 148 1551 20
160 1501 352 1560 ἑσπέραν·
380 1503 477 1557 περὶ
505 1506 552 1546 δέ
567 1520 611 1558 γε
641 1503 718 1560 την
744 1502 896 1546 τούτου
915 1503 1123 1558 ὑπόβασιν
1139 1502 1336 1555 ὗπτισίζει
1357 1520 1420 1553 τις
1438 1499 1614 1554 αὔλειος,
1628 1515 1745 1552 v,238

162 1569 272 1625 πρὸς
299 1573 566 1626 μεσημβρίαν
591 1573 669 1623 μὲν
697 1571 742 1619 ἐς
770 1569 817 1612 τό
848 1577 988 1624 τεῖχος
1014 1570 1204 1625 λήγουσα
1237 1568 1337 1625 ὅπερ
1366 1569 1504 1624 ἔρυμα
1533 1572 1617 1611 τῶν

159 1637 344 1692 α’ρχείων
372 1635 393 1678 ὁ
421 1635 622 1689 βασιλεὺς
649 1635 841 1691 α’νήγειρε
862 1637 1101 1692 Μανουήλ,
1133 1636 1242 1678 κατα
1264 1638 1310 1677 δὲ
1334 1638 1495 1690 βορρᾶν
1521 1630 1616 1676 ἆνε-

159 1719 239 1756 μον
269 1704 319 1759 τῇ
349 1701 543 1760 θαλάσσῃ
573 1701 809 1756 ἐγγίζουσα.
867 1703 1020 1758 σκηνάς
1058 1719 1104 1745 τε
1135 1698 1212 1745 οὖν
1239 1702 1375 1758 ὀρθὰς
1399 1699 1544 1755 ἐώρων
1573 1701 1614 1743 οἱ

160 1770 206 1812 ἐν
232 1774 317 1819 τοῖς
353 1771 534 1823 τείχεσι,
572 1766 646 1810 καί
687 1771 846 1825 μικροῦ
881 1770 1167 1822 διομιλεῖσθαι
1204 1765 1319 1822 εἶχον
1346 1773 1433 1817 τοῖς
1459 1769 1504 1810 έν
1531 1762 1612 1809 αὖ·

250 1915 285 1948 9.
313 1901 666 1948 ἑξακισχιλιοστοῦ]
705 1903 803 1947 ςψια
834 1903 871 1938 Β.
986 1903 1037 1946 14.
1069 1901 1138 1944 τὴν
1172 1901 1293 1935 ἐκεῖσε
1327 1900 1609 1947 ὀνομαζομένην

253 1950 436 1995 καμήλων
459 1951 634 1994 γέφυραν
657 1949 695 1984 Β.
791 1961 847 1984 20.
872 1949 1117 1994 περιαύλειος
1142 1942 1231 1990 αὐλῆ
1254 1945 1351 1992 πρός
1371 1949 1608 1994 μεσημβρίαν

253 1998 427 2042 κειμένη,
451 1996 733 2042 α’κουμβίζουσα
756 1996 811 2034 εἰς
837 1990 879 2030 τὸ
908 2001 1032 2041 τεῖχος
1057 1996 1131 2032 τῶν
1151 1997 1342 2030 παλαιίων
1366 1996 1404 2027 Β.

161 2119 243 2159 ptos
269 2114 308 2147 in
335 2112 449 2147 undas
486 2114 728 2159 praecipitari.
754 2115 887 2148 deinde
912 2115 976 2149 illa
998 2115 1109 2151 fracta
1131 2120 1209 2148 tota
1232 2114 1355 2147 classis
1381 2113 1524 2148 hostilis
1547 2114 1605 2148 in-

160 2159 332 2205 greditur.
356 2172 439 2194 mox
464 2162 627 2194 triremes
661 2167 806 2195 nostrae
834 2163 964 2207 partim
987 2163 1190 2208 capiuntur,
1215 2162 1309 2194 aliae
1345 2159 1391 2194 ad
1418 2161 1520 2194 littus
1544 2172 1606 2194 ur-

160 2207 218 2240 bis
243 2208 418 2252 appulsae
457 2208 588 2253 fugatis
615 2208 821 2242 vectoribus
847 2210 1060 2243 lacerantur.
1087 2215 1165 2242 erat
1194 2209 1329 2242 malum
1356 2208 1395 2241 id
1425 2208 1516 2241 adeo
1541 2208 1604 2241 v‘a-

163 2254 255 2286 rium
288 2260 330 2287 ut
363 2254 500 2288 nullius
534 2255 690 2288 hominis
722 2257 941 2301 cogitatione
979 2257 1156 2301 integrum
1196 2254 1453 2300 comprehendi
1476 2255 1602 2299 possit.

163 2307 281 2334 actum
316 2301 386 2334 hoc
416 2307 471 2334 est
503 2313 627 2335 meuse
665 2303 783 2344 Iulio,
815 2314 910 2337 anno
935 2302 1045 2336 VIM
1067 2303 1218 2337 DCCXI.
1250 2302 1336 2336 iude
1374 2302 1494 2335 Latini
1520 2313 1602 2334 cum

162 2352 301 2381 tantum
340 2349 563 2393 quievissent
589 2354 764 2394 quantum
789 2349 836 2382 ad
872 2349 1146 2383 deliberandum
1172 2350 1258 2383 satis
1288 2354 1404 2390 esset,
1432 2348 1495 2381 alii
1520 2359 1602 2380 cum

163 2393 325 2432 navibus,
348 2397 489 2440 equites
509 2406 594 2428 vero
611 2407 691 2428 cum
714 2396 885 2430 adiuncto
902 2397 1068 2442 peditatu
1095 2396 1141 2429 ad
1155 2397 1376 2430 Cosmidium
1405 2394 1600 2434 accedunt,

163 2451 289 2484 parum
303 2443 470 2475 Romanis
495 2443 602 2476 armis
624 2443 670 2475 ad
682 2449 828 2488 pontem
854 2449 890 2477 et
914 2445 1032 2476 locum
1049 2444 1325 2489 quiPerforatus
1349 2443 1440 2487 lapis
1467 2441 1600 2474 dicitur

163 2487 346 2530 impediti,
373 2499 414 2521 ac
444 2501 551 2522 naves
584 2491 701 2523 omnis
735 2491 875 2535 generis
910 2491 962 2524 ibi
988 2491 1188 2536 appellunt.
1219 2490 1293 2523 dux
1331 2491 1601 2522 castrametatur

165 2534 295 2577 partim
320 2534 414 2567 fossa
436 2537 567 2580 partim
589 2537 694 2569 vallis
718 2538 819 2571 iuxta
843 2538 973 2571 collem
998 2537 1241 2578 circumdata,
1268 2548 1312 2569 ex
1336 2547 1408 2581 quo
1434 2533 1596 2566 Blacher-

165 2580 226 2612 nia
255 2580 367 2623 regi-1,
392 2592 463 2626 qua
490 2582 537 2615 ad
561 2594 724 2616 occasum
748 2585 873 2629 vergit,
896 2585 1127 2630 conspicitur.
1148 2585 1242 2617 circa
1266 2583 1475 2616 descensum
1501 2579 1601 2612 illius

164 2626 384 2658 vestibulum
417 2628 599 2671 quoddam
635 2641 757 2663 versus
782 2631 969 2664 meridiem
994 2631 1176 2676 aperitur,
1201 2632 1240 2663 in
1265 2641 1346 2662 eum
1372 2638 1513 2660 murum
1536 2625 1601 2674 de‘.

166 2673 287 2705 sinens
313 2684 420 2717 quem
431 2674 579 2708 Manuel
606 2677 794 2710 muniendi
822 2679 963 2711 castelli
989 2689 1095 2711 causa
1121 2677 1271 2717 struxit3
1297 2686 1419 2707 versus
1447 2673 1598 2717 Septen·

166 2720 321 2753 trionem
346 2731 430 2753 vero
460 2732 573 2766 prope
595 2733 692 2756 mare
723 2725 927 2769 porrigitur.
957 2735 1039 2769 ergo
1065 2725 1129 2769 qui
1155 2724 1194 2757 in
1219 2723 1307 2756 urbe
1333 2725 1456 2762 erant,
1481 2725 1599 2752 erecta
