1878 3230
337 216 410 256 DE
448 212 643 255 ALExio
683 213 876 256 isAAcn
917 211 1118 255 ΑΝοιῑιι
1158 214 1242 255 m.
1272 215 1372 255 Lm.
1399 216 1472 254 111.
1541 194 1651 268 715

206 313 353 366 βάλλει
380 313 453 355 καί
477 316 620 367 κῦμα,
649 309 672 353 ὅ
699 328 853 368 φασιν,
892 313 963 354 ἐπὶ
1000 313 1156 365 κύματι
1179 313 1405 366 Ῥωμαίοις
1445 311 1654 354 ἑπικυλίν-

206 381 340 421 δεται·
398 380 580 430 Ἀλέξιος
606 377 685 432 γὰρ
721 378 742 418 ὅ
770 384 868 426 παῖς
897 379 1102 420 Ἰσαακίου
1131 380 1208 421 τοῦ
1232 379 1428 433 Ἀγγὲλου
1459 376 1655 434 γράμμα-

205 461 274 487 σιν
300 443 573 501 ἐφοδιασθεὶς
596 445 673 486 τοῦ
704 442 821 484 mina
846 441 1007 498 Ῥώμης
1045 444 1121 498 τῆς
1150 447 1438 499 πρεσβυτέρας
1469 445 1542 486 καί
1577 445 1654 486 τοῦ

206 508 330 566 ῥηγός
359 507 613 563 Ἀλαμανίας
643 510 855 551 Φιλίππου
873 541 884 562 ,
912 508 1091 564 χάριτας
1117 510 1316 564 μεγίστας
1341 506 1652 564 ὁμολογούντων

167 575 293 625 5τοῖς
319 579 575 630 πειρατικοῖς
602 573 765 623 τούτοις
795 575 1086 629 ἐργαστηρίοις
1122 577 1163 617 εἰ
1197 575 1271 616 τὸν
1294 575 1478 627 Ἀλέξιον
1515 576 1650 617 εἰσδέ-

204 645 346 693 ξονται
373 639 447 682 καί
471 639 577 694 πρὸς
604 639 679 694 τήν
707 637 905 698 πατρῴαν
930 642 1226 694 ἐπαναγάγωσι
1254 640 1503 695 βασιλείαν,
1531 657 1650 696 τρισ-

203 705 385 760 άσμενος
420 704 530 759 μετὰ
560 705 711 762 καιρὸν
746 709 804 763 τῷ
830 706 961 764 στόλῳ
989 706 1225 761 ἐφίσταται,
1247 706 1320 748 καί
1347 709 1650 762 προσβλέπεται

202 772 259 822 ῶς
288 771 337 814 οὖ
358 768 484 824 μόνον
510 770 580 814 τὸν
604 770 712 813 κατὰ
736 771 958 824 Ῥωμαίων
986 771 1210 829 λῃστρικὸν
1238 771 1416 814 ἔκπλουν
1437 788 1648 827 μετασχη-

199 840 388 890 ματίσων
415 836 522 893 πρὸς
552 835 598 880 τό
627 835 873 893 εὐάφορμον
900 837 973 880 καί
1011 835 1318 894 διαμορφοίσων
1344 837 1450 893 πρὸς
1484 837 1534 880 τό
1576 834 1648 880 εὖ·

141 916 189 944 ιο
201 901 443 958 πρόσωπον,
472 902 580 945 ἄλλα
605 904 681 945 καί
703 902 932 959 χρημάτων
966 906 1323 960 α’ποθεραπεύσων
1362 906 1560 958 σωρείαις
1597 905 1684 946 τὸΒ

199 969 422 1024 κερδαλέον
451 970 622 1012 ἐκείνων
659 968 732 1011 καί
768 969 1086 1026 φιλοχρήματον
1123 968 1340 1026 φρόνημα.
1394 969 1468 1013 τὸν
1507 972 1647 1012 τοίνυν

190 1030 380 1084 Ἀλέξων
409 1035 462 1076 ου’
487 1036 644 1088 μᾶλλον
667 1033 743 1090 τήν
772 1036 937 1089 ἡλικίαν
963 1030 992 1091 ἢ
1019 1035 1093 1085 τὰς
1128 1037 1287 1091 φρένας
1313 1036 1512 1088 νεάζοντα
1540 1050 1646 1076 παν-

199 1101 345 1155 οῦργοι
383 1098 538 1149 πάντες
573 1102 647 1143 καί
672 1099 916 1155 πράγμασιν
935 1103 1178 1152 έντακέντες
1204 1097 1352 1155 ἄνδρες
1379 1099 1647 1156 παραλαβόν·

196 1180 265 1215 τες
286 1167 459 1214 ἐκείνοις
485 1167 532 1208 ἐν
562 1162 702 1222 ὅρκοις
722 1169 956 1209 συνθέσθαι
985 1169 1246 1221 παρέπεισαν
1265 1166 1295 1208 οἳ
1317 1168 1522 1221 μηδαμῶς
1549 1166 1645 1208 ἑπε-

136 1230 184 1272 15
197 1230 323 1287 φύκει
351 1235 483 1287 πέρας
509 1234 671 1285 λαβεῖν.
730 1234 783 1272 ου’
808 1230 889 1288 γάρ
921 1231 1049 1285 μόνον
1074 1232 1297 1281 θαλάσσας
1320 1230 1550 1288 χρημάτων
1577 1233 1644 1273 αι’-

193 1298 441 1351 τησαμένοις
465 1298 688 1339 κατένευσε
715 1296 761 1339 τὸ
788 1297 1029 1353 μειράκιον,
1063 1297 1170 1340 ἀλλά
1198 1301 1272 1340 καί
1298 1298 1501 1353 σύναρσιν
1533 1296 1640 1339 κατα

195 1365 482 1418 Σαρρακηνῶν
506 1366 609 1416 μεθ’
637 1362 891 1417 ὁπλομάχων
906 1364 1127 1417 Ῥωμαίων
1160 1365 1235 1406 καί
1270 1364 1501 1420 τρικρότων
1532 1365 1644 1418 νηῶν

191 1427 454 1484 πεντήκοντα.
512 1428 558 1471 τὸ
587 1430 636 1471 δὲ
664 1429 715 1484 δὴ
743 1432 890 1483 μεῖζον
917 1429 991 1471 καί
1024 1429 1321 1483 α’τοπώτατον,
1349 1428 1642 1485 παρεκτροπήν

192 1497 391 1549 πίστεως,
421 1494 545 1538 ὁποία
572 1501 658 1546 τοῖς
686 1499 890 1545 Λατίνοις
920 1494 1178 1549 ἀσπάζεται,
1207 1497 1280 1538 καί
1305 1497 1389 1538 τῶν
1416 1498 1491 1538 τοῦ
1517 1494 1638 1537 πάπα

129 1573 180 1600 20
192 1563 428 1616 προνομίων
455 1559 702 1615 καινισμόν,·
725 1561 953 1615 μετάθεσίν
982 1577 1026 1603 τε
1054 1561 1128 1603 καί
1152 1562 1426 1616 μεταποίησιν
1444 1563 1527 1603 τῶν
1555 1575 1676 1608 πασς

191 1628 325 1667 λαιῶν
344 1627 570 1680 Ῥωμαίοις
597 1629 710 1669 ἐθῶν
738 1630 1029 1682 συγκατέθετο.

301 1694 396 1734 Καὶ
433 1691 483 1748 δὴ
531 1691 555 1734 ὅ
597 1694 677 1746 μὲν
716 1690 861 1742 στόλος
889 1691 939 1734 τὰ
979 1690 1224 1748 πρυμνήσια
1250 1691 1383 1741 λύσας
1413 1690 1635 1746 κατάγεται

191 1757 296 1815 πρὸς
319 1757 522 1813 Ἰάδαρα,
567 1760 640 1802 καί
676 1754 728 1813 ἦν
756 1757 865 1807 αὐτὰ
902 1760 1158 1815 πολιορκῶν,
1187 1757 1313 1809 δόξαν
1342 1753 1450 1800 οὕτω
1478 1760 1535 1815 τῷ
1561 1760 1636 1810 τῆς

285 1884 316 1917 7.
343 1863 454 1918 μετὰ]
481 1863 599 1925 segrei?
752 1881 803 1916 ¹9·
826 1869 867 1906 τὸ
895 1862 965 1907 τόν
987 1870 1121 1907 πάπαν
1140 1872 1293 1916 πρῶτον
1319 1869 1576 1917 μνημονεύειν
1597 1870 1633 1903 B.

283 1929 341 1953 20.
366 1927 552 1965 κενισμον
578 1918 617 1951 Α.

190 2037 232 2066 ut
257 2031 399 2065 dicitur.
432 2043 512 2064 nam
537 2032 684 2064 Alexius
709 2032 836 2065 Isaacii
860 2033 987 2076 Angeli
1014 2032 1110 2065 filius
1126 2058 1134 2071 ‚
1168 2031 1301 2065 litteris
1335 2031 1466 2064 veteris
1502 2031 1632 2063 Romae

187 2079 370 2124 pontificis
396 2084 434 2111 et
461 2078 550 2122 regis
573 2079 807 2112 Alemanniae
834 2079 992 2124 Philippi
1014 2079 1234 2119 instructus,
1274 2078 1337 2123 qui
1365 2077 1522 2122 piraticis
1555 2077 1633 2110 istis

188 2125 350 2169 collegiis
374 2125 568 2170 plurimum
603 2137 641 2158 se
668 2125 857 2158 debiturus
892 2126 1177 2170 profitebantur,
1218 2126 1248 2158 si
1283 2125 1551 2158 adolescentem
1595 2124 1633 2157 in

187 2173 344 2217 patrium
380 2172 569 2216 imperium
595 2173 853 2212 restituerent,
885 2173 1072 2217 aliquanto
1096 2178 1180 2218 post
1206 2172 1440 2217 cupidissime
1469 2170 1516 2203 ad
1539 2170 1633 2203 clas-

188 2230 263 2252 sem
291 2224 328 2252 et
352 2219 518 2263 pervenit
541 2224 579 2252 et
608 2219 809 2263 excipitur,
834 2224 876 2251 ut
901 2220 964 2264 qui
996 2231 1070 2252 non
1094 2225 1233 2253 tantum
1268 2219 1500 2252 latrocinium
1538 2217 1632 2250 iuud

186 2271 311 2298 contra
334 2267 511 2299 Romanos
534 2266 739 2299 institutum
766 2277 975 2310 promovere
1001 2272 1038 2299 et
1059 2266 1211 2299 honesta
1244 2266 1364 2310 specie
1390 2266 1535 2304 fucare,
1567 2263 1632 2296 sed

188 2317 226 2344 et
250 2312 483 2356 pecuniarum
509 2313 643 2345 acervis
666 2313 824 2358 ipsorum
854 2314 1039 2346 avaritiam
1065 2313 1211 2358 explere
1235 2318 1368 2358 posset.
1397 2313 1427 2345 is
1458 2322 1532 2344 non
1570 2321 1631 2343 ae-

186 2363 262 2391 tate
286 2359 397 2403 magis
421 2370 528 2404 quam
551 2360 671 2392 animo
705 2370 819 2403 puer,
850 2371 871 2392 a
901 2360 988 2394 viris
1013 2360 1153 2393 callidis
1179 2366 1216 2393 et
1240 2360 1394 2393 versutis
1424 2363 1630 2402 susceptus,

187 2405 326 2449 pepigit
349 2411 387 2439 et
414 2412 636 2439 sacramento
661 2407 815 2439 firmavit
845 2417 887 2439 ea
925 2417 962 2439 se
996 2407 1245 2451 praebiturum
1281 2417 1376 2451 quae
1406 2404 1556 2450 perduci
1584 2402 1630 2435 ad

189 2451 324 2484 exitum
348 2452 495 2485 minime
521 2458 700 2498 poterant.
724 2464 792 2486 nec
819 2453 915 2486 enim
939 2454 1051 2486 maria
1081 2455 1317 2499 pecuniarum
1349 2453 1526 2486 duntaxat
1555 2449 1629 2482 illis

188 2497 458 2542 postulantibus
485 2500 673 2544 promisit,
709 2499 771 2532 sed
798 2505 835 2533 et
858 2501 1033 2533 auxilium
1065 2506 1187 2533 contra
1217 2501 1430 2533 Sarracenos
1455 2509 1534 2530 cum
1560 2499 1631 2529 Ro-

188 2544 304 2576 manis
328 2545 504 2580 militibus
528 2551 566 2579 et
591 2547 617 2578 L
641 2545 858 2580 triremibus.
887 2553 924 2579 et
947 2546 1046 2591 quod
1070 2548 1186 2580 maius
1214 2553 1269 2580 est
1294 2558 1335 2579 ac
1363 2546 1470 2588 longe
1503 2543 1631 2576 absur-

190 2589 292 2630 dius,
318 2590 523 2625 Latinorum
546 2593 775 2638 depravatam
802 2593 1012 2637 religionem
1036 2593 1277 2638 amplectitur,
1303 2598 1339 2626 et
1362 2589 1630 2636 privilegiorum

188 2635 370 2681 papalium
396 2637 664 2673 innovationem
699 2645 736 2674 et
767 2645 926 2674 veterem
953 2641 1194 2674 Romanorum
1226 2640 1473 2672 institutorum
1510 2641 1630 2669 muta-

187 2683 324 2715 tionem
350 2683 553 2727 pollicetur.

282 2729 403 2762 Classe
427 2730 552 2763 Iadara
577 2737 744 2775 provecta
772 2733 870 2765 iussu
895 2733 1055 2766 Danduli
1078 2733 1298 2766 Venetorum
1327 2729 1426 2763 ducis
1450 2728 1536 2762 urbs
1562 2728 1629 2762 ob-

190 2776 329 2811 sidetur
342 2776 387 2811 ob
406 2782 508 2811 vetus
532 2777 713 2822 quoddam
738 2778 865 2813 foedus
891 2779 1075 2819 violatum,
1105 2784 1146 2813 ut
1173 2778 1302 2812 aiebat.
1331 2782 1368 2811 at
1390 2777 1626 2811 Romanorum
