1838 3210
588 193 858 238 mmmm
900 193 1208 236 comum-115.
1536 175 1570 229 3
1584 194 1603 228 1

167 295 443 348 τακομπάζων
487 296 562 349 τῆς
590 293 781 351 φύσεως,
821 293 884 335 ἔτι
913 295 986 335 καί
1009 293 1086 349 την
1113 294 1318 348 βασιλέως
1344 294 1614 346 κατεμωκᾶτο

165 359 403 417 παράταξιν
444 362 519 402 καί
556 362 829 416 προυκαλεῖτο
871 359 1051 414 ἅναίδην
1099 357 1171 402 τὸν
1211 359 1430 414 έπιλέγδην
1471 358 1614 414 ἐκείνῳ

167 425 582 482 συμπλακησόμενον.
650 423 796 478 α’μέλει
837 426 912 466 καὶ
946 424 1148 477 βασιλεῦς
1197 421 1401 467 ἐπιτάττει
1428 429 1515 473 τοῖς
1540 439 1615 465 τα-

168 490 366 546 ξιάρχαις
395 494 441 534 ἐκ
468 491 545 533 τοῦ
575 489 729 533 αὐτίκα
756 490 838 531 ταῖν
865 489 1052 543 α’λκᾲιων
1071 491 1165 533 τινὰ
1193 491 1464 545 στρατιωτῶν
1496 489 1615 531 α’ντι-

131 557 288 609 5τάξαι
325 559 382 615 τῷ
408 558 610 614 Ἀρμενίῳ
642 555 875 609 ἅντιζιιαχον
904 554 1148 610 α’ξιόμαχον.
1180 555 1237 606 ὥς
1265 550 1341 597 οὖν
1355 552 1617 610 Εὖστράτιός

167 639 231 672 τις
257 626 304 666 ἐκ
330 623 408 665 τοῦ
434 624 518 664 τῶν
535 618 796 664 Μακεδόνων
815 621 1016 676 ἐπεκρίθη
1038 619 1265 675 τάγματος,
1286 621 1413 671 dunig
1432 621 1548 679 αὐτῷ
1573 622 1617 671 ές
1628 630 1664 664 Ρ.
1680 631 1721 666 ι6

168 687 430 744 α’νδρόμηκες
456 689 657 730 κατιοῦσα
679 689 842 729 δίδοται
863 685 935 728 καί
952 685 1099 742 σπάθη
1116 686 1366 742 νεόσμηκτος
1392 687 1619 742 ἐγχειρίζε-

167 770 256 796 ται.
282 751 396 795 οὕτω
413 756 449 795 δ’
467 753 685 802 ὅπλισθείς
702 751 968 808 Εὕστράτιος
988 749 1226 808 ἀφίσταται
1245 755 1324 806 μὲν
1343 754 1425 794 τῶν
1438 750 1622 806 Ῥωμαῖ-

167 822 251 862 κῶν
266 822 383 874 ἰλῶν,
398 818 499 875 περὶ
524 820 571 861 δὲ
585 821 663 861 τοῦ
688 816 878 875 γηλόφου
891 817 944 860 τά
963 818 1181 873 κράσπεδα
1210 815 1382 867 ἐπιστάς
1410 818 1673 860 §noxam-v.
1693 824 1732 859 ι3

111 899 156 926 10
167 887 293 940 βῆναι
333 885 479 942 βραχὺ
507 883 580 928 τόν
617 885 834 940 Ἀρμένιον
881 887 1183 939 προυκαλεῖτο,
1213 879 1328 932 ὅπως
1358 883 1404 925 έν
1436 885 1619 942 ἰσοπέδῳ

169 952 524 1006 διαγωνίσωνται,
567 949 683 1006 εἴπερ
726 950 897 1005 α’ληθῶς
937 947 1017 1004 τήν
1056 951 1294 1002 μοναθλίαν
1340 946 1523 1004 αἱρεῖται
1550 949 1624 991 καὶ

166 1015 225 1072 μὴ
255 1018 328 1059 ἐπὶ
360 1023 556 1059 πλεῖστον
597 1017 824 1071 ἐμπληξίας
864 1014 939 1057 ἰών
981 1016 1074 1073 εἰκῇ
1111 1013 1217 1071 πρός
1257 1020 1344 1064 τοῖς
1371 1009 1514 1064 ἄλλοις
1548 1014 1624 1056 καί

165 1085 290 1125 τοῦτο
316 1080 610 1138 σοβαρεόεται.
667 1080 794 1136 ὕβριν
821 1082 962 1123 τοίνυν
990 1081 1146 1123 οἰκείαν
1173 1077 1195 1122 ὅ
1215 1083 1534 1131 Κωνσταντῖνος
1565 1079 1619 1122 τά

166 1151 246 1190 τοῦ
271 1148 522 1198 Μακεδόνος
548 1145 807 1203 ἡγησάμενος
843 1145 1029 1202 ῥήματα,
1059 1144 1118 1195 ὥς
1144 1143 1400 1201 καταιβάτης
1428 1145 1619 1202 πρηστὴρ

109 1209 196 1269 ιόἢ
246 1214 399 1270 δορκάς
437 1213 710 1270 ὄρεσίτροφος
752 1209 929 1266 θάμνων
973 1212 1224 1267 διαλλομένη
1268 1213 1330 1270 τῷ
1367 1207 1658 1270 ΕιῖστρατίῳΒ

166 1280 504 1336 προσρὴγνυται,
547 1276 660 1322 οὕτω
699 1281 778 1333 μὲν
809 1278 974 1334 τηλίκος
1018 1276 1064 1321 τὸ
1106 1280 1184 1320 τοῦ
1211 1277 1408 1332 σώματος
1436 1280 1620 1332 μέγεθος

165 1343 224 1389 ὦν
252 1343 363 1389 οὕτω
391 1348 439 1389 δὲ
477 1347 717 1402 θαρσαλέος
758 1342 1040 1400 πολεμιστής,
1078 1343 1240 1386 οἷσπίδα
1285 1345 1620 1399 προβεβλημένος

165 1411 260 1468 ἴσην
287 1411 497 1455 πάντοθεν
540 1414 612 1454 καί
645 1412 820 1467 λευκήν,
844 1411 1051 1466 χάραγμα
1080 1407 1309 1465 σταυρικόν
1337 1410 1438 1464 περὶ
1465 1406 1511 1451 τό
1542 1411 1621 1462 με’-

167 1493 243 1520 σον
269 1476 469 1533 ἔχουσαν.
498 1473 652 1519 οὗκοῦν
678 1476 754 1519 καί
781 1475 858 1532 τὴν
895 1474 1038 1526 δεξιὰν
1065 1477 1388 1532 ξιφηφοροῦσαν
1415 1473 1619 1527 τονώσας,

103 1554 156 1584 20
167 1545 230 1586 ἐπ’
259 1543 430 1594 εὐθείας
454 1559 499 1586 τε
527 1542 602 1585 καῖ
626 1544 858 1599 έγκαρσίως
890 1541 999 1583 κατὰ
1028 1544 1102 1597 τῆς
1127 1542 1305 1590 α’σπίδος
1331 1541 1520 1596 πλήττων
1544 1541 1622 1581 οιῖκ

168 1608 278 1653 ἆνίει
304 1608 378 1652 τόν
407 1607 664 1662 Μακεδόνα,
693 1607 916 1665 οἶστροόδει
944 1609 1164 1664 προπετείᾳ
1199 1607 1444 1662 χριόμενος,
1470 1608 1545 1649 καί
1570 1601 1622 1661 ἢν

169 1673 239 1718 «iet
263 1674 548 1731 προσδόκιμος
576 1676 684 1730 μέγα
714 1691 755 1717 τι
783 1673 914 1717 κακόν
939 1673 1016 1716 τὸν
1045 1667 1183 1728 ἄνδρα
1212 1673 1494 1728 ἐργάσασθαι.
1550 1671 1624 1714 καί

168 1740 369 1796 βασιλεύς
395 1741 662 1784 παντάπασιν
690 1739 943 1796 α’πεγνιόκει,
971 1738 1031 1794 μὴ
1059 1737 1190 1792 μόνον
1214 1739 1298 1780 τῶν
1326 1739 1622 1793 χρηστοτέρων

169 1810 349 1851 ἐλπίδων
390 1807 826 1861 ἀποβουκολούμενος,
868 1804 976 1847 α’λλά
1015 1804 1089 1846 καὶ
1114 1803 1160 1846 τὸ
1199 1802 1258 1859 μὴ
1298 1801 1501 1846 τεθνάναι
1549 1802 1620 1845 τὸν

105 1876 157 1918 25
170 1873 403 1918 Μακεδόνα
430 1874 632 1928 λαμπρῶς
657 1871 954 1926 ἀπειπάμενος.
981 1871 1055 1912 καί
1089 1869 1236 1929 τοιῷδε
1273 1872 1354 1924 μὲν
1388 1865 1465 1912 οὖν
1492 1867 1622 1926 ὁρμή-

269 1977 320 2011 13·
343 1973 685 2019 κατασοβαρεύεται
708 1973 749 2006 Α.
816 1973 867 2017 14.
894 1971 1148 2019 λογισάμενος
1170 1972 1211 2004 Α.
1264 1972 1316 2007 16.
1339 1972 1558 2014 τηλικοῦτος
1580 1972 1622 2005 Α.

262 2033 319 2058 20.
343 2015 438 2056 κατὰ
477 2023 543 2064 τῆς
573 2018 737 2058 α’σπίδος
762 2030 832 2052 om.
855 2021 895 2054 A.
990 2020 1046 2054 25.
1074 2015 1166 2053 α’λλὰ
1198 2019 1263 2052 καὶ
1298 2018 1434 2052 τοιῶδε
1459 2018 1558 2065 γοῦν
1581 2019 1621 2053 Α.

171 2127 285 2160 fretus
308 2129 347 2158 et
367 2129 520 2158 naturae
545 2133 632 2156 suae
658 2121 771 2155 robur
794 2121 962 2156 iactitans
984 2121 1212 2166 imperatoris
1230 2120 1344 2154 aciem
1362 2120 1622 2163 subsannabat,

171 2179 210 2207 et
233 2172 280 2206 ad
315 2171 496 2216 singulare
532 2176 714 2203 certamen
738 2169 896 2215 aliquem
923 2168 968 2201 ab
993 2169 1153 2202 exercitu
1182 2167 1364 2201 delectum
1391 2168 1623 2212 provocabat.

172 2221 236 2254 sed
261 2224 298 2253 et
320 2220 517 2264 imperator
538 2217 660 2250 statim
683 2215 841 2250 tribunis
864 2215 1014 2249 mandat
1038 2221 1080 2248 ut
1104 2216 1233 2248 sortem
1261 2215 1420 2259 aliquem
1447 2215 1622 2257 militem,

171 2267 236 2312 qui
259 2266 428 2300 Armenio
453 2275 518 2310 par
543 2274 620 2297 esse
642 2269 775 2309 queat,
802 2263 974 2308 deligant.
1021 2262 1223 2295 Eustratius
1248 2261 1358 2306 igitur
1382 2272 1427 2295 ex
1451 2261 1623 2296 Macedo·

171 2314 254 2347 nica
279 2313 422 2357 legione
445 2311 606 2344 delectus
630 2316 771 2344 scutum
794 2310 863 2344 viri
886 2308 1118 2354 longitudine
1132 2308 1266 2353 accipit
1290 2314 1328 2342 et
1351 2319 1472 2341 ensem
1498 2321 1623 2342 recens

173 2366 330 2394 acutum.
353 2360 405 2393 sic
438 2363 595 2391 armatus
632 2369 652 2390 e
677 2357 803 2391 castris
828 2357 875 2390 ad
911 2356 1067 2390 radicem
1091 2356 1195 2388 collis
1229 2355 1328 2397 abit3
1354 2361 1390 2388 et
1412 2356 1622 2389 Armenium

172 2407 340 2440 hortatur
372 2412 415 2438 ut
449 2403 618 2438 nonnihil
656 2403 875 2445 descendat,
920 2414 992 2448 quo
1029 2403 1067 2435 in
1095 2413 1211 2447 aequo
1232 2413 1358 2446 campo
1383 2409 1566 2447 pugnent,
1590 2403 1622 2436 si

173 2454 321 2487 omnino
337 2452 499 2485 duellum
517 2456 665 2496 appetat
684 2456 721 2484 et
743 2462 817 2484 non
845 2456 990 2496 praeter
1003 2450 1074 2482 alia
1098 2450 1234 2482 furiosa
1263 2449 1360 2482 dieta
1385 2450 1484 2483 istud
1512 2450 1622 2483 etiam

172 2506 308 2534 temere
334 2500 486 2532 effutiat.
511 2509 605 2543 quae
630 2497 739 2530 verba
753 2498 1012 2531 Constantinus
1039 2496 1110 2529 sibi
1134 2496 1269 2541 probro
1295 2506 1372 2528 esse
1402 2502 1521 2537 ratus,
1551 2497 1623 2529 sul-

174 2548 269 2591 guris
306 2547 419 2579 instar
451 2544 612 2579 nubibus
647 2545 834 2578 emicantis
870 2549 933 2577 aut
967 2549 1160 2576 montanae
1200 2553 1351 2587 capreae
1386 2553 1405 2576 e
1430 2543 1622 2577 fruticibus

176 2594 378 2634 exilientis,
403 2592 623 2626 Eustratium
647 2591 874 2636 aggreditur,
903 2591 1061 2623 bellator
1086 2595 1123 2623 et
1149 2590 1287 2634 ingenti
1310 2600 1461 2634 corpore
1485 2595 1522 2623 et
1543 2590 1622 2623 ani-

174 2651 233 2673 mo
260 2639 476 2679 confidenti,
501 2638 584 2671 albo
612 2639 730 2684 clipeo
754 2639 938 2678 munitus,
980 2636 1144 2682 undique
1169 2636 1336 2682 aequali,
1361 2636 1463 2669 cuius
1492 2636 1622 2669 umbo-

174 2687 213 2720 ni
237 2697 323 2719 crux
349 2686 529 2731 insculpta
556 2691 655 2728 erat3
685 2691 721 2718 et
743 2684 902 2729 gladium
931 2684 1056 2717 dextra
1080 2694 1205 2728 gerens
1230 2683 1386 2728 clipeum
1411 2682 1621 2718 Macedonis

175 2739 214 2766 et
238 2738 334 2766 recta
358 2737 396 2766 et
432 2743 477 2765 ex
502 2732 655 2777 obliquo
695 2732 804 2765 ferire
831 2742 906 2764 non
932 2730 1154 2770 desistebat,
1181 2731 1307 2763 insana
1334 2730 1539 2763 temeritate
1565 2730 1622 2764 in-

175 2780 326 2824 citatus3
352 2785 389 2813 et
421 2778 575 2813 subinde
604 2778 862 2825 expectabatur
898 2789 1027 2823 niagno
1056 2777 1151 2810 malo
1179 2778 1294 2811 virum
1323 2778 1524 2810 affectatus.
1554 2777 1621 2810 im-
