1878 3230
314 207 384 247 m:
423 205 616 247 Ammo
656 205 853 249 lsAAcu
897 205 1095 248 ANGl-:Ll
1135 207 1219 248 m.
1247 207 1345 248 Lm.
1372 209 1446 248 m.
1512 187 1625 260 697

300 308 342 347 6.
401 303 524 346 Ἀλλά
545 305 617 346 καί
642 306 766 346 τοῦδε
794 306 867 346 τοῦ
895 308 1027 346 κακοῦ
1055 305 1354 360 παρελθόντος,
1383 306 1429 348 ἐκ
1459 307 1534 348 τοῦ
1549 307 1634 348 τῶν

195 373 426 426 Κομνηνιὸν
456 387 518 420 τις
546 373 691 425 γένους
717 372 775 427 τῷ
801 374 970 423 βασιλεῖ
994 372 1281 424 ἐπανίσταται,
1309 371 1508 427 Ἰωάννης
1537 369 1635 414 τοῦ-

195 453 316 490 νομα·
375 439 610 491 προκοίλιος
636 438 675 477 δ’
699 432 759 477 ὢν
787 434 861 477 καὶ
885 435 1075 491 πιθώδης
1101 435 1177 491 τήν
1204 437 1358 479 πλάσιν
1383 438 1456 479 τοῦ
1488 438 1635 491 σῶμα·

193 517 262 550 τος
294 502 365 544 τὸν
391 501 535 556 παχύν
568 502 627 550 εἰς
662 500 881 554 ἐπώνυμον
909 499 1083 556 εἴληχεν.
1139 496 1259 551 οὗτος
1290 502 1428 545 τοίνυν
1466 505 1523 562 τῷ
1558 520 1635 557 με-

155 571 317 625 5γίστῳ
344 569 424 625 νεῷ
447 565 621 618 ἐξάπινα
647 568 852 621 εἰσρυείς,
882 565 955 607 καί
980 568 1062 608 τῶν
1090 571 1376 622 στεφανίσκων
1395 570 1469 611 ἕνα
1491 571 1543 626 τῇ
1570 585 1635 611 κε-

192 636 307 690 φαλῇ
334 631 524 688 περιθεὶς
563 632 608 674 οἳ
648 631 725 687 τήν
770 631 891 686 ἱερὰν
932 632 1354 689 α’μφιπεριῃώρηνται
1399 634 1635 689 τράπεζαν,

191 697 344 749 ἔξεισιν
371 700 546 740 ἐκεῖθεν
603 698 678 739 καί
705 699 993 754 προσληφθείς
1020 696 1103 738 ὑπὸ
1125 700 1207 741 τῶν
1239 701 1402 752 ὅμοτιόν
1432 702 1635 756 (πλεῖστοι

190 765 238 807 δὲ
265 760 372 819 ἦσαν
397 759 537 816 οὗτοι,
565 764 639 804 καί
664 761 818 817 σχεδὸν
857 765 936 805 τοῦ
967 762 1176 820 ἐπισήμου
1218 761 1368 814 πάντες
1410 766 1633 821 αἵματος),

190 828 516 885 συνδραμόντων
544 830 616 871 καί
655 824 793 882 ὄχλων
821 822 897 870 οὔκ
935 829 1084 884 ὀλίγων
1121 828 1227 885 πρὸς
1253 827 1330 885 την
1372 830 1514 887 φήμην
1553 835 1637 875 τῶν

130 913 177 938 ιο
190 896 507 950 πραττομένων,
538 895 585 936 τὸ
614 897 722 949 μέγα
752 895 954 937 παλάτιον
983 896 1157 938 εἴσεισιν
1184 897 1403 952 ειῖμαραῖς,
1445 899 1518 939 καί
1556 895 1635 940 αὖ·
1647 907 1682 941 Ρ.
1698 907 1767 953 340

188 959 262 1010 τὰς
289 962 368 1014 μὲν
394 959 466 1003 ἐπὶ
490 959 648 1016 θρόνου
680 959 916 1015 διαχρύσου
955 964 1136 1012 καθίσας
1163 961 1280 1011 τινας
1312 964 1384 1005 ἐπί
1409 967 1493 1006 ταῖν
1519 967 1636 1019 μεγί-

186 1043 298 1070 στων
339 1023 550 1084 ὂφφικίων
577 1025 882 1082 προβάλλεται,
927 1026 949 1069 ὅ
987 1029 1029 1069 δ’
1066 1023 1190 1082 ὄχλος
1232 1031 1305 1071 καί
1346 1032 1424 1071 τοῦ
1451 1046 1634 1072 συναπο-

186 1092 364 1141 στάντος
390 1095 549 1148 μέρους
576 1097 704 1146 τινές,
745 1090 823 1142 τὰς
851 1093 1007 1148 άγορὰς
1044 1096 1118 1135 καί
1153 1093 1303 1148 α’γυιὰς
1346 1094 1521 1145 διιόντες
1561 1099 1636 1139 κατ’

186 1156 264 1207 τὰς
290 1157 434 1213 ἠϊόνας
462 1157 880 1212 καταλαμβάνοντες,
911 1162 1090 1213 βασιλέα
1116 1159 1346 1212 Ῥωμαίων
1375 1160 1504 1204 αὕτὸν
1532 1164 1634 1218 ἀνη-

127 1221 360 1278 ι5γόρευον
383 1225 456 1266 καί
474 1226 608 1275 οἰκίας
634 1227 852 1267 κατέσπων
879 1230 1137 1280 περιφανεῖς.
1191 1224 1341 1274 νυκτός
1370 1227 1410 1267 δ’
1434 1229 1634 1283 ἐπιούσης

186 1284 280 1330 οὔτε
309 1291 385 1343 τῆς
416 1293 638 1346 φρουρᾶς,
669 1287 726 1340 ὥς
751 1289 852 1343 ἔδει,
879 1292 963 1333 τῶν
989 1287 1172 1345 άρχείων
1203 1288 1226 1331 ὅ
1257 1288 1452 1347 Ἰωάννης
1480 1290 1633 1350 ἐφρόν-

184 1370 298 1397 τισεν
324 1350 422 1396 οὕτε
452 1353 530 1405 τὰς
557 1356 870 1410 α’νατραπείσας
895 1354 1030 1405 πύλας
1068 1356 1306 1412 ἀνέστησεν·
1367 1353 1460 1399 ἄλλ’
1501 1355 1559 1408 ὥς
1588 1361 1634 1401 ἐν

183 1421 242 1478 τῷ
274 1421 468 1476 α’σφαλεῖ
489 1420 796 1475 καθιστάμενος
822 1425 896 1464 καί
930 1423 1091 1477 μηδένα
1139 1421 1248 1476 ἔχων
1287 1418 1365 1479 ἤδη
1400 1422 1474 1466 τὸν
1509 1424 1634 1466 ἄνθι-

184 1484 410 1539 στάμενον,
441 1485 545 1529 κατὰ
576 1488 773 1543 δελφῖνας
800 1485 1029 1544 ἇναφυσῶν
1056 1487 1130 1530 καί
1159 1485 1312 1538 ὕδατος
1341 1485 1420 1531 ὅλα
1448 1488 1632 1544 κεράμια

120 1566 174 1592 20
186 1553 380 1605 ἐκκενῶν,
410 1555 529 1606 δίψει
551 1549 700 1612 ἀμάχῳ
730 1552 931 1607 ἐχόμενος
957 1550 1026 1597 οἶα
1056 1553 1332 1610 κρεωβριθῆς,
1361 1556 1508 1609 α’πέψα
1533 1553 1633 1602 τοιὶς

184 1618 369 1673 ἱδρῶτας
398 1618 627 1673 κρουνηδὸν
654 1619 962 1670 α’ποστάζοντας
999 1622 1073 1661 καί
1110 1618 1270 1674 θερμὸν
1308 1622 1633 1674 α’πατμίζοντας.

184 1681 230 1725 τὰ
260 1684 307 1725 δὲ
344 1682 444 1737 περὶ
470 1682 599 1725 αὐτόν
635 1683 852 1726 ὁπλιτικὸν
891 1683 968 1739 τὴν
1008 1684 1290 1740 ἱπποδρομίαν
1327 1686 1489 1741 περιιὸν
1528 1680 1668 1740 ἦλυεΒ

185 1746 397 1803 τηνάλλως
425 1750 569 1791 ἐκεῖσε·
629 1749 668 1791 οἱ
694 1749 776 1804 γάρ
820 1745 940 1804 ὄχλοι
974 1749 1174 1800 δυ’ναντος
1200 1751 1320 1806 ἡλίου
1357 1758 1444 1794 κατ’
1479 1752 1632 1806 α’γέλας

186 1809 367 1870 ὀρνίθων
393 1816 644 1869 διέστησαν,
689 1815 834 1870 τάχιον
876 1815 1123 1871 διαγελάσαι
1155 1815 1229 1872 τὴν
1267 1818 1324 1859 ἕω
1363 1816 1629 1872 γλιχόμενοι,

276 1949 310 1982 9.
339 1934 406 1980 τήν
432 1945 499 1971 om·
514 1939 556 1975 A.
628 1949 680 1974 22.
706 1936 787 1987 τήν]
815 1932 994 1987 λαμπρὰν
1019 1938 1090 1983 τὴν
1113 1941 1153 1974 Α.
1250 1940 1305 1985 24.
1330 1940 1568 1988 διαγελῶσαν
1584 1942 1626 1976 Α.

279 2064 314 2097 6.
361 2062 437 2094 Hoc
462 2073 608 2108 quoque
635 2065 730 2097 malo
757 2065 898 2109 elapso,
925 2065 1070 2109 quidam
1097 2076 1141 2098 ex
1157 2063 1352 2097 Comnenia
1379 2064 1515 2096 familia
1543 2075 1630 2097 con-

186 2112 242 2140 tra
267 2108 516 2153 imperatorem
541 2111 709 2155 insurgit,
734 2112 879 2144 nomine
906 2111 1098 2154 Iohannes3
1128 2111 1190 2156 qui
1216 2122 1295 2143 cum
1319 2110 1427 2142 homo
1441 2116 1630 2144 ventrosus

187 2161 224 2187 et
249 2153 340 2188 dolii
365 2155 491 2189 similis
519 2162 636 2198 esset,
662 2157 779 2190 Crassi
809 2164 1080 2201 cognomentum
1104 2159 1247 2191 tulerat.
1274 2158 1303 2191 is
1329 2156 1451 2190 subito·
1483 2158 1521 2190 in
1551 2169 1631 2189 ma-

186 2201 318 2234 ximum
343 2203 515 2247 templum
540 2204 718 2248 confugit3
744 2209 782 2237 et
809 2205 944 2237 corolla
971 2216 1014 2237 ex
1040 2205 1085 2237 iis
1110 2216 1203 2250 quae
1221 2205 1352 2237 circum
1377 2215 1511 2236 sacram
1529 2215 1631 2236 men-

187 2259 262 2280 sam
287 2248 450 2293 pendent
474 2251 584 2295 capiti
613 2251 798 2295 imposita,
832 2262 949 2284 rursus
977 2251 1179 2296 egreditur,
1210 2257 1245 2284 et
1271 2262 1291 2283 a
1322 2251 1517 2283 coniuratis
1550 2251 1630 2295 (qui

186 2294 333 2339 plurimi
359 2302 483 2337 erant,
524 2303 561 2331 et
595 2298 760 2342 plerique
799 2297 991 2331 nobilitate
1026 2298 1197 2342 insignes)
1238 2303 1276 2331 et
1315 2308 1462 2342 magnae
1500 2297 1629 2330 turbae

188 2351 361 2375 concursu
387 2343 494 2375 facile
520 2344 559 2376 in
582 2356 746 2388 magnum
770 2345 944 2389 palatium
968 2345 1161 2389 perductus
1189 2341 1228 2376 in
1252 2349 1378 2377 aurato
1412 2343 1505 2376 solio
1542 2354 1629 2376 con-

189 2387 300 2428 sedit,
326 2394 363 2422 et
385 2389 599 2434 quibusdam
622 2392 775 2423 maxima
800 2391 914 2424 officia
939 2392 1140 2432 committit,
1166 2391 1310 2424 interim
1333 2390 1439 2434 vulgo
1465 2395 1503 2423 et
1525 2395 1629 2434 parte

188 2433 440 2468 seditiosorum
466 2448 531 2481 per
555 2438 631 2470 sora
654 2438 750 2470 vicos
777 2443 813 2471 et
843 2438 966 2471 littora
998 2450 1078 2471 eum
1105 2439 1343 2471 Romanorum
1378 2438 1628 2481 imperatorem

187 2481 429 2524 proclamante
445 2488 482 2515 et
498 2484 700 2528 magnificas
724 2484 830 2517 aedes
856 2484 1030 2518 diruente.
1054 2490 1160 2518 nocte
1185 2485 1342 2518 instante
1366 2483 1543 2516 Iohannes
1561 2492 1628 2514 nec

188 2526 316 2571 palatii
343 2528 542 2562 custodiam
568 2532 725 2572 curavit,
761 2537 802 2564 ut
827 2532 1008 2576 oportuit,
1039 2542 1106 2564 nec
1140 2542 1278 2564 eversas
1316 2531 1410 2563 sores
1444 2529 1625 2560 restituit:

190 2571 254 2605 sed
278 2573 379 2606 velut
404 2574 616 2610 adversariis
643 2577 808 2611 omnibus
834 2578 984 2611 sublatis
1010 2578 1048 2611 in
1081 2583 1160 2610 tuto
1196 2578 1417 2615 collocatus,
1454 2580 1627 2618 tanquam

190 2618 342 2663 delphin
367 2620 537 2656 anhelans
563 2629 600 2656 et
624 2624 671 2656 ob
697 2625 793 2657 sitim
809 2624 1155 2658 vehementissimam
1180 2630 1273 2657 totas
1299 2621 1485 2666 amphoras
1512 2631 1627 2665 aquae

190 2665 426 2706 exhauriens,
450 2668 615 2702 sudorem
639 2671 704 2704 rivi
729 2671 842 2704 instar
867 2682 910 2704 ex
935 2677 1035 2704 vasto
1062 2681 1209 2715 corpore
1236 2670 1482 2703 decurrentem
1506 2672 1543 2700 et
1570 2667 1627 2699 fu-

189 2718 345 2746 mantem
370 2713 605 2758 abstergebat.
631 2717 708 2749 eius
726 2728 811 2750 vero
835 2718 969 2750 milites
1004 2717 1051 2749 ad
1083 2717 1222 2750 Circum
1255 2719 1457 2760 equestrem
1492 2718 1626 2746 temere

191 2758 480 2794 deambulabant.
507 2772 588 2795 nam
612 2761 715 2806 plebs
739 2769 824 2807 post
851 2764 938 2797 solis
964 2775 1127 2798 occasum
1152 2769 1192 2796 ut
1223 2773 1307 2805 grex
1332 2760 1448 2795 avium
1473 2759 1626 2805 dissipa-
