1878 3230
282 207 393 274 418
704 215 943 258 ,Nlcss‘rA‘E
981 215 1291 258 cnoNJA‘rAss

280 321 398 371 θίζοιι
431 319 469 358 δ’
497 312 609 368 ὅμως
640 315 713 354 καί
747 314 970 355 διανιστῶν
1004 315 1050 354 ἐν
1089 318 1180 361 ταῖς
1205 311 1385 364 ὃμιλήιις
1415 313 1520 366 πρὸς
1549 328 1697 357 συνου-

278 380 470 435 σιασμόν.
524 378 628 420 κατὰ
659 381 704 418 δὲ
732 378 782 419 τὰ
812 377 963 432 α’ρχεῖα
990 375 1197 431 γινόμενος
1226 376 1307 417 dud
1329 378 1411 418 τῶν
1437 375 1589 428 ἔξωθεν
1608 381 1699 421 δια-

153 459 186 491 P.
202 468 266 502 207
279 449 430 502 τριβαῖν
455 460 498 485 τε
526 445 599 484 καί
626 444 862 495 διαχύσεων
891 442 965 483 ούκ
991 442 1127 499 ὀλίγον
1155 444 1232 494 μὲν
1259 441 1331 483 καί
1366 441 1411 483 τό
1442 443 1540 496 περὶ
1573 443 1704 485 αὐτὸν

278 511 364 565 εἶχε
395 508 699 564 δορυφορικόν,
730 508 942 549 καὶτοῦτο
972 510 1017 549 ἐκ
1043 506 1269 562 βαρβάρων
1296 509 1396 549 ἰλῶν
1420 508 1493 548 καί
1533 508 1700 562 ἀνδρῶν

275 578 431 627 λοιμῶν
458 572 694 627 χαιρόντων
719 569 976 629 ἀπαιδευσίᾳ
1001 574 1073 614 καί
1095 571 1143 614 vti
1163 577 1333 614 πλεῖστα
1351 574 1452 628 μηδ’
1477 571 1700 614 ἐπαϊόντων
1711 577 1742 618 5,

268 640 496 694 Ἑλληνίδος
525 641 681 693 φωνῆς.
737 637 809 678 καί
833 636 927 687 τοὺς
956 642 1200 693 προκοίτους
1238 639 1284 679 δὲ
1323 639 1395 678 καί
1427 634 1706 692 προφύλακας.

272 707 388 746 §aasz
412 705 611 745 τοιούτων
646 700 867 756 ἆναγώγων
908 705 1148 757 συνειληχεν
1187 702 1443 757 ὃμηγύρεων.
1497 703 1700 744 τελευταῖν

273 773 318 812 δὲ
344 770 415 810 καί
439 766 543 810 κύνα
575 767 812 823 κάρχαρον,
852 763 935 810 οἷον
971 766 1044 809 καί
1078 770 1240 810 λέουσιν
1266 770 1589 810 α’ντιπλέκεσθαι
1629 764 1702 809 καί

273 831 405 888 ἄνδρα
432 833 611 888 ἔφιππον
649 834 820 887 ὁπλίτην
857 839 1108 886 κατενεγκεῖν
1145 831 1293 887 ἔραζε,
1337 834 1526 874 σύνοικον
1563 828 1700 888 ἑαυτῷ

272 901 476 953 πεποίητο·
522 898 561 940 οἱ
588 900 666 951 μὲν
693 896 773 952 γὰρ
803 899 1158 952 σωματοφύλακες
1184 900 1257 939 καί
1282 896 1514 953 δορυφόροι
1541 893 1700 938 ἄποθεν
1716 914 1763 940 ια

272 980 353 1005 που
383 966 458 1005 τοῦ
481 965 704 1016 βασιλικοῦ
735 965 928 1011 κοιτῶνος
965 961 1111 1012 νυκτὸς
1147 964 1468 1016 κατηυνάζοντο,
1507 959 1529 1002 ὃ
1567 963 1616 1003 δέ
1653 976 1699 1016 γε

271 1027 385 1070 κύων
419 1026 523 1083 πρὸς
548 1033 640 1075 ταῖς
670 1027 819 1082 θύραις
846 1028 1035 1080 ἐδέδετο,
1068 1026 1359 1082 χαλκεόφωιός
1394 1022 1455 1069 ὧν
1489 1029 1561 1068 καί
1594 1025 1701 1081 πρὸς

270 1098 474 1149 βραχεῖαν
503 1091 872 1146 διαταραττόμενος
907 1090 1094 1147 ψόφησιν
1128 1093 1200 1133 καί
1232 1091 1444 1145 γινόμενος
1482 1088 1699 1143 ὑλακόμω-

232 1172 357 1213 Βρος.
414 1157 571 1212 προϊών
601 1160 647 1199 δὲ
675 1156 786 1198 οὕτω
814 1157 1049 1212 κατετρύφα
1085 1160 1160 1211 τῆς
1190 1159 1272 1198 τῶν
1306 1159 1699 1199 Κωνσταντινουπο-

270 1225 391 1265 λιτῶν
419 1220 613 1278 εύηθείας
638 1222 710 1263 καί
736 1222 792 1271 ὥς
827 1221 908 1263 α’πὸ
948 1222 1063 1278 ῥινὸς
1103 1221 1345 1275 ἑλκομένους
1387 1222 1588 1275 ἐχλεύαζε
1627 1221 1764 1267 καίιῖι

270 1287 375 1344 πρὸς
400 1290 539 1330 πᾶσαν
567 1290 650 1328 τῶν
678 1287 934 1341 κρατούντων
962 1290 1192 1342 θεραπείαν
1219 1302 1263 1327 τε
1279 1286 1353 1327 καί
1377 1288 1563 1328 θωπείαν
1587 1284 1698 1327 ἑτοί-

269 1370 360 1406 μως
388 1351 557 1406 ἔχοντας
585 1349 820 1410 ἐκωμίρδει,
850 1352 925 1392 οὔκ
949 1351 1071 1401 εἰδώς
1099 1352 1155 1400 ὥς
1180 1352 1253 1391 ὑπ’
1278 1353 1417 1394 αιῖτῶν
1443 1350 1698 1406 καθαιρεθή-

271 1434 386 1460 σεται
417 1420 489 1473 τῆς
519 1419 652 1472 α’ρχῆς
691 1419 763 1459 καί
800 1416 852 1459 τὰ
887 1421 968 1459 τῶν
1011 1415 1118 1459 ὅλων
1162 1417 1441 1472 ὖποστησεται
1481 1418 1700 1471 χείριστα,

270 1481 379 1524 ὥστε
406 1485 481 1535 καί
507 1485 590 1524 τῶν
618 1485 713 1537 παρ’
756 1483 888 1524 αὐτοῦ
927 1485 1181 1537 θηρωμένων
1220 1482 1390 1537 ἐλάφων
1430 1482 1482 1523 τὰ
1520 1484 1698 1535 κέρατα,

270 1546 349 1589 ὅσα
375 1547 652 1602 δωδεκάδωρα
681 1543 733 1601 ἦν
762 1550 834 1589 καί
861 1545 976 1601 εἶχόν
1002 1565 1039 1590 τι
1068 1549 1308 1601 θαύματος,
1345 1555 1435 1597 ταῖς
1473 1546 1580 1589 κατὰ
1623 1546 1765 1601 τὴναο

269 1609 425 1666 ἇγοράν
457 1612 606 1664 ἁψῖσιν
637 1608 812 1667 ἇνήρτα,
841 1615 897 1670 τῷ
924 1615 1001 1666 μὲν
1032 1615 1166 1654 δοκεῖν
1193 1615 1251 1662 εἰς
1275 1612 1447 1663 ἔνδειξιν
1476 1614 1553 1654 τοῦ
1579 1613 1701 1664 μεγέ-

268 1679 371 1726 θους
399 1681 482 1719 τῶν
508 1682 605 1733 παρ’
632 1674 766 1718 αὐτοῦ’
793 1674 1071 1730 ἁλισκομένων
1100 1678 1277 1733 ἀγρίων,
1316 1681 1372 1735 τῷ
1401 1679 1447 1719 δὲ
1487 1672 1574 1719 ὄντι
1609 1678 1700 1717 δια-

363 1800 390 1821 1.
417 1787 686 1834 α’πουσιασμόν
710 1788 750 1821 Α.
887 1801 919 1833 7.
943 1787 1058 1836 ἐσαεὶ]
1090 1790 1127 1829 ἐξ
1161 1788 1220 1823 ἀεὶ
1248 1791 1288 1824 Δ.
1403 1785 1588 1834 τελευτῶν]
1627 1785 1700 1830 εἶχε

361 1835 402 1868 δὲ
427 1838 490 1868 καὶ
525 1833 689 1881 (wamy
719 1837 840 1881 μέγαν
869 1838 954 1881 μεθ’
981 1835 1133 1876 ἑαυτοῦ,
1168 1835 1369 1883 λεγόμενον
1406 1834 1623 1881 χάρχαρον,
1660 1833 1699 1871 ὃς

359 1883 424 1915 καὶ
458 1882 587 1916 λέοντα
624 1880 771 1938 {addace
798 1883 861 1914 καὶ
893 1880 1015 1928 ἄνδρα
1044 1882 1292 1929 καβαλλάριον
1322 1885 1374 1921 εἰς
1400 1881 1468 1927 γῆν
1490 1882 1638 1926 ἔρριπτε
1660 1880 1696 1911 Β.

359 1927 551 1974 κάρχαρον
577 1940 741 1973 τουνομα
767 1927 965 1961 Wolfianus
996 1930 1115 1961 nescio
1145 1930 1237 1974 quis.
1385 1932 1430 1963 13.
1461 1926 1700 1972 διαταραττό-

360 1975 485 2020 μενος]
496 1974 728 2023 γ’ἐγρηγορῶν
752 1977 815 2008 καὶ
837 1973 1002 2019 βαβύζων
1029 1976 1067 2009 Β.
1175 1988 1230 2011 20.
1261 1973 1347 2023 ὅσα]
1374 1974 1497 2010 ὁπόσα
1520 1975 1571 2011 εἰς
1604 1971 1700 2018 ὕψος

362 2016 450 2066 ἦρτο
474 2022 515 2060 A.
634 2030 689 2055 22.
714 2019 1034 2067 καταμωκώμενος
1057 2023 1098 2056 Α.

272 2125 375 2163 cant3
400 2132 420 2153 a
458 2131 529 2165 quo
556 2120 637 2153 cibo
674 2132 754 2154 cum
776 2122 942 2166 plerique
978 2122 1213 2162 abhorreant,
1248 2126 1368 2154 tamen
1396 2120 1607 2164 tentiginem
1637 2129 1700 2151 ex—

273 2168 361 2199 citat
387 2172 424 2200 et
451 2167 496 2198 ad
523 2178 596 2199 rem
619 2167 816 2200 Veneream
843 2174 986 2212 paratos
1016 2169 1111 2201 facit.
1129 2169 1166 2200 in
1193 2168 1367 2212 palatium
1391 2178 1410 2198 a
1436 2165 1700 2199 deambulatio-

273 2214 341 2246 bus
375 2219 412 2246 et
451 2213 732 2246 recreationibus
773 2225 929 2247 reversus
970 2226 1042 2246 non
1079 2225 1211 2258 paucos
1237 2225 1354 2246 secum
1387 2212 1548 2245 habebat
1590 2211 1700 2244 satel-

272 2260 376 2299 lites,
402 2269 535 2303 eosque
575 2270 618 2292 ex
653 2259 848 2292 barbaricis
885 2260 1092 2293 cohortibus
1134 2266 1171 2292 et
1194 2259 1446 2304 pestilentibus
1469 2256 1700 2298 hominibus,

275 2306 408 2350 quibus
434 2305 659 2338 immodestia
682 2305 781 2338 cordi
806 2311 870 2346 est,
900 2307 1043 2350 linguae
1060 2307 1216 2339 Graecae
1243 2306 1393 2339 maxima
1418 2309 1574 2349 exparte
1601 2305 1702 2347 igna-

275 2353 343 2393 ris3
370 2357 407 2384 et
430 2353 493 2396 qui
518 2358 600 2384 ante
622 2352 826 2385 cubiculum
852 2358 888 2384 et
911 2353 1003 2385 fores
1030 2352 1272 2392 excubabant,
1298 2363 1341 2384 ex
1367 2349 1570 2384 istiusmodi
1594 2356 1702 2394 petu-

275 2398 435 2431 lantibus
462 2398 626 2432 coetibus
664 2398 809 2432 conflati
836 2404 947 2430 erant.
970 2398 1116 2431 tandem
1145 2399 1253 2431 etiam
1280 2409 1402 2430 canem
1426 2408 1611 2442 asperum,
1636 2396 1700 2440 qui

275 2450 314 2478 et
338 2456 417 2478 cum
429 2444 596 2477 leonibus
620 2456 777 2488 pugnare
803 2449 839 2476 et
854 2450 1027 2477 armatum
1053 2445 1211 2488 equitem
1236 2444 1336 2476 humi
1364 2449 1522 2476 sternere
1546 2447 1700 2487 poterat,

275 2491 315 2524 in
331 2502 394 2524 suo
416 2491 579 2524 conclavi
614 2490 752 2524 habuit.
785 2502 864 2523 nam
900 2491 1073 2523 satellites
1110 2496 1146 2522 et
1180 2490 1345 2523 custodes
1369 2495 1477 2523 noctu
1505 2489 1629 2534 procul
1653 2487 1700 2520 ab

276 2538 353 2571 eius
378 2537 544 2570 cubiculo
572 2536 768 2569 cubabant:
796 2537 892 2568 canis
922 2547 1005 2569 vero
1031 2535 1076 2568 ad
1104 2537 1246 2569 ianuam
1274 2537 1438 2580 alligatus
1464 2535 1508 2568 ad
1533 2535 1700 2578 exiguum

220 2594 223 2601 '
276 2584 465 2630 strepitum
490 2583 704 2615 horrendum
731 2583 767 2615 in
793 2582 935 2615 modum
964 2582 1128 2615 latrabat.
1155 2584 1205 2615 ita
1229 2583 1402 2627 paulatim
1428 2582 1702 2626 Cpolitanorum

276 2630 498 2674 simplicitati
534 2629 753 2669 insultabat,
786 2634 822 2661 et
856 2628 957 2672 quasi
990 2628 1135 2662 naribus
1176 2640 1363 2674 suspensos
1390 2628 1575 2668 trahebat,
1599 2631 1636 2660 et
1659 2631 1700 2660 ut

276 2676 321 2709 ad
345 2687 484 2709 omnem
518 2676 771 2719 imperatorum
806 2674 1066 2707 observantiam
1090 2680 1124 2708 et
1162 2676 1295 2708 cultum
1315 2681 1456 2720 paratos
1480 2675 1643 2719 (ignarus
1660 2683 1699 2706 se

276 2722 321 2754 ab
346 2723 417 2754 illis
450 2723 598 2786 imzerio
631 2722 810 2754 deiectum
838 2721 1057 2764 gravissimas
1083 2731 1217 2765 poenas
1246 2722 1410 2754 (laturum
1437 2731 1528 2762 esse)
1555 2717 1700 2752 deride-

271 2768 347 2802 bat.
373 2770 495 2814 itaque
531 2775 662 2802 cornua·
687 2779 890 2808 cervorum,
922 2778 1018 2813 ⁴quos,
1048 2774 1197 2802 venatus
1233 2774 1329 2810 erat,
1366 2767 1521 2814 insignia
1553 2771 1590 2800 et
1626 2764 1698 2799 rari
