1838 3210
245 144 315 216 76
399 159 401 161 ·
660 162 885 205 NlcETAE
940 160 1248 202 cuoNJA‘rAE

239 277 337 313 γασι
362 267 452 310 ταῖς
479 263 691 318 λῃστρίσιν
715 260 757 301 αἱ
788 263 1162 312 παραθαλαττιὶῖιοι
1185 259 1404 313 Ῥωμαίων
1419 262 1571 316 χῶραι,
1598 263 1670 302 καί

240 324 296 375 ὥς
325 322 375 368 ἂν
401 327 660 377 κατεύξαιντο
691 325 728 366 οἱ
758 325 972 381 διάφοροι.
1037 328 1076 368 εἰ
1103 328 1148 368 δὲ
1173 325 1243 367 καί
1269 323 1336 367 τὸν
1365 326 1522 379 στάχυν
1549 324 1666 378 ἴσμεν

238 394 315 433 τοῦ
341 394 603 446 σπείραντος,
644 389 748 431 α’λλά
781 391 854 432 καί
887 391 960 433 τὸν
994 389 1214 446 α’μήσαντα
1246 389 1664 446 προσεπαιτιιόμεθα·

239 459 310 497 καί
337 458 376 497 εἰ
402 456 423 496 ὃ
451 453 691 509 ἐμπρησμὸς
719 457 796 496 τοῦ
824 456 1076 511 (ἐνάψαντος,
1107 454 1212 498 ἄλλα
1227 457 1387 498 καίτοῦ
1414 458 1666 509 κατασβέσαι

239 523 493 573 δυναμένου,
526 521 675 573 δρᾶσαι
698 522 744 562 δέ
769 537 810 562 τι
836 524 1022 563 τοιοῦτον
1046 520 1150 572 ὅλως
1168 522 1226 576 μη
1255 523 1545 576 βουληθέντος.
1578 523 1703 566 diti-‘5

133 590 224 636 P-39
238 585 315 632 ἕως
344 585 436 625 τότε
465 585 763 639 φιλοδημόσιος
796 585 983 640 λογιστὴς
1020 588 1092 629 καί
1118 587 1249 636 δεινὸς
1275 589 1347 628 καί
1375 586 1577 642 φειδωλὸς
1606 589 1666 629 οἰ-

233 648 403 700 κονόμος
418 651 491 689 καί
515 651 798 701 ὀβολοστατῶν
819 654 1002 704 α’τεχνῶς
1020 653 1273 707 δἀσμολόγος
1301 652 1320 694 ὃ
1341 651 1530 707 Ἰωάννης
1558 651 1665 694 ἐδεί-

231 729 375 767 κνυτο,
415 716 492 763 ἓως
522 715 796 770 οἶκαθαίρετον
838 713 923 770 εἶχε
951 716 1028 771 τήν
1059 719 1325 770 δυναστείαν,
1356 719 1428 759 καί
1452 717 1498 759 τὸ
1531 722 1664 760 ποιεῖν

230 777 310 821 ὅσα
338 780 410 822 καί
430 795 432 797 “
450 779 553 836 πρὸς
590 783 744 835 βουλῆς
788 784 1091 836 ἀνεξέλεγκτον,
1121 786 1192 825 καί
1216 781 1295 826 ὅσα
1322 782 1502 839 βουλητά
1531 782 1661 841 τούτῳ

228 846 300 887 καί
325 844 497 888 δυνατά.
530 845 671 901 ἐπειδὴ
703 848 749 888 δὲ
777 847 1140 901 μεθαρμοζόμενόν
1169 848 1205 890 οἱ
1234 846 1345 903 ἑώρα
1374 849 1420 891 τὸ
1451 848 1659 891 δύνασθαι
1680 867 1730 893 ιο.

227 911 300 952 καί
324 910 371 952 τὸ
403 911 764 967 εὖπαρρησίαστον
791 912 1126 966 παραιρούμενον
1146 915 1217 956 καί
1242 915 1528 969 ὑπορρέουσαν
1553 914 1659 957 κατὰ

225 977 366 1032 βραχύ
405 978 482 1032 τήν
516 980 665 1031 ἰσχύν,
707 975 775 1022 οἷα
815 980 890 1019 καί
933 977 1085 1034 ἑτέρων
1124 983 1436 1035 κρατυνομένων
1463 979 1576 1036 παρὰ
1604 982 1662 1038 τῷ

224 1047 396 1095 βασιλεῖ’
417 1044 494 1084 κάκ
523 1046 599 1085 τοῦ
625 1040 730 1098 ἄγαν
763 1042 1037 1099 ἐκκρουόντων
1064 1045 1137 1086 καί
1161 1047 1488 1100 περιτρεπόντων
1515 1044 1660 1098 αὐτόν,

227 1111 403 1164 μετῆρεν
432 1106 538 1165 ἅπερ
577 1106 627 1164 ἦν
658 1112 831 1161 θέμενος
864 1106 989 1164 ὅρια,
1017 1110 1092 1151 καί
1115 1109 1323 1166 δραπέτης
1346 1113 1406 1167 τῷ
1430 1113 1563 1168 καιρῷ
1591 1110 1664 1154 καί

224 1179 311 1223 τοῖς
339 1172 555 1230 πράγμασι
598 1174 829 1230 προσφυεῖς
868 1175 1129 1231 α’μφοτέραις
1165 1174 1324 1217 τούτων
1351 1175 1495 1230 ἔχεταί
1517 1192 1560 1219 τε
1589 1175 1661 1219 καὶ
1675 1176 1722 1218 15

183 1242 470 1295 Βπεριέχεται.
529 1240 677 1282 ου’κοῦν
710 1242 781 1282 καί
813 1240 917 1296 πρός
947 1257 1039 1283 τινα
1066 1243 1146 1284 τῶν
1179 1239 1371 1296 συνήθων
1398 1240 1524 1284 εἰπών
1553 1237 1658 1296 »ἄγε

220 1307 539 1360 πλουτήσωμεν”
583 1303 765 1360 ἑτεροίας
807 1305 974 1361 γνώμης
1007 1305 1269 1349 παντάπασιν
1313 1309 1548 1362 ἐγεγένητο,
1585 1307 1660 1349 καί

217 1375 397 1424 γυναῖκα
426 1373 509 1412 ταῖν
546 1371 868 1426 ἀπερριμμένων
896 1373 970 1412 καί
996 1367 1289 1427 ἆπηνθηκυιῶν
1315 1372 1494 1426 εὐγενῶν
1523 1370 1655 1428 ἅρμο-

217 1435 414 1490 σάμενος,
445 1439 516 1478 καί
547 1437 708 1478 παίδων
734 1432 918 1486 οἷκούσας
938 1434 1095 1492 πατήρ,
1128 1439 1305 1490 διένειμε
1335 1436 1501 1486 τούτοις
1528 1438 1655 1478 πλοῦ-

217 1516 289 1542 τον
314 1500 456 1554 βαθύν
482 1503 554 1542 καί
583 1497 757 1556 ἆρκετὸν
799 1503 858 1551 εἰς
887 1499 1051 1556 ἡδονάς.
1109 1501 1249 1556 κίμβιξ
1277 1503 1323 1544 δὲ
1352 1498 1410 1544 (ὂν
1438 1505 1496 1551 εἰς
1525 1499 1653 1557 ἄκρον
1666 1516 1719 1543 20

216 1569 290 1609 καί
321 1565 481 1622 γνίφων
521 1566 592 1608 καί
627 1565 948 1622 ὃυσγρίπιστος,
989 1567 1079 1609 οὐδ’
1112 1563 1196 1609 ἄνω
1238 1562 1338 1623 ἆραι
1378 1567 1429 1610 τά
1457 1571 1653 1624 βλέφαρα

217 1632 490 1688 πειρώμενος,
521 1634 757 1688 α’ναβλέψαι
784 1634 858 1674 καί
888 1635 947 1682 εἰς
974 1632 1169 1687 πτωχούς
1202 1634 1407 1686 α’τενίσαι,
1439 1634 1488 1675 οὗ
1516 1635 1653 1690 παρῆ-

311 1755 341 1778 ι.
365 1744 671 1791 παραθαλάττιαι
696 1748 734 1779 A.
855 1749 886 1780 3.
912 1745 1130 1792 α“ιιήσαντα]
1162 1745 1328 1790 ἤμηκότα
1366 1745 1651 1791 προσαιτιαῖμε-

309 1793 361 1823 θα
383 1791 423 1823 A.
541 1794 571 1826 5.
594 1797 676 1836 post
701 1794 948 1852 βουληθέντος
972 1793 1042 1825 PW
1077 1803 1120 1824 ex
1144 1793 1187 1824 Β.
1226 1794 1290 1825 καὶ
1313 1793 1428 1826 πλέον
1450 1792 1652 1850 μεμφόμε-

306 1839 361 1870 θα
375 1837 423 1874 οἷς
442 1837 684 1882 γινώσκοντα
711 1842 775 1872 και
797 1838 847 1896 μὴ
874 1837 1511 1886 πράξαντα.13.ἐκκρουόντων
1535 1833 1652 1874 αὐτὸν

306 1885 370 1916 καὶ
395 1885 701 1930 περιτρεπόντων
726 1884 846 1920 αυτὸν
869 1888 933 1928 τῆς
955 1886 1172 1931 προθέσεως
1201 1886 1239 1918 Α.

215 1978 357 2011 casione
389 1989 486 2011 mare
526 1985 674 2013 teneant
711 1985 747 2013 et
773 1980 972 2013 maritimae
1006 1980 1213 2024 provinciae
1243 1979 1441 2012 latrociniis
1465 1985 1651 2014 vexentur

215 2021 346 2069 quodsi
372 2026 504 2068 spicam
534 2027 568 2058 ei
600 2027 663 2070 qui
688 2027 777 2059 sevit
810 2032 990 2070 acceptam
1018 2027 1183 2065 ferimus,
1213 2031 1250 2059 et
1272 2037 1352 2058 eum
1377 2036 1521 2070 quoque
1546 2037 1649 2058 accu-

215 2082 331 2103 samus
359 2072 422 2115 qui
457 2082 530 2104 non
555 2073 728 2112 resecuit,
763 2083 830 2105 nec
858 2072 1064 2105 incendium
1102 2073 1135 2104 ei
1163 2072 1338 2105 duntaxat
1361 2073 1558 2116 imputatur
1585 2074 1649 2117 qui

215 2118 332 2160 ignem
358 2117 505 2158 iniecit,
531 2118 595 2150 sed
619 2119 652 2151 ei
678 2119 784 2151 etiam
809 2119 872 2163 qui
897 2118 935 2150 id
962 2119 1181 2162 restinguere
1209 2129 1289 2150 cum
1307 2123 1430 2163 posset
1451 2118 1583 2159 noluit,
1613 2124 1650 2152 et

213 2164 324 2206 magis
357 2163 652 2208 reprehendimus
694 2176 775 2197 eum
808 2166 870 2209 qui
898 2164 997 2218 quod
1031 2165 1168 2197 honum
1201 2175 1277 2197 esse
1313 2170 1418 2197 norat
1442 2175 1516 2198 non
1540 2143 1648 2206 fe'cit,

214 2210 304 2254 quid
336 2215 389 2242 est
426 2209 644 2244 dicendum?
701 2211 878 2244 Iohannes
918 2211 1028 2254 igitur
1061 2210 1146 2243 dum
1181 2211 1319 2254 integra
1343 2212 1558 2244 auctoritate
1580 2222 1647 2256 pro

214 2267 279 2288 sua
308 2255 465 2289 libidine
489 2258 654 2290 versabat
680 2258 811 2297 omnia,
834 2258 1042 2290 versabatur
1067 2258 1105 2289 in
1129 2257 1297 2301 publico,
1321 2262 1507 2290 accuratus
1533 2256 1648 2302 quae-

214 2308 306 2343 stor,
341 2313 467 2346 parcus
513 2303 758 2348 dispensator,
799 2304 980 2336 fenerator
1006 2309 1114 2348 atque
1140 2309 1283 2336 exactor
1305 2304 1466 2337 acerbus.
1492 2303 1555 2336 sed
1582 2304 1647 2337 ubi

212 2350 414 2393 potentiam
442 2361 540 2382 suam
565 2351 730 2394 infringi,
757 2351 1007 2383 auctoritatem
1041 2349 1244 2383 decrescere
1268 2351 1540 2395 potentiamque
1566 2351 1648 2383 lan-

214 2406 383 2439 guescere
406 2395 520 2438 vidit,
547 2397 644 2441 quod
669 2397 732 2428 alii
758 2407 902 2441 quoque
929 2396 1025 2441 apud
1050 2397 1298 2441 imperatorem
1322 2397 1475 2430 multum
1498 2402 1648 2441 possent

214 2453 256 2474 ac
280 2447 495 2486 potestatem
518 2455 616 2476 suam
641 2442 867 2475 immodicam
893 2448 1104 2483 everterent,
1129 2443 1311 2475 translatis
1336 2454 1426 2488 quos
1450 2443 1524 2477 sibi.
1540 2454 1646 2487 prae-

213 2488 342 2521 fixerat
374 2489 574 2530 limitibus,
605 2490 759 2534 tempori
793 2490 923 2523 servire
958 2495 995 2522 et
1021 2490 1129 2522 statui
1162 2500 1278 2522 rerum
1304 2501 1341 2522 se
1376 2489 1645 2523 accommodare

212 2545 278 2579 pro
303 2535 400 2568 virili
424 2536 596 2577 instituit,
623 2542 659 2570 et
684 2535 731 2568 ad
757 2536 936 2581 quendam
959 2536 1191 2568 familiarium
1218 2546 1383 2576 suorum,
1406 2541 1542 2568 mutata
1565 2536 1643 2580 pla·

212 2592 259 2614 ne
286 2583 488 2623 sententia,
533 2583 626 2616 dixit
657 2593 767 2627 „age‚
800 2594 865 2615 nos
890 2593 1035 2627 quoque
1060 2582 1306 2615 ditescamus.'’
1329 2581 1508 2626 ductaque
1533 2592 1645 2615 uxore

215 2638 258 2660 ex
282 2628 421 2661 abiecta
457 2635 493 2662 et
521 2629 685 2662 obsoleta
720 2628 932 2669 nobilitate,
960 2630 1057 2662 inter
1081 2628 1214 2661 liberos
1240 2639 1284 2661 ex
1309 2639 1350 2661 ea
1375 2634 1558 2673 susceptos
1587 2629 1644 2661 in·

215 2679 337 2718 gentes
371 2686 476 2719 opes,
507 2687 600 2720 quae
627 2676 874 2720 voluptatibus
906 2675 1044 2708 alendis
1081 2674 1224 2708 abunde
1270 2680 1412 2714 essent,
1438 2674 1644 2711 distribuit.

215 2721 321 2754 homo
362 2722 588 2767 parcissimus
624 2727 660 2756 et
694 2722 961 2764 tenacissimus,
998 2722 1062 2767 qui
1094 2733 1138 2755 ne
1173 2722 1402 2766 supercilium
1427 2722 1574 2767 quidem
1596 2721 1644 2755 ad
