1878 3230
392 161 463 200 nn
500 160 674 202 smms
714 160 1385 208 CONSTANTmOPoerANis.
1475 148 1585 205 865

162 250 391 310 ἆνὰγνωσις
428 257 502 301 καὶ
537 261 686 313 γνῶσις
724 262 808 303 τῶν
842 263 916 304 ἐπὶ
946 265 1018 305 σοι’
1055 258 1390 322 ῥαψῳδηθέντων
1422 267 1590 310 ἐκείνων

161 321 294 373 «inab,-
332 321 414 375 „ov”
457 325 622 377 νέμεσις
652 327 800 381 Τρῶας
836 325 910 369 καί
950 326 1201 382 ἐϋκνήμιδας
1227 330 1428 385 Ἀχαιοὺς
1457 335 1589 390 τοιῇδ’

163 384 279 440 ἀμφὶ
313 388 479 440 γυναικὶ
514 385 642 444 ἄλγεα
677 390 877 445 πάσχειν·
937 394 1063 443 αἰνῶς
1105 394 1339 452 ἀθανάτῃσι
1376 400 1493 448 θεαῖς
1529 399 1591 449 εἷς

162 446 259 493 ὦπα
284 450 449 495 ἔοικεν.”

125 517 151 558 5
247 555 250 559 .
277 532 340 560 10.
397 521 554 561 Δοτέον
580 535 654 574 μοι
682 521 811 564 ἐκεῖνο
849 525 908 580 τῷ
941 522 1060 582 λόγῳ.
1115 525 1300 568 α’νέκειτο
1338 528 1410 570 ἒπί
1439 529 1592 584 στήλης

160 583 338 632 νεοειδὲς
364 582 439 639 τὴν
466 579 567 638 ὄψιν
593 586 788 640 γύναιον,
816 587 918 631 αὐτὰ
946 591 1018 644 τῆς
1043 589 1205 646 ἡλικίας
1235 586 1334 645 ἄγον
1352 592 1399 635 τὸ
1440 596 1592 649 χαριέ-

159 662 334 700 στατον,
361 649 422 698 εἰς
443 647 626 694 τοῦπίσω
650 650 725 706 τήν
760 650 891 709 κόμην
933 653 1215 708 ἀναδούμενον
1250 658 1318 699 ἔπ’
1366 654 1592 714 ἀμφότερα

160 714 236 752 τοῦ
268 712 462 763 μετώπου
508 719 897 773 συνεστραμμένην,
939 720 1020 774 οὐχ
1070 719 1463 776 ὖπεραιωροιῖμενον
1503 720 1597 766 ἀλλ’

162 775 219 825 ὥς
246 775 375 819 ἁπτὸν
406 778 470 834 εἴη
496 786 582 830 τοῖς
623 783 667 831 ἐς
703 781 806 825 αὕτὸ
846 782 923 833 τὰς
961 790 1111 839 χεῖρας
1146 787 1383 830 ἐκτείνουσα
1439 786 1594 831 τούτου

102 840 214 897 10δὴ
242 845 316 884 τοῦ
342 843 640 901 μορφάσματος
667 846 694 901 ἧ
724 846 837 899 δεξιὰ
861 848 970 903 χείρ,
997 849 1177 905 μηδενὸς
1201 850 1373 901 ὑπόντος
1398 853 1602 907 ἕρεώμα-’

128 911 244 962 'roffi
273 906 410 965 ἄνδρα
436 909 618 967 ἔφιππον
658 912 737 968 ἀφ’
775 909 864 963 ἐνὸς
906 912 1073 956 ἱππείου
1115 915 1243 966 ποδὸς
1284 918 1357 959 ἐπὶ
1398 916 1596 972 παλάμας

159 975 325 1029 α’νεῖχεν
350 973 408 1025 ὥς
437 972 536 1018 οὐδὲ
578 977 741 1033 σκύφον
768 978 1030 1033 κεράσματος
1063 981 1220 1037 ἕτερος.
1276 977 1329 1037 ἦν
1365 984 1406 1024 δ’
1452 982 1475 1024 ὅ
1518 985 1598 1037 μὲν

159 1038 375 1095 α’ναβάτης
400 1043 591 1097 σφριγῶν
619 1043 665 1084 τὸ
696 1044 846 1098 σῶμα,
885 1044 1162 1100 φραττὸμενος
1197 1046 1387 1102 θώρακι,
1428 1055 1598 1102 κνημῖσι

159 1105 217 1149 τώ
263 1106 364 1148 πόδε
400 1106 783 1163 περιστελλόμενος,
831 1113 966 1152 πνέων
1000 1111 1188 1164 α’τεχνῶς
1233 1110 1432 1166 πόλεμον·
1486 1112 1509 1154 ὅ
1551 1116 1599 1156 δὲ

102 1170 286 1221 ι5ἴππος
312 1167 459 1226 α’νίστη
487 1171 534 1214 τό
566 1168 642 1222 οὖς
668 1173 725 1222 ὥς
751 1173 858 1227 πρὸς
883 1173 1113 1229 σάλπιγγα,
1134 1174 1297 1230 ὖψηλὸς
1325 1175 1399 1219 τὸν
1424 1178 1600 1231 αιῖχένα,

160 1235 237 1286 τὰς
267 1232 388 1290 ὄψεις
420 1235 573 1292 δριμὺς
599 1237 672 1280 καὶ
696 1236 769 1280 τὸν
789 1240 835 1280 ἐκ
868 1240 946 1280 τοῦ
974 1241 1119 1292 θυμοῦ
1154 1239 1312 1295 δρόμον
1352 1244 1599 1298 προφαίνων

159 1307 249 1351 τοῖς
277 1298 538 1358 ὄφθαλμοῖς·
595 1301 634 1344 οἱ
664 1303 710 1346 δὲ
736 1304 861 1354 πόδες
888 1304 1141 1361 ἀνεφέροντο
1178 1307 1314 1361 ἀέριοι
1344 1305 1391 1349 τό
1429 1311 1601 1362 πολεμι-

164 1366 238 1409 κὸν
264 1364 568 1419 ἐπιδεικνύντες
595 1366 801 1422 σάλευμα.

278 1447 342 1476 ιι.
400 1434 529 1476 Μετὰ
564 1434 611 1475 δὲ
637 1432 682 1476 τό
714 1432 893 1488 εἴκασμα
920 1434 1039 1478 τουτὶ
1072 1431 1254 1491 ἄγχιστα
1299 1439 1376 1480 τοῦ
1406 1440 1490 1482 τῶν
1535 1454 1601 1481 τε·

99 1515 150 1542 20
164 1495 338 1555 τριόρων
369 1494 473 1556 ἑῴου
503 1499 767 1555 καμπτῆρος,
802 1498 845 1550 ὃς
874 1501 1114 1556 ἐπεκέκλητο
1148 1504 1226 1543 τοῦ
1257 1500 1476 1556 Ῥουσιόυ,
1523 1504 1603 1559 ἅρ-

255 1611 288 1644 5.
313 1609 461 1642 fortasse
487 1608 577 1642 haec
601 1615 742 1651 statua,
765 1620 838 1656 qua
872 1609 1031 1653 Heynius
1053 1609 1078 1644 l.
1114 1622 1143 1645 c.
1179 1622 1214 1656 p.
1244 1614 1300 1647 28·
1337 1621 1382 1656 ²9
1417 1612 1602 1646 fortunam

257 1655 358 1689 urbis
383 1661 684 1700 repraesentatam
708 1667 784 1689 esse
808 1656 962 1697 iudicat,
996 1657 1110 1701 ipsam
1145 1658 1397 1698 certaminum,
1433 1670 1524 1703 quae
1562 1659 1602 1692 in

255 1701 495 1747 hippodromo
522 1703 665 1743 fierent,
694 1703 873 1736 fortunam
897 1703 1093 1736 indicabat.
1194 1714 1245 1738 ιο.
1271 1706 1532 1749 μορφώματος
1559 1705 1599 1737 Ο-

261 1750 312 1781 13.
335 1749 484 1794 θώρακι
507 1747 696 1783 Wilkenus
730 1760 794 1794 pro
821 1749 976 1795 σώματι.
1112 1759 1167 1784 20.
1193 1749 1354 1794 loquitur
1377 1750 1520 1784 Nicetas
1554 1750 1601 1783 de

258 1795 487 1840 Tmaxippo,
521 1796 584 1841 qui
626 1801 719 1829 teste
751 1796 926 1828 Pausania
962 1795 1012 1828 Vl
1035 1807 1078 1830 πο
1112 1795 1151 1828 in
1195 1795 1312 1829 stadio
1347 1807 1419 1841 quo
1448 1808 1493 1829 ue
1526 1797 1603 1830 Ne-

254 1853 357 1875 maeo
381 1842 473 1887 lapis
502 1847 578 1875 erat
600 1842 701 1876 rubri
725 1842 852 1874 coloris
878 1841 1012 1888 (πέτρα
1038 1841 1135 1886 ὑπὲρ
1160 1845 1236 1875 τῶν
1259 1843 1388 1876 ἵππων
1412 1855 1479 1883 την
1502 1854 1600 1889 καμ-

255 1885 334 1929 πῆν
361 1887 586 1930 ἀνεστηκυῖα
611 1888 733 1936 χρόαν
755 1888 910 1936 πυρριί).
952 1888 996 1921 cf.
1018 1887 1155 1932 Aloysii
1181 1888 1261 1922 Hirt
1289 1888 1413 1922 histor.
1435 1888 1601 1923 Archite-

256 1940 378 1968 cturae
401 1935 451 1967 111
474 1945 512 1980 p.
532 1935 607 1979 146.

163 2025 391 2057 innotescant
415 2023 505 2057 haec
532 2024 687 2057 carmina
705 2025 742 2058 in
767 2025 821 2058 tui
839 2024 1013 2058 honorem
1040 2024 1252 2058 concinnata
1267 2025 1283 2058 Ξ·
1325 2036 1398 2058 non
1430 2030 1506 2059 erat
1539 2026 1600 2059 in-

164 2070 312 2114 dignum
336 2076 455 2111 certe,
490 2076 546 2104 tot
574 2071 700 2104 funera
724 2071 855 2112 Troas,
881 2077 937 2104 tot
959 2071 1053 2104 mala
1077 2082 1142 2115 pro
1167 2071 1234 2104 tali
1256 2071 1399 2104 Danaos
1422 2072 1596 2106 tolerasse

162 2117 287 2161 puella
312 2116 494 2150 coelicolis
521 2117 641 2157 simili,
666 2117 799 2150 formae
821 2117 1012 2162 splendore
1027 2143 1038 2158 ,
1066 2117 1214 2150 deabus.

261 2174 312 2198 ιο.
358 2162 521 2196 Addatur
545 2168 581 2195 et
603 2163 706 2195 illud.
734 2164 922 2196 columnae
944 2163 1125 2196 insidebat
1142 2163 1291 2196 iuvenili
1313 2165 1431 2210 specie
1454 2164 1596 2206 mulier,

162 2209 279 2254 ipsum
307 2210 592 2242 amoenissimum
617 2209 745 2242 aetatis
768 2210 892 2242 ssorem
916 2210 1096 2251 referens,
1122 2210 1222 2242 cuius
1250 2221 1348 2243 coma
1374 2216 1469 2244 retro
1493 2212 1598 2244 colli-

163 2261 261 2299 gata,
286 2266 331 2288 ex
354 2261 505 2301 utraque
531 2256 659 2289 frontis
682 2261 783 2300 parte
809 2262 1009 2289 contracta:
1034 2267 1154 2301 neque
1177 2255 1267 2289 adeo
1292 2257 1456 2290 sublimis
1481 2258 1597 2302 erige-

162 2302 290 2342 batur,
315 2301 378 2334 sed
401 2303 453 2335 ita
478 2307 519 2335 ut
534 2307 658 2347 posset
684 2308 829 2335 extensa
853 2314 959 2335 manu
985 2303 1091 2335 facile
1114 2303 1222 2346 tangi.
1247 2302 1353 2336 huius
1380 2315 1487 2348 porro
1522 2310 1595 2336 sta-

162 2353 249 2381 tuae
273 2347 398 2381 dextra
421 2359 557 2390 manus,
582 2349 683 2381 nullo
702 2348 815 2380 sulcro
832 2354 1040 2390 sustentata,
1065 2349 1224 2394 equitem
1239 2349 1283 2382 ab
1309 2361 1380 2382 uno
1400 2351 1485 2394 equi
1500 2349 1594 2393 pede

162 2395 281 2439 palma
306 2395 525 2435 sustinebat,
552 2400 651 2428 tanta
676 2394 851 2428 facilitate
887 2401 1022 2440 quanta
1054 2406 1101 2429 ne
1134 2395 1306 2440 scyphum
1332 2395 1479 2440 quidem
1502 2395 1594 2427 alius

163 2440 321 2473 tolleret.
344 2446 420 2474 erat
445 2447 564 2474 autem
589 2452 705 2474 sessor
729 2441 895 2474 robustus
920 2452 1068 2487 corpore
1083 2466 1093 2482 ,
1117 2446 1233 2474 tectus
1258 2442 1389 2481 lorica,
1415 2441 1593 2484 tibiisque

165 2491 350 2527 ocreatus,
375 2486 511 2520 bellum
535 2488 643 2532 plane
668 2488 814 2532 spirans.
839 2498 951 2533 equus
979 2499 1063 2521 vero
1092 2498 1195 2520 aures
1224 2487 1402 2531 arrigebat
1428 2486 1530 2530 quasi
1545 2486 1592 2518 ad

164 2532 275 2565 tubae
298 2532 517 2576 clangorem,
542 2534 616 2567 alto
640 2534 753 2575 collo,
783 2534 855 2566 acri
885 2535 1071 2567 oculorum
1105 2534 1201 2574 acie,
1230 2539 1338 2576 atque
1368 2533 1481 2564 oculis
1507 2543 1593 2575 pro-

164 2578 254 2612 dens
277 2579 366 2611 iram
390 2577 623 2624 ardoremque
645 2580 896 2624 procurrendi;
918 2580 1030 2627 pedes
1054 2579 1225 2613 sublimes
1253 2579 1291 2610 in
1315 2583 1397 2612 aere
1424 2578 1592 2610 fereban-

163 2630 224 2658 tur
246 2624 418 2657 bellicum
439 2630 573 2657 motum
596 2626 807 2660 indicantes.

262 2681 311 2703 ιι.
358 2671 441 2703 Post
465 2670 563 2703 illam
588 2676 742 2704 statuam
776 2673 939 2717 proxime
973 2670 1195 2704 orientalem
1232 2668 1481 2713 quadrigarum
1514 2680 1590 2702 me-

164 2722 254 2756 tam,
280 2727 373 2761 quae
400 2716 498 2749 Rusii
521 2716 559 2762 (i.
591 2727 622 2752 e.
647 2717 760 2764 rubri)
795 2718 941 2751 nomine
972 2715 1246 2762 appellabatur,
1284 2716 1483 2759 aurigarum
1519 2722 1590 2748 sta-

242 2785 389 2819 Nicctas
414 2783 626 2819 Cleoniates.
1293 2783 1334 2817 55
