1838 3210
760 149 769 170 2

276 211 294 246 1
308 190 380 247 60
679 205 909 249 NJCETAE
961 204 1273 249 cnomA‘rAE

230 309 379 368 Βόξείρι
425 310 497 351 καί
534 309 727 360 ἐπιτυχεῖ
748 306 854 363 τύχῃ
893 306 997 362 πρὸς
1026 307 1076 349 τοὶ
1108 306 1333 361 πράγματα
1359 307 1592 363 χριόμενος,
1622 305 1693 353 ἇν-

152 378 438 429 ν.64θρωπος
476 372 550 412 οὔκ
580 369 745 426 ειῖφυης
771 370 847 425 τὴν
877 371 1066 426 διαρτιάν
1092 373 1167 413 τοῦ
1195 372 1411 425 σώματος,
1441 374 1531 415 ἀλλ’
1557 374 1693 429 ἤκρω-

267 440 535 494 τηριασμὲνος
564 437 608 477 ἐν
639 437 714 476 οῦκ
742 436 898 489 ὀλίγοις
924 438 1007 478 τῶν
1032 439 1205 490 καιρίων
1228 438 1378 488 μελῶν.
1433 438 1585 480 αὐτίκα
1611 439 1693 494 γάρ

271 504 313 545 αἱ
335 508 474 557 χεῖρες
490 501 624 558 τούτῳ
653 501 917 556 ἐξήρθρωντο
946 500 1017 543 καί
1042 500 1101 543 ταὶ
1133 500 1234 542 πόδε
1266 501 1546 554 ὑποσκάζοντε
1578 499 1695 558 ἦσαν,

265 570 336 609 καί
365 565 417 608 τοὶ
458 565 586 608 πολλὰ
629 564 695 621 ἐφ’
732 565 982 621 ἁρμαμάξης
1019 565 1092 620 τήν
1127 567 1297 621 πορείαν
1333 566 1540 622 πεποίητο.
1596 565 1729 615 ὅθενό

268 633 341 674 καί
366 629 441 680 τὰς
470 629 608 686 α’ρχάς
633 633 714 672 τῶν
740 633 831 672 κατ’
855 631 985 673 αὐτοῦ
1013 632 1268 684 σκωμμάτων
1294 633 1338 681 ἐξ
1368 632 1500 674 αὐτοῦ’
1527 630 1577 687 δὴ
1605 633 1695 675 ’Λν-

265 697 447 748 δρόνικος
474 697 666 739 ε’σὲπειτα
694 695 960 751 ποριζόμενος
980 695 1338 751 Κουτζασθλάνην
1365 699 1508 740 τοῦτον
1532 696 1696 751 ὠνόμα-

266 763 337 814 ζε,
378 763 666 818 φιλολοίδορος
702 758 761 803 α’)’ν
799 760 912 817 εἴπερ
943 776 1005 810 τις
1043 757 1189 814 ἄλλος,
1218 761 1290 803 καί
1316 761 1597 814 καθάψασθαι
1625 758 1695 805 ἆν-

264 825 448 882 θριόπων
495 825 748 878 δεινότατος,
787 828 859 868 καί
900 825 1036 879 λόγοις
1064 823 1304 880 Κερκώπων
1332 824 1507 876 ἁπαλοῖς
1535 832 1618 877 τοῖς
1645 829 1697 869 ου’

265 893 401 941 καλῶς
443 893 745 947 πεπραγμένοις
784 893 866 934 ταῖν
903 889 1035 946 ἔργων
1070 887 1098 946 ἢ
1125 897 1210 940 τοῖς
1238 888 1379 946 ἆηδῶς
1402 893 1477 934 τοῦ
1504 893 1695 946 σώματος
1715 911 1758 937 ιο

264 955 412 1010 ἔχουσι
438 959 582 1010 μῶμον
610 958 953 1012 προστρίψασθαι
981 955 1243 1006 ἱκανώτατος.
1299 954 1319 997 ὅ
1350 959 1427 1010 μὲν
1454 951 1527 999 οὖν
1554 957 1695 1007 ὁποῖος

265 1019 317 1064 ἂν
344 1023 415 1064 καί
457 1016 509 1077 ἦν
546 1021 620 1077 τὴν
665 1019 815 1064 πλάσιν
846 1023 922 1063 τοῦ
948 1019 1158 1075 σώματος,
1188 1045 1245 1055 --
1273 1017 1359 1075 εἶχε
1389 1024 1435 1064 δὲ
1463 1022 1520 1072 ὥς
1548 1022 1694 1076 αὐτόν,

227 1083 408 1141 Οοῖμαι,
440 1086 466 1142 ἦ
510 1085 714 1142 πλάστρια
749 1086 878 1142 φύσις
912 1084 1226 1140 ἐπαλαμήσατο,
1267 1111 1323 1120 —-
1348 1086 1530 1142 μεγάλην
1558 1084 1696 1142 ἀρχὴν

264 1153 441 1208 εἰληχώς
467 1151 540 1194 καί
565 1152 768 1201 τοσαύτας
795 1150 991 1203 δυνάμεις
1015 1149 1338 1206 περιβαλόμενος
1367 1153 1447 1206 ⁰¹57:
1470 1154 1598 1195 εἵλετο
1628 1154 1695 1195 ἐν.

268 1220 420 1259 τεῦθεν
445 1216 581 1270 βίοτον
609 1212 777 1272 ἤρεμον,
806 1214 913 1257 α’λλὰ
935 1216 1063 1271 φύσει
1075 1215 1324 1271 ταραχώδης
1353 1212 1412 1259 ὢν
1438 1219 1511 1260 καί
1537 1218 1693 1260 α’κατα-
1711 1223 1759 1264 15

265 1280 488 1337 στόρεστος
515 1276 653 1336 ὥσπερ
684 1296 748 1330 τις
774 1280 923 1329 κόλπος
947 1277 1182 1334 θαλάττιος,
1210 1279 1431 1335 Ῥωμαίοις
1454 1285 1531 1336 μὲν
1561 1284 1606 1324 ἐν
1634 1280 1696 1333 οἷς

264 1344 352 1401 εἶχε
369 1350 514 1388 λυπεῖν
543 1346 748 1401 α’κηρυκτί
765 1346 979 1401 διεφέρετο
1008 1347 1080 1387 καί
1103 1347 1346 1401 α’νέγκλητον
1370 1347 1568 1397 πολλάκις
1595 1350 1697 1403 ἐπῆὲ

265 1426 312 1465 γε
338 1408 409 1453 τόν
441 1410 639 1463 πόλεμον,
684 1407 763 1451 σύν
807 1409 949 1451 ου’δενί
987 1408 1092 1467 λόγῳ
1121 1410 1259 1464 θεσμοὶ
1298 1414 1598 1467 παρατρέχων,
1625 1415 1698 1455 καὶ

264 1478 454 1530 συγχέων
489 1477 566 1528 μὲν
613 1471 819 1527 σπονδάς,
865 1477 917 1532 τῇ
956 1476 1083 1533 οἰκεία
1124 1477 1162 1517 δ’
1190 1478 1331 1532 ἐφέσει
1357 1476 1619 1522 ταλαντεύων
1647 1479 1692 1520 τὰ

263 1540 623 1597 πραχθησόμενον.
692 1540 783 1580 οὐδ’
820 1541 951 1595 αὐτῆς
982 1535 1056 1581 οὖν
1093 1541 1295 1594 α’πέσχετο
1330 1544 1404 1597 τῆς
1433 1546 1760 1598 Μελιτηνῆς,2ο

266 1605 373 1648 ἄλλά
409 1606 481 1647 καί
519 1603 590 1647 τὸν
631 1605 786 1659 ταύτης
829 1605 936 1658 ἔχων
960 1608 1151 1647 καθελεῖν
1189 1605 1374 1661 ἆμηρᾶν,
1414 1609 1521 1662 μηδὲ
1545 1606 1593 1649 τὸ
1624 1611 1696 1664 τῆς

264 1669 492 1726 θρησκείας
533 1668 687 1712 ταύτὸν
724 1669 996 1722 ὑπειδόμενος
1037 1667 1064 1724 ἢ
1093 1669 1137 1711 τὸ
1164 1674 1294 1724 μηδὲν
1321 1671 1433 1726 ἔχειν
1461 1674 1696 1727 ἐπεγκαλεΐν

264 1734 455 1790 α’λγεινόν
491 1736 547 1792 τῷ
579 1731 814 1792 ἀνθρώπῳ,
842 1731 969 1784 αὐτὸς
1008 1733 1347 1786 ἄνεπικαλύπτως
1375 1738 1512 1779 αἰτίαν
1535 1736 1694 1781 πλασά-
1734 1747 1737 1749 ’

357 1867 389 1889 2.
416 1853 603 1901 διαρτίαν]
634 1854 774 1889 πλάσιν
797 1855 852 1888 B?
945 1856 975 1889 5.
1000 1850 1233 1902 ἁρμαμάξης]
1259 1855 1399 1902 οἷμοίξης
1423 1858 1460 1890 Α.
1559 1858 1610 1902 14.
1638 1858 1694 1892 εἰ·-

358 1895 484 1948 ληφῶς
506 1904 545 1936 Α.
715 1903 764 1936 ι6.
793 1901 862 1948 τις]
893 1912 948 1938 τις
969 1901 1076 1940 ἄλλος
1103 1904 1142 1935 Α.
1280 1913 1335 1938 21.
1358 1901 1471 1950 α’λλά]
1499 1902 1629 1950 α’μέλει
1651 1906 1693 1939 Α.

358 1949 451 1996 μήτε
468 1950 507 1983 Δ.
610 1950 664 1984 23.
691 1945 872 1993 ἀλγεινὸν
896 1958 953 1980 om
977 1948 1016 1981 Α.

265 2057 411 2090 Daduni
435 2056 526 2090 clam
550 2056 820 2089 conciliaturam
846 2066 910 2100 per
933 2055 1148 2089 seditionem
1173 2057 1396 2099 occiderunt3
1423 2062 1460 2091 et
1483 2058 1691 2099 Dadunem,

267 2114 375 2148 quem
396 2103 595 2147 principem
618 2103 884 2142 aversabantur,
910 2102 1016 2146 longe
1044 2103 1234 2135 eiecerunt.
1258 2102 1321 2136 sed
1345 2103 1596 2137 Clizasthlanis
1613 2105 1693 2150 opi-

265 2150 334 2183 bus
363 2149 528 2182 resistere
552 2159 626 2181 non
651 2153 858 2192 potuerunt,
882 2149 992 2192 quin,
1018 2153 1059 2181 ut
1081 2149 1151 2181 iam
1175 2149 1437 2193 Cappadociam
1463 2150 1623 2190 tenebat,
1642 2151 1694 2184 sic

267 2194 400 2228 deinde
424 2195 601 2228 Amasiam
614 2205 758 2239 quoque
781 2199 981 2238 occuparet,
1007 2193 1113 2227 homo
1137 2206 1327 2239 prosperae
1354 2195 1519 2228 fortunae
1541 2197 1629 2230 flatu
1654 2198 1694 2230 in

269 2242 375 2275 rebus
396 2241 561 2273 celeriter
586 2240 815 2273 conficiendis
844 2245 965 2280 utens,
993 2241 1152 2284 quamvis
1177 2251 1323 2285 corpore
1345 2252 1470 2285 parum
1492 2242 1631 2286 integro
1657 2248 1694 2276 et

267 2288 434 2333 pluribus
454 2287 656 2331 praecipuis
683 2285 851 2319 membris
873 2286 1062 2319 mutilato:
1086 2298 1168 2319 nam
1196 2293 1233 2320 et
1250 2288 1392 2320 articuli
1418 2299 1588 2322 manuum
1611 2289 1693 2322 elisi

270 2339 372 2367 erant
395 2339 432 2367 et
463 2332 573 2377 pedes
599 2333 872 2372 claudicabant,
901 2337 938 2365 et
960 2337 1099 2365 caetera
1127 2333 1177 2365 sic
1200 2336 1345 2366 affectus
1372 2339 1448 2367 erat
1471 2341 1512 2368 ut
1535 2336 1694 2379 plerum-

269 2392 340 2426 que
369 2391 472 2413 curru
502 2378 702 2412 veheretur.
743 2379 874 2423 quibus
901 2378 945 2411 de
976 2379 1089 2411 causis
1112 2378 1352 2419 Andronicus,
1378 2379 1484 2414 homo
1510 2380 1694 2415 dicacissi-

269 2438 348 2460 mus
375 2431 412 2459 et
435 2425 627 2458 cavillandi
647 2425 706 2458 vel
730 2424 839 2458 animi
872 2424 930 2457 vel
955 2424 1111 2468 corporis
1134 2426 1222 2461 vitia
1244 2427 1496 2470 peritissimus,
1523 2427 1692 2461 Cuzasth-

269 2474 388 2506 lanem
409 2472 512 2505 illum
536 2471 754 2516 appellabat.
779 2471 938 2515 quamvis
965 2476 1084 2503 autem
1110 2471 1176 2503 tali
1201 2483 1348 2516 corpore
1372 2484 1393 2505 a
1419 2478 1548 2506 natura
1573 2473 1694 2508 defor-

270 2525 404 2560 matus,
442 2523 563 2551 tamen
597 2529 762 2561 magnum
790 2516 940 2560 adeptus
964 2517 1151 2561 imperium
1184 2519 1366 2562 tantisque
1396 2520 1555 2552 munitus
1579 2521 1692 2565 copiis

272 2566 346 2599 otio
370 2569 489 2610 spreto
504 2590 514 2606 ‚
553 2564 687 2609 quippe
712 2563 920 2596 turbulento
945 2568 982 2595 et
1002 2563 1197 2596 insatiabili
1222 2564 1404 2608 praeditus
1432 2566 1598 2610 ingenio,
1623 2567 1693 2599 Ro-

263 2622 394 2646 -manos
418 2611 483 2644 ubi
504 2616 665 2655 poterat,
687 2620 760 2642 non
786 2609 923 2642 indicto
948 2608 1057 2650 bello,
1085 2611 1182 2642 nulla
1211 2610 1256 2643 de
1282 2622 1387 2644 causa
1410 2612 1544 2645 violato
1568 2611 1693 2646 foede-

273 2670 331 2699 re,
360 2657 423 2691 sed
445 2662 586 2691 tantum
611 2657 697 2702 quia
719 2657 770 2689 ita
787 2655 932 2689 libitum
946 2661 1033 2696 erat,
1054 2657 1207 2690 vexabat
1229 2662 1338 2702 atque
1364 2658 1603 2703 oppugnabat.
1625 2669 1692 2692 nec

272 2706 350 2750 ipsa
361 2704 528 2738 Melitina
552 2702 743 2737 abstinuit:
771 2701 834 2735 sed
848 2702 1017 2735 facultate
1040 2702 1138 2735 illius
1161 2703 1373 2737 evertendae
1391 2711 1588 2750 perspecta,
1611 2715 1691 2738 cum

273 2752 409 2785 nullam
433 2749 477 2784 ab
503 2751 630 2784 Amera
654 2749 822 2783 iniuriam
861 2749 1074 2794 accepisset,
1101 2761 1240 2783 causam
1264 2750 1489 2795 impudenter
1514 2761 1690 2786 commen-
