1878 3230
301 145 409 201 862
708 162 931 203 NicssTAs
970 161 1246 203 ειιοΝιΑΤΑ

298 280 365 306 σιν
393 260 533 314 dechar,
565 259 716 316 ἡδονὴν
743 261 936 312 ἒνστάζον
963 266 1124 314 ψυχαῖς
1155 257 1297 314 ὅραμα
1337 260 1410 303 καὶ
1447 267 1590 306 πεῖθον
1621 279 1722 319 χρυ·

298 332 498 382 νοτριβεῖν
532 324 629 375 τοὺς
661 326 794 368 αυτοῦ
830 328 932 374 θέας
973 329 1351 380 κατατρυφῶντας,
1396 343 1452 375 ως
1487 326 1584 376 τούς
1623 329 1724 371 ὑπέ-

296 409 448 446 χοντας
477 391 605 444 ἀκοὴν
632 389 680 432 τὰ
710 393 789 432 τῶν
827 389 1033 445 ..ειρὴνων
1072 390 1389 470 δυσπαρόδευτα
1419 391 1721 466 ,ειιελωδηματω

300 457 456 514 ὸιῂρκει
487 459 564 509 μὲν
591 455 669 509 γὰρ
707 473 761 503 ως
790 457 849 504 εἰς
872 458 1020 509 πτῆσιν
1046 454 1122 503 τὰς
1151 457 1377 511 πτέρυγας,
1414 473 1511 512 οφις
1553 459 1599 499 δὲ
1639 463 1724 507 τοῖς

299 537 419 564 ποσιν
447 520 713 574 ὑποκειίιενος
743 537 810 561 και
850 517 1122 574 λορδούμενος
1154 536 1211 568 εις
1241 521 1391 569 ὁλκοὺς
1418 522 1609 576 ἀπεῖργεν
1646 523 1760 570 av‘-5

299 586 368 628 τὸν
394 589 464 641 τῆς
495 584 741 641 ἀναφορᾶς,
777 581 842 626 οἶα
882 591 964 634 τοῖς
1002 581 1145 640 ἄκροις
1183 588 1254 627 τοῦ
1293 584 1482 637 σώματος
1525 586 1580 635 ὥς
1621 586 1726 643 πρὸς

302 654 440 707 δῆγμα
470 653 699 706 ἑγχρίπτων
724 656 815 699 ταῖς
843 653 1049 705 πτέρυξιν.
1108 646 1207 704 ἤνυε
1246 652 1291 691 δὲ
1329 649 1350 692 ὃ
1387 650 1548 704 ἰοβόλος
1575 653 1724 694 ου’ὃὲν·

302 725 393 766 ταῖς
419 715 498 772 γάρ
528 717 610 758 τῶν
638 713 796 769 ὀνύχων
824 717 1120 770 ἐμπερονηθείς
1161 711 1339 764 ἆκωκαῖς
1367 714 1531 770 ἐσβεστο
1557 715 1629 772 τὴν
1656 714 1728 771 ὄρ-

299 781 383 838 μὴν
411 782 484 823 καί
509 779 728 823 ὗπνιόττειν
755 782 912 833 μᾶλλον
937 779 1071 822 ἐδόκει
1099 776 1126 835 ἢ
1152 782 1251 834 γοῦν
1286 780 1391 836 πρὸς
1428 782 1729 823 καταπάλαισιν

301 850 378 889 τοῦ
405 843 574 902 ὄρνιθος
601 852 690 895 ταῖς
718 846 874 888 ἐκείνου
908 844 1203 900 προσφύεσθαι
1244 847 1428 901 πτέρυξι.
1483 849 1555 888 καί
1594 846 1616 887 ὅ
1651 848 1792 899 μὲνιο

301 907 398 969 ὄφις
427 911 538 954 οὕτω
571 914 702 954 πνέων
731 910 782 952 τά
811 909 976 952 λοίσθια
1005 911 1075 952 καί
1107 909 1176 952 τὸν
1212 909 1275 954 ἰὸν
1312 908 1423 964 εἶχεν
1451 907 1590 968 ἑαυτῷ
1632 928 1730 953 συν-

300 979 546 1032 θνήσκοντα·
608 976 629 1017 0‘
669 977 708 1017 δ’
733 975 849 1024 ιίετός
879 977 1035 1031 γαῦρον
1068 974 1176 1029 ὁρῶν
1214 972 1533 1030 καῖ’μονονουχί
1570 974 1732 1027 κλάζων

301 1042 351 1085 ‘toi
377 1046 557 1084 ἐπινίκια
589 1039 712 1096 ὥρμα
736 1042 958 1095 συνεξᾶραι
995 1040 1066 1082 τὸν
1108 1036 1204 1097 ὅφιν
1232 1043 1304 1082 καί
1332 1039 1419 1094 ἅμα
1448 1039 1485 1083 οἱ
1521 1043 1573 1082 δι’
1609 1042 1730 1095 α’έρος

303 1110 507 1164 φέρεσθαι
526 1141 536 1160 ,
564 1105 863 1161 τεκμαίρεσθαι
891 1107 1011 1147 τοῦτο
1036 1104 1180 1154 διδους
1206 1108 1262 1163 τῷ
1293 1108 1468 1162 χαροπῷ
1493 1108 1568 1148 τοῦ
1605 1107 1731 1160 βλέμ-

301 1188 432 1226 ματος
458 1175 531 1214 καί
556 1174 604 1228 τῇ
633 1169 830 1225 νεκρώσει
857 1171 933 1212 τοῦ
965 1165 1124 1226 ὄφεως,
1155 1169 1201 1212 ὃν
1229 1167 1316 1213 εἶπέ
1342 1187 1405 1219 τις
1433 1168 1484 1212 ἄν
1512 1170 1614 1213 ἰδών
1640 1173 1728 1212 ἐπι·
1745 1174 1792 1216 15

301 1240 547 1292 λελησμένον
574 1240 657 1279 τῶν
684 1235 849 1287 ἑλίξεων
875 1237 946 1277 καί
972 1238 1049 1276 τοῦ
1074 1234 1236 1277 δάκνειν
1256 1238 1313 1284 εἰς
1331 1229 1504 1290 ὄλεθρον
1534 1236 1604 1277 καί
1631 1233 1731 1284 τούς

301 1300 471 1350 λοιπούς
506 1303 763 1352 Βυζαντίους
808 1295 926 1355 ὄφεις
952 1302 1007 1356 τῷ
1046 1304 1142 1341 καθ’
1168 1300 1290 1341 αὑτὸν
1316 1301 1523 1353 διασοβεῖν
1565 1298 1730 1341 ὑποδεί-

300 1383 428 1421 γματι
447 1367 520 1408 καί
537 1369 697 1408 πείθειν
716 1371 808 1413 ταῖς
826 1371 960 1419 χειαῖς
982 1367 1290 1419 συσπειριῖσθαι
1320 1364 1392 1406 καί
1418 1362 1731 1420 παραβύεσθαι.

303 1427 352 1472 οὗ
380 1429 507 1484 μόνον
537 1433 583 1473 δὲ
611 1432 705 1472 καθ’
745 1426 823 1471 ὅσα
864 1427 1108 1484 εἰρήκαμεν,
1150 1426 1396 1482 α’ξιάγαστον
1433 1425 1483 1483 ἦν
1525 1431 1640 1470 τουτί
1683 1428 1729 1471 τὸ

302 1497 458 1537 οἷέτειον
490 1494 679 1549 εἴκασμα,
708 1496 795 1536 ἀλλ’
825 1492 892 1536 ὅτι
920 1495 991 1534 καί
1018 1493 1069 1534 τὰ
1096 1496 1166 1548 τῆς
1198 1491 1353 1548 ἧμέρας
1382 1493 1535 1549 ὦριαΐα
1564 1492 1727 1548 τμήμα-
1742 1513 1792 1540 20

300 1577 352 1602 τα
386 1561 454 1602 διὰ
481 1563 560 1602 τῶν
590 1562 634 1603 ἐν
659 1566 749 1609 ταῖς
777 1562 943 1613 πτέρυξι
973 1561 1289 1614 κεχαραγμὲνων
1327 1561 1528 1612 γραμμῶν
1539 1591 1552 1611 ,
1591 1560 1728 1601 ου’σῶν

301 1626 570 1679 δυοκαίδεκα,
603 1623 828 1680 τρανότατα
856 1622 1066 1678 ὑπεδήλου
1095 1629 1180 1672 τοῖς
1207 1622 1281 1672 τὰς
1318 1618 1436 1677 ὄψεις
1462 1626 1602 1682 ἐκείνῳ
1647 1623 1727 1666 miv

392 1771 426 1794 2.
449 1757 537 1796 τοὺς
562 1758 657 1807 κύῃ]
685 1759 770 1801 τῆςῖ
869 1768 918 1792 12.
942 1757 1092 1798 κλῶζων
1118 1758 1233 1803 vulgo·
1358 1759 1408 1793 18-
1433 1756 1573 1791 codices
1595 1759 1726 1804 χρείας

391 1806 463 1851 (vel
490 1808 651 1853 χείραις)
680 1805 982 1852 συμπειρᾶσθαι.

302 1923 411 1963 agunt
427 1943 436 1958 ‚
464 1918 620 1962 aquilam
645 1918 828 1950 columnae
858 1917 1022 1962 imponit,
1047 1916 1285 1962 spectaculum
1311 1916 1433 1949 animis
1457 1916 1643 1951 illecebras
1667 1917 1726 1952 in—

303 1965 464 2005 stillans,
492 1970 716 2008 suadensque
741 1969 782 1997 ut
806 1964 939 1996 diutius
972 1964 1035 1996 tali
1063 1968 1253 2007 conspectu
1277 1963 1460 2003 fruantur,
1494 1963 1725 2007 quemadmo—

304 2011 386 2043 dum
410 2012 434 2043 ii
462 2011 524 2055 qui
547 2011 708 2043 Sirenum
734 2016 856 2043 cantus
885 2009 1096 2050 audiebant,
1130 2008 1274 2042 difficile
1306 2010 1384 2041 loco
1418 2009 1660 2043 movebantur.
1688 2015 1726 2044 et

303 2058 376 2089 alas
401 2056 544 2101 quidem
573 2058 671 2101 quasi
698 2056 742 2089 ad
763 2057 920 2089 volatum
946 2056 1184 2100 explicuerat:
1208 2061 1244 2088 at
1261 2065 1402 2099 serpens
1428 2055 1579 2099 pedibus
1603 2055 1725 2090 subie-

304 2109 380 2136 ctus
404 2103 628 2147 sinuosisque
653 2103 801 2135 flexibus
828 2102 1017 2135 obvolutus
1046 2114 1065 2134 a
1090 2103 1209 2135 volatu
1235 2101 1421 2135 coercebat
1445 2101 1564 2142 illam,
1600 2113 1725 2147 supre—

303 2160 358 2180 ma
383 2149 537 2192 corporis
564 2154 664 2192 parte
694 2150 795 2193 quasi
825 2149 870 2181 ad
896 2148 1107 2181 mordendas
1133 2149 1206 2180 alas
1235 2153 1360 2180 erecta.
1388 2158 1509 2180 verum
1534 2147 1625 2180 nihil
1645 2148 1726 2181 effi-

304 2194 419 2226 ciebat
436 2200 649 2227 venenatum
674 2196 821 2227 animal:
849 2206 930 2228 nam
958 2195 1133 2237 unguibus
1150 2194 1377 2227 constrictum
1403 2193 1446 2225 ab
1465 2194 1598 2237 impetu
1624 2197 1726 2227 coiit-

304 2240 471 2280 cebatur,
496 2251 536 2271 ac
562 2240 751 2273 dormitare
778 2242 897 2285 potius
921 2240 1108 2273 videbatur
1125 2252 1230 2285 quam
1254 2251 1331 2272 cum
1355 2250 1417 2271 ave
1441 2250 1594 2283 pugnare
1619 2245 1655 2272 et
1677 2239 1724 2272 ad

303 2288 375 2319 alas
399 2286 474 2318 eius
502 2286 714 2330 pertingere
740 2292 847 2330 atque
874 2288 924 2318 ita
949 2298 1093 2331 serpens
1118 2293 1246 2320 tetrum
1273 2286 1417 2329 spirans,
1449 2296 1550 2316 suum
1579 2296 1648 2317 una
1668 2296 1724 2318 se-

303 2345 381 2365 cum
406 2332 598 2364 extinctum
614 2343 789 2364 venenum
813 2332 1041 2373 continebat,
1067 2344 1144 2364 cum
1184 2332 1326 2364 interim
1354 2330 1473 2374 aquila
1499 2331 1594 2363 laeto
1621 2343 1725 2376 aspe-

303 2385 381 2419 ctu,
409 2383 545 2410 tantum
573 2388 646 2410 non
679 2378 843 2422 clangens
878 2388 940 2422 pro
969 2379 1135 2419 victoria,
1161 2378 1262 2422 quasi
1287 2377 1426 2409 avolare
1453 2381 1488 2408 et
1523 2381 1723 2421 serpentem

303 2436 421 2458 secum
445 2424 584 2456 auferre
610 2423 797 2465 tentabat·
822 2423 859 2455 id
886 2423 981 2467 quod
1010 2435 1053 2456 ex
1076 2430 1237 2468 aspectus
1266 2422 1448 2454 hilaritate
1481 2434 1521 2454 ac
1550 2424 1724 2468 serpentis

301 2482 388 2504 nece
415 2469 683 2502 coniectandum
707 2448 942 2514 relinquebat.
969 2481 1074 2513 quem
1103 2474 1299 2513 serpentem
1326 2468 1387 2512 qui
1411 2467 1577 2509 vidisset,
1615 2469 1725 2502 dixis-

303 2523 356 2550 set
381 2527 464 2549 sane
489 2517 591 2548 illum
615 2516 902 2549 convolutionum
929 2526 968 2547 ac
996 2516 1213 2548 letiferorum
1238 2525 1416 2546 morsuum
1453 2514 1602 2547 oblitum
1638 2515 1724 2548 reli-

303 2575 391 2607 quos
419 2568 599 2607 serpentes
626 2563 835 2605 Byzantinos
862 2562 1023 2606 exemplo
1049 2572 1111 2593 suo
1138 2560 1346 2600 absterrere,
1373 2572 1413 2592 ac
1433 2571 1576 2593 monere
1605 2566 1645 2593 ut
1663 2572 1723 2594 co·—

302 2614 470 2641 narentur
498 2619 573 2640 sese
597 2609 634 2641 in
659 2609 797 2641 fissuras
824 2607 965 2640 abdere.
993 2619 1064 2639 non
1095 2608 1207 2639 solum
1234 2613 1353 2639 autem
1378 2606 1423 2639 ob
1449 2618 1489 2639 ea
1513 2617 1604 2651 quae
1629 2604 1722 2639 dixi-

302 2667 379 2687 mus
406 2654 638 2687 admiratione
664 2654 768 2698 digna
794 2660 869 2686 erat
891 2654 953 2686 illa
980 2654 1123 2707 aquilae
1150 2653 1194 2684 (i‘r
1175 2664 1269 2696 gnra,
1297 2652 1358 2685 sed
1383 2653 1486 2685 etiam
1510 2653 1593 2696 quia
1623 2651 1720 2684 diur-

303 2713 364 2735 nas
388 2700 490 2733 horas
516 2701 620 2735 lineis
650 2701 833 2735 duodecim
857 2701 892 2734 iu
919 2700 983 2734 alis
1012 2700 1086 2733 eius
1114 2699 1232 2732 incisis
1259 2699 1450 2732 clarissime
1475 2697 1683 2732 indicabat'
1674 2699 1719 2730 iis
