<?xml version="1.0" encoding="UTF-8"?>
<!DOCTYPE html PUBLIC "-//W3C//DTD XHTML 1.0 Transitional//EN"
    "http://www.w3.org/TR/xhtml1/DTD/xhtml1-transitional.dtd">
<html xmlns="http://www.w3.org/1999/xhtml" xml:lang="en" lang="en">
 <head>
  <title>
</title>
<meta http-equiv="Content-Type" content="text/html;charset=utf-8" />
  <meta name='ocr-system' content='tesseract 3.04.00' />
  <meta name='ocr-capabilities' content='ocr_page ocr_carea ocr_par ocr_line ocrx_word'/>
</head>
<body>
  <div class='ocr_page' id='page_1' title='image "./corpusscriptorum41niebuoft/corpusscriptorum41niebuoft_0943.png"; bbox 0 0 1878 3230; ppageno 0'>
   <div class='ocr_carea' id='block_1_1' title="bbox 673 157 1554 227">
    <p class='ocr_par' dir='ltr' id='par_1_1' title="bbox 673 157 1554 227">
     <span class='ocr_line' id='line_1_1' title="bbox 673 157 1554 227; baseline -0.006 -13"><span class='ocrx_word' id='word_1_1' title='bbox 673 172 837 215; x_wconf 78' lang='lat' dir='ltr'>GLoss</span> <span class='ocrx_word' id='word_1_2' title='bbox 840 173 1025 215; x_wconf 68' lang='lat' dir='ltr'>Anum.</span> <span class='ocrx_word' id='word_1_3' title='bbox 1445 175 1481 227; x_wconf 88' lang='lat'><strong>9</strong></span> <span class='ocrx_word' id='word_1_4' title='bbox 1495 177 1509 210; x_wconf 90' lang='lat'>1</span> <span class='ocrx_word' id='word_1_5' title='bbox 1523 157 1554 209; x_wconf 83' lang='lat'>3</span> 
     </span>
    </p>
   </div>
   <div class='ocr_carea' id='block_1_2' title="bbox 146 269 1594 2750">
    <p class='ocr_par' dir='ltr' id='par_1_2' title="bbox 146 269 1566 652">
     <span class='ocr_line' id='line_1_2' title="bbox 147 269 1560 338; baseline -0.001 -25"><span class='ocrx_word' id='word_1_6' title='bbox 147 274 227 314; x_wconf 95' lang='grc'><strong><em>25·</em></strong></span> <span class='ocrx_word' id='word_1_7' title='bbox 258 269 420 313; x_wconf 80' lang='grc' dir='ltr'><em>ἔστειλα</em></span> <span class='ocrx_word' id='word_1_8' title='bbox 435 274 528 338; x_wconf 78' lang='grc' dir='ltr'><strong><em>γάρ</em></strong></span> <span class='ocrx_word' id='word_1_9' title='bbox 558 271 659 313; x_wconf 80' lang='grc' dir='ltr'><strong><em>κατὰ</em></strong></span> <span class='ocrx_word' id='word_1_10' title='bbox 688 270 756 314; x_wconf 81' lang='grc' dir='ltr'><strong><em>τὸν</em></strong></span> <span class='ocrx_word' id='word_1_11' title='bbox 793 270 935 324; x_wconf 80' lang='grc' dir='ltr'><strong><em>καιρὸν</em></strong></span> <span class='ocrx_word' id='word_1_12' title='bbox 962 273 1203 313; x_wconf 78' lang='grc' dir='ltr'><strong><em>καπετάιιον</em></strong></span> <span class='ocrx_word' id='word_1_13' title='bbox 1237 273 1280 312; x_wconf 78' lang='grc' dir='ltr'><strong><em>ἐν</em></strong></span> <span class='ocrx_word' id='word_1_14' title='bbox 1317 271 1383 327; x_wconf 80' lang='grc' dir='ltr'><strong><em>τῇ</em></strong></span> <span class='ocrx_word' id='word_1_15' title='bbox 1393 273 1560 327; x_wconf 67' lang='grc' dir='ltr'><strong><em>Βειετίᾳ</em></strong></span> 
     </span>
     <span class='ocr_line' id='line_1_3' title="bbox 146 324 1558 381; baseline 0 -14"><span class='ocrx_word' id='word_1_16' title='bbox 146 325 364 377; x_wconf 70' lang='grc' dir='ltr'><strong><em>ἑτοιμάσαι</em></strong></span> <span class='ocrx_word' id='word_1_17' title='bbox 394 324 582 380; x_wconf 81' lang='grc' dir='ltr'><strong>κάτεργα.</strong></span> <span class='ocrx_word' id='word_1_18' title='bbox 618 330 837 381; x_wconf 82' lang='lat' dir='ltr'>Capitanei.</span> <span class='ocrx_word' id='word_1_19' title='bbox 869 328 1091 368; x_wconf 85' lang='lat' dir='ltr'><strong>Concilium</strong></span> <span class='ocrx_word' id='word_1_20' title='bbox 1118 328 1361 381; x_wconf 76' lang='grc' dir='ltr'><strong><em>ΕΡΙιε5ἶιιιιιιι</em></strong></span> <span class='ocrx_word' id='word_1_21' title='bbox 1398 334 1477 367; x_wconf 87' lang='lat' dir='ltr'>act.</span> <span class='ocrx_word' id='word_1_22' title='bbox 1509 342 1558 380; x_wconf 91' lang='lat'><strong><em>7.</em></strong></span> 
     </span>
     <span class='ocr_line' id='line_1_4' title="bbox 146 382 1562 446; baseline -0.001 -25"><span class='ocrx_word' id='word_1_23' title='bbox 146 382 548 437; x_wconf 79' lang='lat' dir='ltr'><em>magnficentissimus</em></span> <span class='ocrx_word' id='word_1_24' title='bbox 571 385 799 446; x_wconf 81' lang='lat' dir='ltr'><em>capitaneus</em></span> <span class='ocrx_word' id='word_1_25' title='bbox 823 384 1001 436; x_wconf 80' lang='lat' dir='ltr'><strong><em>prmcipi</em></strong></span> <span class='ocrx_word' id='word_1_26' title='bbox 1037 392 1074 422; x_wconf 75' lang='lat' dir='ltr'><strong><em>ec</em></strong></span> <span class='ocrx_word' id='word_1_27' title='bbox 1113 384 1215 422; x_wconf 78' lang='lat' dir='ltr'><em>clero</em></span> <span class='ocrx_word' id='word_1_28' title='bbox 1258 383 1427 434; x_wconf 71' lang='lat' dir='ltr'><strong><em>scripsit.</em></strong></span> <span class='ocrx_word' id='word_1_29' title='bbox 1470 382 1562 421; x_wconf 79' lang='lat' dir='ltr'><strong>v&#39;ule</strong></span> 
     </span>
     <span class='ocr_line' id='line_1_5' title="bbox 147 435 1455 490; baseline -0.001 -14"><span class='ocrx_word' id='word_1_30' title='bbox 147 437 278 476; x_wconf 88' lang='lat' dir='ltr'>Gloss.</span> <span class='ocrx_word' id='word_1_31' title='bbox 308 436 360 478; x_wconf 81' lang='lat' dir='ltr'><strong><em>ad</em></strong></span> <span class='ocrx_word' id='word_1_32' title='bbox 388 437 508 475; x_wconf 79' lang='lat' dir='ltr'>Cedr.</span> <span class='ocrx_word' id='word_1_33' title='bbox 543 439 585 476; x_wconf 87' lang='lat' dir='ltr'><strong><em>in</em></strong></span> <span class='ocrx_word' id='word_1_34' title='bbox 617 435 835 475; x_wconf 79' lang='grc' dir='ltr'><strong><em>καπετοὶνοι</em></strong></span> <span class='ocrx_word' id='word_1_35' title='bbox 863 444 903 475; x_wconf 80' lang='lat' dir='ltr'><strong><em>et</em></strong></span> <span class='ocrx_word' id='word_1_36' title='bbox 934 437 1109 475; x_wconf 78' lang='lat' dir='ltr'>Iudicem</span> <span class='ocrx_word' id='word_1_37' title='bbox 1136 439 1176 475; x_wconf 86' lang='lat' dir='ltr'><strong><em>in</em></strong></span> <span class='ocrx_word' id='word_1_38' title='bbox 1203 435 1455 490; x_wconf 74' lang='grc' dir='ltr'><strong>κεφαλάὸας.</strong></span> 
     </span>
     <span class='ocr_line' id='line_1_6' title="bbox 255 487 1436 543; baseline 0 -14"><span class='ocrx_word' id='word_1_39' title='bbox 255 487 574 543; x_wconf 80' lang='grc' dir='ltr'><strong><em>κεφαλάρεα</em></strong></span> <span class='ocrx_word' id='word_1_40' title='bbox 601 498 804 530; x_wconf 85' lang='lat' dir='ltr'><strong>armatura</strong></span> <span class='ocrx_word' id='word_1_41' title='bbox 830 492 966 543; x_wconf 79' lang='lat' dir='ltr'>capitis</span> <span class='ocrx_word' id='word_1_42' title='bbox 993 505 1191 543; x_wconf 85' lang='lat' dir='ltr'><strong>equorum</strong></span> <span class='ocrx_word' id='word_1_43' title='bbox 1222 505 1259 529; x_wconf 91' lang='lat' dir='ltr'><strong><em>v.</em></strong></span> <span class='ocrx_word' id='word_1_44' title='bbox 1287 492 1436 529; x_wconf 49' lang='lat' dir='ltr'><strong>Meunzs</strong></span> 
     </span>
     <span class='ocr_line' id='line_1_7' title="bbox 256 542 1566 607; baseline 0 -25"><span class='ocrx_word' id='word_1_45' title='bbox 256 542 724 607; x_wconf 78' lang='grc' dir='ltr'><strong><em>κεφαλατικεύειν</em></strong></span> <span class='ocrx_word' id='word_1_46' title='bbox 759 545 905 584; x_wconf 71' lang='lat' dir='ltr'><strong>ducele</strong></span> <span class='ocrx_word' id='word_1_47' title='bbox 941 545 1167 584; x_wconf 87' lang='lat' dir='ltr'>cohortem.</span> <span class='ocrx_word' id='word_1_48' title='bbox 1216 559 1257 583; x_wconf 90' lang='lat' dir='ltr'><strong><em>v.</em></strong></span> <span class='ocrx_word' id='word_1_49' title='bbox 1300 545 1476 583; x_wconf 83' lang='lat' dir='ltr'><strong>Iudicem</strong></span> <span class='ocrx_word' id='word_1_50' title='bbox 1524 543 1566 584; x_wconf 87' lang='lat' dir='ltr'><strong><em>in</em></strong></span> 
     </span>
     <span class='ocr_line' id='line_1_8' title="bbox 148 595 403 652; baseline 0 -16"><span class='ocrx_word' id='word_1_51' title='bbox 148 595 403 652; x_wconf 80' lang='grc' dir='ltr'><strong>κεφαλάδας.</strong></span> 
     </span>
    </p>

    <p class='ocr_par' dir='ltr' id='par_1_3' title="bbox 150 646 1569 759">
     <span class='ocr_line' id='line_1_9' title="bbox 259 646 1569 717; baseline 0.001 -27"><span class='ocrx_word' id='word_1_52' title='bbox 259 646 683 717; x_wconf 22' lang='grc' dir='ltr'><strong><em>κεφαλατιᾘκιον</em></strong></span> <span class='ocrx_word' id='word_1_53' title='bbox 718 652 858 692; x_wconf 86' lang='lat' dir='ltr'>Iohan.</span> <span class='ocrx_word' id='word_1_54' title='bbox 891 652 1055 691; x_wconf 84' lang='lat' dir='ltr'>Cantac.</span> <span class='ocrx_word' id='word_1_55' title='bbox 1092 667 1105 692; x_wconf 91' lang='grc' dir='ltr'><strong><em>ι</em></strong></span> <span class='ocrx_word' id='word_1_56' title='bbox 1135 652 1215 703; x_wconf 74' lang='lat'><strong><em>43:</em></strong></span> <span class='ocrx_word' id='word_1_57' title='bbox 1245 648 1478 704; x_wconf 74' lang='grc' dir='ltr'><strong><em>ἀπεστάλης</em></strong></span> <span class='ocrx_word' id='word_1_58' title='bbox 1510 650 1569 698; x_wconf 78' lang='grc' dir='ltr'><strong><em>εἷς</em></strong></span> 
     </span>
     <span class='ocr_line' id='line_1_10' title="bbox 150 702 1100 759; baseline 0.001 -14"><span class='ocrx_word' id='word_1_59' title='bbox 150 703 196 746; x_wconf 80' lang='grc' dir='ltr'><strong><em>τό</em></strong></span> <span class='ocrx_word' id='word_1_60' title='bbox 235 702 383 745; x_wconf 68' lang='grc' dir='ltr'><strong><em>αὐτόθι</em></strong></span> <span class='ocrx_word' id='word_1_61' title='bbox 409 703 712 758; x_wconf 24' lang='grc' dir='ltr'><strong><em>κεφαλατιᾚκιον</em></strong></span> <span class='ocrx_word' id='word_1_62' title='bbox 743 721 781 746; x_wconf 85' lang='grc' dir='ltr'><strong><em>ν.</em></strong></span> <span class='ocrx_word' id='word_1_63' title='bbox 810 708 1100 759; x_wconf 76' lang='lat' dir='ltr'>Capitaneatus.</span> 
     </span>
    </p>

    <p class='ocr_par' dir='ltr' id='par_1_4' title="bbox 150 760 1578 1177">
     <span class='ocr_line' id='line_1_11' title="bbox 259 760 1571 826; baseline 0.001 -28"><span class='ocrx_word' id='word_1_64' title='bbox 259 760 571 810; x_wconf 81' lang='grc' dir='ltr'><strong><em>κλείσουραι</em></strong></span> <span class='ocrx_word' id='word_1_65' title='bbox 595 760 847 824; x_wconf 62' lang='lat' dir='ltr'><strong><em>6‘v02w91&#39;‚at</em></strong></span> <span class='ocrx_word' id='word_1_66' title='bbox 877 760 1059 801; x_wconf 78' lang='lat' dir='ltr'><strong>clusurae</strong></span> <span class='ocrx_word' id='word_1_67' title='bbox 1078 790 1090 809; x_wconf 87' lang='lat'>‚</span> <span class='ocrx_word' id='word_1_68' title='bbox 1121 761 1278 826; x_wconf 81' lang='lat' dir='ltr'><strong>angusti</strong></span> <span class='ocrx_word' id='word_1_69' title='bbox 1303 760 1447 799; x_wconf 82' lang='lat' dir='ltr'>aditus.</span> <span class='ocrx_word' id='word_1_70' title='bbox 1468 760 1571 799; x_wconf 89' lang='grc' dir='ltr'><strong><em>Ριο-</em></strong></span> 
     </span>
     <span class='ocr_line' id='line_1_12' title="bbox 150 811 1568 878; baseline 0.001 -27"><span class='ocrx_word' id='word_1_71' title='bbox 150 816 293 878; x_wconf 81' lang='lat' dir='ltr'>copius</span> <span class='ocrx_word' id='word_1_72' title='bbox 312 811 411 865; x_wconf 76' lang='grc' dir='ltr'><strong><em>περὶ</em></strong></span> <span class='ocrx_word' id='word_1_73' title='bbox 434 811 661 862; x_wconf 83' lang='grc' dir='ltr'><em>κτισμάτων</em></span> <span class='ocrx_word' id='word_1_74' title='bbox 685 812 750 865; x_wconf 84' lang='lat' dir='ltr'><strong><em>y&#39;.</em></strong></span> <span class='ocrx_word' id='word_1_75' title='bbox 780 812 925 853; x_wconf 79' lang='grc' dir='ltr'><strong><em>τούτου</em></strong></span> <span class='ocrx_word' id='word_1_76' title='bbox 965 814 1010 854; x_wconf 78' lang='grc' dir='ltr'><strong><em>δὲ</em></strong></span> <span class='ocrx_word' id='word_1_77' title='bbox 1046 815 1122 858; x_wconf 81' lang='grc' dir='ltr'><strong><em>τοῦ</em></strong></span> <span class='ocrx_word' id='word_1_78' title='bbox 1151 813 1311 866; x_wconf 81' lang='grc' dir='ltr'><strong><em>χωρίου</em></strong></span> <span class='ocrx_word' id='word_1_79' title='bbox 1357 815 1568 859; x_wconf 81' lang='grc' dir='ltr'><strong><em>ἐπέκεινα,</em></strong></span> 
     </span>
     <span class='ocr_line' id='line_1_13' title="bbox 151 861 1574 931; baseline 0 -25"><span class='ocrx_word' id='word_1_80' title='bbox 151 863 249 908; x_wconf 88' lang='grc' dir='ltr'><strong><em>όσον</em></strong></span> <span class='ocrx_word' id='word_1_81' title='bbox 275 864 319 906; x_wconf 80' lang='grc' dir='ltr'><strong><em>ἐκ</em></strong></span> <span class='ocrx_word' id='word_1_82' title='bbox 350 865 531 919; x_wconf 83' lang='grc' dir='ltr'><strong><em>σημειων</em></strong></span> <span class='ocrx_word' id='word_1_83' title='bbox 559 864 664 906; x_wconf 79' lang='grc' dir='ltr'><em>ὀκτώ</em></span> <span class='ocrx_word' id='word_1_84' title='bbox 694 864 875 931; x_wconf 80' lang='grc' dir='ltr'><strong><em>μάλιστα</em></strong></span> <span class='ocrx_word' id='word_1_85' title='bbox 893 898 906 918; x_wconf 85' lang='grc'><strong><em>,</em></strong></span> <span class='ocrx_word' id='word_1_86' title='bbox 939 861 1016 921; x_wconf 83' lang='grc' dir='ltr'><strong><em>ὅρη</em></strong></span> <span class='ocrx_word' id='word_1_87' title='bbox 1044 865 1236 918; x_wconf 75' lang='grc' dir='ltr'><em>ἀπότομα</em></span> <span class='ocrx_word' id='word_1_88' title='bbox 1261 867 1333 907; x_wconf 76' lang='grc' dir='ltr'><strong><em>καὶ</em></strong></span> <span class='ocrx_word' id='word_1_89' title='bbox 1357 865 1574 908; x_wconf 78' lang='grc' dir='ltr'><strong><em>παντάπα-</em></strong></span> 
     </span>
     <span class='ocr_line' id='line_1_14' title="bbox 150 917 1575 984; baseline -0.002 -22"><span class='ocrx_word' id='word_1_90' title='bbox 150 936 218 962; x_wconf 88' lang='grc' dir='ltr'><strong><em>σιν</em></strong></span> <span class='ocrx_word' id='word_1_91' title='bbox 249 919 466 983; x_wconf 76' lang='grc' dir='ltr'><strong><em>ἁδιέξοδα,</em></strong></span> <span class='ocrx_word' id='word_1_92' title='bbox 495 918 685 967; x_wconf 80' lang='grc' dir='ltr'><strong><em>ξυνιόντα</em></strong></span> <span class='ocrx_word' id='word_1_93' title='bbox 712 921 796 983; x_wconf 86' lang='grc' dir='ltr'><strong><em>εἰς</em></strong></span> <span class='ocrx_word' id='word_1_94' title='bbox 811 917 968 974; x_wconf 73' lang='grc' dir='ltr'><strong><em>ἄλληλα</em></strong></span> <span class='ocrx_word' id='word_1_95' title='bbox 997 935 1233 968; x_wconf 83' lang='grc' dir='ltr'><strong><em>στενωπονς</em></strong></span> <span class='ocrx_word' id='word_1_96' title='bbox 1275 920 1575 984; x_wconf 69' lang='grc' dir='ltr'><strong><em>ἀπεργάζονται</em></strong></span> 
     </span>
     <span class='ocr_line' id='line_1_15' title="bbox 151 968 1574 1038; baseline -0.001 -24"><span class='ocrx_word' id='word_1_97' title='bbox 151 974 225 1014; x_wconf 75' lang='grc' dir='ltr'><strong><em>δύο</em></strong></span> <span class='ocrx_word' id='word_1_98' title='bbox 253 969 431 1026; x_wconf 79' lang='grc' dir='ltr'><strong><em>ἄγχιστά</em></strong></span> <span class='ocrx_word' id='word_1_99' title='bbox 463 989 519 1026; x_wconf 86' lang='grc' dir='ltr'><strong><em>πη</em></strong></span> <span class='ocrx_word' id='word_1_100' title='bbox 550 971 742 1027; x_wconf 80' lang='grc' dir='ltr'><strong><em>α’λλήλοιν</em></strong></span> <span class='ocrx_word' id='word_1_101' title='bbox 771 968 918 1026; x_wconf 76' lang='grc' dir='ltr'><strong><em>ὄντας,</em></strong></span> <span class='ocrx_word' id='word_1_102' title='bbox 948 989 1103 1038; x_wconf 83' lang='grc' dir='ltr'><strong><em>ουσπερ</em></strong></span> <span class='ocrx_word' id='word_1_103' title='bbox 1133 976 1369 1026; x_wconf 78' lang='grc' dir='ltr'><em>νενομίκασι</em></span> <span class='ocrx_word' id='word_1_104' title='bbox 1388 971 1574 1015; x_wconf 82' lang='grc' dir='ltr'><strong><em>κλεισού-</em></strong></span> 
     </span>
     <span class='ocr_line' id='line_1_16' title="bbox 153 1027 1575 1094; baseline -0.001 -26"><span class='ocrx_word' id='word_1_105' title='bbox 153 1044 230 1094; x_wconf 88' lang='grc' dir='ltr'><strong><em>ρας</em></strong></span> <span class='ocrx_word' id='word_1_106' title='bbox 260 1031 410 1067; x_wconf 81' lang='grc' dir='ltr'><em>καλεῖν.</em></span> <span class='ocrx_word' id='word_1_107' title='bbox 442 1028 688 1069; x_wconf 82' lang='lat' dir='ltr'>Glossarium</span> <span class='ocrx_word' id='word_1_108' title='bbox 717 1044 794 1069; x_wconf 89' lang='lat' dir='ltr'><strong><em>ms:</em></strong></span> <span class='ocrx_word' id='word_1_109' title='bbox 825 1027 1002 1082; x_wconf 77' lang='grc' dir='ltr'><strong><em>ἐμβολή,</em></strong></span> <span class='ocrx_word' id='word_1_110' title='bbox 1030 1030 1276 1083; x_wconf 76' lang='grc' dir='ltr'><strong><em>κλεισοῦρα,</em></strong></span> <span class='ocrx_word' id='word_1_111' title='bbox 1305 1027 1464 1076; x_wconf 72' lang='grc' dir='ltr'><strong><em>εἴσοδος</em></strong></span> <span class='ocrx_word' id='word_1_112' title='bbox 1491 1042 1575 1068; x_wconf 82' lang='grc' dir='ltr'><strong><em>στε·</em></strong></span> 
     </span>
     <span class='ocr_line' id='line_1_17' title="bbox 151 1081 1578 1139; baseline -0.001 -16"><span class='ocrx_word' id='word_1_113' title='bbox 151 1081 335 1129; x_wconf 81' lang='grc' dir='ltr'><strong><em>νότατος.</em></strong></span> <span class='ocrx_word' id='word_1_114' title='bbox 362 1082 656 1135; x_wconf 85' lang='lat' dir='ltr'>Theophylact.</span> <span class='ocrx_word' id='word_1_115' title='bbox 687 1085 832 1123; x_wconf 86' lang='lat' dir='ltr'>Simoc.</span> <span class='ocrx_word' id='word_1_116' title='bbox 862 1083 960 1123; x_wconf 70' lang='lat' dir='ltr'>hist.</span> <span class='ocrx_word' id='word_1_117' title='bbox 988 1085 1155 1124; x_wconf 83' lang='lat' dir='ltr'>Mauric.</span> <span class='ocrx_word' id='word_1_118' title='bbox 1185 1099 1206 1139; x_wconf 98' lang='lat'><strong>7</strong></span> <span class='ocrx_word' id='word_1_119' title='bbox 1243 1099 1326 1138; x_wconf 84' lang='lat' dir='ltr'>cap.</span> <span class='ocrx_word' id='word_1_120' title='bbox 1358 1084 1414 1136; x_wconf 74' lang='grc'><strong><em>14.</em></strong></span> <span class='ocrx_word' id='word_1_121' title='bbox 1458 1085 1578 1123; x_wconf 83' lang='lat' dir='ltr'>Anna</span> 
     </span>
     <span class='ocr_line' id='line_1_18' title="bbox 155 1136 973 1178; baseline 0 -1"><span class='ocrx_word' id='word_1_122' title='bbox 155 1139 296 1178; x_wconf 86' lang='lat' dir='ltr'>Comn.</span> <span class='ocrx_word' id='word_1_123' title='bbox 321 1136 395 1175; x_wconf 81' lang='lat' dir='ltr'>lib.</span> <span class='ocrx_word' id='word_1_124' title='bbox 426 1136 466 1176; x_wconf 89' lang='grc'><strong>5.</strong></span> <span class='ocrx_word' id='word_1_125' title='bbox 497 1137 623 1176; x_wconf 87' lang='lat' dir='ltr'>Gloss.</span> <span class='ocrx_word' id='word_1_126' title='bbox 652 1137 705 1176; x_wconf 88' lang='lat' dir='ltr'><strong><em>ad</em></strong></span> <span class='ocrx_word' id='word_1_127' title='bbox 737 1139 973 1177; x_wconf 81' lang='lat' dir='ltr'>Cedrenum.</span> 
     </span>
    </p>

    <p class='ocr_par' dir='ltr' id='par_1_5' title="bbox 155 1189 1581 1406">
     <span class='ocr_line' id='line_1_19' title="bbox 264 1189 1581 1259; baseline 0 -29"><span class='ocrx_word' id='word_1_128' title='bbox 264 1189 520 1239; x_wconf 79' lang='grc' dir='ltr'><strong><em>κλίβανον</em></strong></span> <span class='ocrx_word' id='word_1_129' title='bbox 547 1191 612 1231; x_wconf 86' lang='lat' dir='ltr'><strong><em>vel</em></strong></span> <span class='ocrx_word' id='word_1_130' title='bbox 644 1189 851 1241; x_wconf 77' lang='grc' dir='ltr'><strong><em>κλιβάνων</em></strong></span> <span class='ocrx_word' id='word_1_131' title='bbox 892 1191 1028 1231; x_wconf 82' lang='lat' dir='ltr'>lorica.</span> <span class='ocrx_word' id='word_1_132' title='bbox 1072 1192 1358 1232; x_wconf 79' lang='lat' dir='ltr'>Constantinus</span> <span class='ocrx_word' id='word_1_133' title='bbox 1393 1192 1581 1259; x_wconf 81' lang='lat' dir='ltr'>Porphy-</span> 
     </span>
     <span class='ocr_line' id='line_1_20' title="bbox 154 1242 1579 1308; baseline -0.001 -22.999"><span class='ocrx_word' id='word_1_134' title='bbox 154 1260 240 1300; x_wconf 79' lang='lat' dir='ltr'>rog.</span> <span class='ocrx_word' id='word_1_135' title='bbox 270 1246 311 1283; x_wconf 88' lang='lat' dir='ltr'><strong><em>in</em></strong></span> <span class='ocrx_word' id='word_1_136' title='bbox 341 1244 532 1308; x_wconf 51' lang='lat' dir='ltr'>Tacticisn:</span> <span class='ocrx_word' id='word_1_137' title='bbox 579 1242 650 1284; x_wconf 80' lang='grc' dir='ltr'><strong><em>τὸν</em></strong></span> <span class='ocrx_word' id='word_1_138' title='bbox 693 1245 739 1285; x_wconf 84' lang='grc' dir='ltr'><strong><em>δὲ</em></strong></span> <span class='ocrx_word' id='word_1_139' title='bbox 774 1242 1061 1308; x_wconf 80' lang='grc' dir='ltr'><strong><em>καβαλλάριον</em></strong></span> <span class='ocrx_word' id='word_1_140' title='bbox 1111 1242 1331 1294; x_wconf 80' lang='grc' dir='ltr'><strong><em>ἐξώπλιζον</em></strong></span> <span class='ocrx_word' id='word_1_141' title='bbox 1371 1245 1579 1298; x_wconf 74' lang='grc' dir='ltr'><strong><em>λωρικίοις</em></strong></span> 
     </span>
     <span class='ocr_line' id='line_1_21' title="bbox 155 1292 1581 1351; baseline 0 -12"><span class='ocrx_word' id='word_1_142' title='bbox 155 1301 227 1339; x_wconf 83' lang='grc' dir='ltr'><strong><em>καί</em></strong></span> <span class='ocrx_word' id='word_1_143' title='bbox 249 1297 473 1349; x_wconf 75' lang='grc' dir='ltr'><strong><em>κλιβανίοις</em></strong></span> <span class='ocrx_word' id='word_1_144' title='bbox 500 1292 528 1350; x_wconf 80' lang='grc' dir='ltr'><em>ἢ</em></span> <span class='ocrx_word' id='word_1_145' title='bbox 554 1298 738 1351; x_wconf 74' lang='grc' dir='ltr'><strong><em>σιδηροῖς</em></strong></span> <span class='ocrx_word' id='word_1_146' title='bbox 767 1292 795 1351; x_wconf 77' lang='grc' dir='ltr'><strong><em>ἢ</em></strong></span> <span class='ocrx_word' id='word_1_147' title='bbox 824 1296 903 1337; x_wconf 82' lang='grc' dir='ltr'><strong><em>α’πὸ</em></strong></span> <span class='ocrx_word' id='word_1_148' title='bbox 950 1296 1113 1350; x_wconf 78' lang='grc' dir='ltr'><strong><em>κράτων</em></strong></span> <span class='ocrx_word' id='word_1_149' title='bbox 1148 1299 1447 1350; x_wconf 80' lang='grc' dir='ltr'><strong><em>πεπλεγμένοις.</em></strong></span> <span class='ocrx_word' id='word_1_150' title='bbox 1486 1301 1581 1339; x_wconf 82' lang='lat' dir='ltr'><strong>hinc</strong></span> 
     </span>
     <span class='ocr_line' id='line_1_22' title="bbox 155 1351 1127 1416; baseline 0 -23"><span class='ocrx_word' id='word_1_151' title='bbox 155 1352 435 1416; x_wconf 82' lang='grc' dir='ltr'><strong><em>κλιβανάριοι,</em></strong></span> <span class='ocrx_word' id='word_1_152' title='bbox 466 1351 516 1391; x_wconf 88' lang='lat' dir='ltr'><strong><em>de</em></strong></span> <span class='ocrx_word' id='word_1_153' title='bbox 548 1353 692 1406; x_wconf 88' lang='lat' dir='ltr'>quibus</span> <span class='ocrx_word' id='word_1_154' title='bbox 719 1354 758 1392; x_wconf 88' lang='lat' dir='ltr'><strong><em>in</em></strong></span> <span class='ocrx_word' id='word_1_155' title='bbox 791 1352 916 1392; x_wconf 91' lang='lat' dir='ltr'>Gloss.</span> <span class='ocrx_word' id='word_1_156' title='bbox 945 1353 1127 1393; x_wconf 86' lang='lat' dir='ltr'>Nomico.</span> 
     </span>
    </p>

    <p class='ocr_par' dir='ltr' id='par_1_6' title="bbox 156 1402 1584 1610">
     <span class='ocr_line' id='line_1_23' title="bbox 236 1402 1579 1460; baseline 0.001 -15"><span class='ocrx_word' id='word_1_157' title='bbox 236 1402 433 1458; x_wconf 61' lang='grc' dir='ltr'><strong><em>’κόμης</em></strong></span> <span class='ocrx_word' id='word_1_158' title='bbox 477 1420 624 1446; x_wconf 89' lang='lat' dir='ltr'>comes.</span> <span class='ocrx_word' id='word_1_159' title='bbox 656 1422 693 1460; x_wconf 90' lang='lat' dir='ltr'><strong><em>p.</em></strong></span> <span class='ocrx_word' id='word_1_160' title='bbox 736 1407 815 1456; x_wconf 71' lang='lat'><strong><em>243</em></strong></span> <span class='ocrx_word' id='word_1_161' title='bbox 855 1404 893 1445; x_wconf 84' lang='grc' dir='ltr'><strong><em>οἱ</em></strong></span> <span class='ocrx_word' id='word_1_162' title='bbox 931 1406 1005 1446; x_wconf 80' lang='grc' dir='ltr'><strong><em>τοῦ</em></strong></span> <span class='ocrx_word' id='word_1_163' title='bbox 1042 1405 1190 1447; x_wconf 83' lang='grc' dir='ltr'><strong><em>στόλου</em></strong></span> <span class='ocrx_word' id='word_1_164' title='bbox 1237 1407 1310 1447; x_wconf 81' lang='grc' dir='ltr'><strong><em>τοῦ</em></strong></span> <span class='ocrx_word' id='word_1_165' title='bbox 1347 1407 1579 1458; x_wconf 74' lang='grc' dir='ltr'><strong><em>βασιλέωςε</em></strong></span> 
     </span>
     <span class='ocr_line' id='line_1_24' title="bbox 157 1456 1584 1524; baseline 0 -24"><span class='ocrx_word' id='word_1_166' title='bbox 157 1461 258 1500; x_wconf 63' lang='lat' dir='ltr'>anus</span> <span class='ocrx_word' id='word_1_167' title='bbox 287 1461 436 1500; x_wconf 81' lang='lat' dir='ltr'>codex:</span> <span class='ocrx_word' id='word_1_168' title='bbox 468 1458 507 1498; x_wconf 81' lang='grc' dir='ltr'><strong><em>οἱ</em></strong></span> <span class='ocrx_word' id='word_1_169' title='bbox 531 1460 605 1500; x_wconf 82' lang='grc' dir='ltr'><strong><em>τοῦ</em></strong></span> <span class='ocrx_word' id='word_1_170' title='bbox 634 1460 852 1511; x_wconf 82' lang='grc' dir='ltr'><strong><em>βασιλικοῦ</em></strong></span> <span class='ocrx_word' id='word_1_171' title='bbox 879 1456 1029 1500; x_wconf 86' lang='grc' dir='ltr'><strong><em>στόλου</em></strong></span> <span class='ocrx_word' id='word_1_172' title='bbox 1064 1460 1263 1524; x_wconf 79' lang='grc' dir='ltr'><strong><em>κόμητες,</em></strong></span> <span class='ocrx_word' id='word_1_173' title='bbox 1303 1462 1584 1513; x_wconf 70' lang='lat' dir='ltr'>imperatoniae</span> 
     </span>
     <span class='ocr_line' id='line_1_25' title="bbox 156 1513 1580 1607; baseline 0 -53"><span class='ocrx_word' id='word_1_174' title='bbox 156 1515 303 1607; x_wconf 38' lang='grc' dir='ltr'><strong><em>0185525,Γ</em></strong></span> <span class='ocrx_word' id='word_1_175' title='bbox 335 1515 511 1554; x_wconf 86' lang='lat' dir='ltr'>comites.</span> <span class='ocrx_word' id='word_1_176' title='bbox 564 1515 656 1555; x_wconf 88' lang='lat' dir='ltr'><strong>vide</strong></span> <span class='ocrx_word' id='word_1_177' title='bbox 702 1514 928 1553; x_wconf 77' lang='lat' dir='ltr'>Mem-sium</span> <span class='ocrx_word' id='word_1_178' title='bbox 971 1516 1014 1553; x_wconf 89' lang='lat' dir='ltr'><strong><em>in</em></strong></span> <span class='ocrx_word' id='word_1_179' title='bbox 1061 1528 1100 1555; x_wconf 89' lang='lat' dir='ltr'><strong><em>v.</em></strong></span> <span class='ocrx_word' id='word_1_180' title='bbox 1153 1513 1313 1568; x_wconf 84' lang='grc' dir='ltr'><strong><em>κόμης,</em></strong></span> <span class='ocrx_word' id='word_1_181' title='bbox 1354 1521 1396 1554; x_wconf 89' lang='lat' dir='ltr'><strong><em>et</em></strong></span> <span class='ocrx_word' id='word_1_182' title='bbox 1434 1515 1580 1554; x_wconf 87' lang='lat' dir='ltr'>Codin.</span> 
     </span>
     <span class='ocr_line' id='line_1_26' title="bbox 163 1570 346 1610; baseline -0.018 0"><span class='ocrx_word' id='word_1_183' title='bbox 163 1570 215 1610; x_wconf 87' lang='lat' dir='ltr'><strong><em>de</em></strong></span> <span class='ocrx_word' id='word_1_184' title='bbox 242 1583 266 1608; x_wconf 91' lang='grc' dir='ltr'><strong><em>ο</em></strong></span> <span class='ocrx_word' id='word_1_185' title='bbox 294 1582 346 1608; x_wconf 87' lang='lat' dir='ltr'><strong><em>1c.</em></strong></span> 
     </span>
    </p>

    <p class='ocr_par' dir='ltr' id='par_1_7' title="bbox 157 1620 1584 2201">
     <span class='ocr_line' id='line_1_27' title="bbox 264 1620 1584 1687; baseline 0.001 -26"><span class='ocrx_word' id='word_1_186' title='bbox 264 1620 668 1674; x_wconf 82' lang='grc' dir='ltr'><strong><em>κομμερκεῢσαι</em></strong></span> <span class='ocrx_word' id='word_1_187' title='bbox 696 1620 943 1687; x_wconf 71' lang='grc' dir='ltr'><strong><em>τελωνῆσαιε</em></strong></span> <span class='ocrx_word' id='word_1_188' title='bbox 986 1620 1232 1683; x_wconf 83' lang='grc' dir='ltr'><strong><em>κομμέρκιον</em></strong></span> <span class='ocrx_word' id='word_1_189' title='bbox 1278 1622 1384 1660; x_wconf 82' lang='lat' dir='ltr'>enim</span> <span class='ocrx_word' id='word_1_190' title='bbox 1422 1629 1483 1662; x_wconf 84' lang='lat' dir='ltr'><strong><em>est</em></strong></span> <span class='ocrx_word' id='word_1_191' title='bbox 1510 1623 1584 1662; x_wconf 70' lang='lat' dir='ltr'>tzi-</span> 
     </span>
     <span class='ocr_line' id='line_1_28' title="bbox 159 1671 1582 1740; baseline -0.001 -24"><span class='ocrx_word' id='word_1_192' title='bbox 159 1678 314 1716; x_wconf 81' lang='lat' dir='ltr'>butum.</span> <span class='ocrx_word' id='word_1_193' title='bbox 358 1676 510 1715; x_wconf 82' lang='lat' dir='ltr'><strong>Nicetas</strong></span> <span class='ocrx_word' id='word_1_194' title='bbox 548 1691 588 1729; x_wconf 89' lang='lat' dir='ltr'><strong><em>p.</em></strong></span> <span class='ocrx_word' id='word_1_195' title='bbox 633 1676 709 1730; x_wconf 73' lang='grc'><strong>547</strong></span> <span class='ocrx_word' id='word_1_196' title='bbox 759 1673 833 1714; x_wconf 75' lang='grc' dir='ltr'><strong><em>καὶ</em></strong></span> <span class='ocrx_word' id='word_1_197' title='bbox 880 1672 930 1714; x_wconf 81' lang='grc' dir='ltr'><strong><em>τοὶ</em></strong></span> <span class='ocrx_word' id='word_1_198' title='bbox 981 1676 1105 1712; x_wconf 85' lang='grc' dir='ltr'><strong><em>πλοῖα</em></strong></span> <span class='ocrx_word' id='word_1_199' title='bbox 1147 1671 1302 1713; x_wconf 79' lang='grc' dir='ltr'><strong><em>τούτων</em></strong></span> <span class='ocrx_word' id='word_1_200' title='bbox 1355 1674 1582 1740; x_wconf 77' lang='grc' dir='ltr'><strong>ἤργυρολό..</strong></span> 
     </span>
     <span class='ocr_line' id='line_1_29' title="bbox 157 1727 1583 1795; baseline 0.001 -26"><span class='ocrx_word' id='word_1_201' title='bbox 157 1745 282 1782; x_wconf 76' lang='grc' dir='ltr'><strong><em>γουνε</em></strong></span> <span class='ocrx_word' id='word_1_202' title='bbox 311 1730 436 1770; x_wconf 85' lang='lat' dir='ltr'><strong>codex</strong></span> <span class='ocrx_word' id='word_1_203' title='bbox 473 1731 540 1769; x_wconf 90' lang='lat' dir='ltr'><strong><em>GB</em></strong></span> <span class='ocrx_word' id='word_1_204' title='bbox 570 1730 851 1795; x_wconf 61' lang='lat' dir='ltr'><strong><em>s&#39;nopce&#39;9xev9v.</em></strong></span> <span class='ocrx_word' id='word_1_205' title='bbox 884 1731 998 1767; x_wconf 84' lang='lat' dir='ltr'>Anna</span> <span class='ocrx_word' id='word_1_206' title='bbox 1026 1730 1165 1768; x_wconf 92' lang='lat' dir='ltr'>Comn.</span> <span class='ocrx_word' id='word_1_207' title='bbox 1193 1728 1372 1768; x_wconf 84' lang='lat' dir='ltr'>Alexiad.</span> <span class='ocrx_word' id='word_1_208' title='bbox 1401 1730 1456 1770; x_wconf 88' lang='lat'><strong><em>6:</em></strong></span> <span class='ocrx_word' id='word_1_209' title='bbox 1506 1727 1583 1794; x_wconf 77' lang='grc' dir='ltr'><strong><em>τήν</em></strong></span> 
     </span>
     <span class='ocr_line' id='line_1_30' title="bbox 160 1767 1583 1849; baseline -0.001 -25"><span class='ocrx_word' id='word_1_210' title='bbox 160 1782 383 1849; x_wconf 78' lang='grc' dir='ltr'><strong><em>ἑμπορείαν</em></strong></span> <span class='ocrx_word' id='word_1_211' title='bbox 406 1778 547 1830; x_wconf 84' lang='grc' dir='ltr'><strong><em>αυτοῖς</em></strong></span> <span class='ocrx_word' id='word_1_212' title='bbox 575 1767 753 1847; x_wconf 79' lang='grc' dir='ltr'><strong><em>αζήμιον</em></strong></span> <span class='ocrx_word' id='word_1_213' title='bbox 779 1780 1000 1847; x_wconf 79' lang='grc' dir='ltr'><strong><em>ἐποιήσατο</em></strong></span> <span class='ocrx_word' id='word_1_214' title='bbox 1030 1781 1074 1821; x_wconf 83' lang='grc' dir='ltr'><strong><em>ἒν</em></strong></span> <span class='ocrx_word' id='word_1_215' title='bbox 1101 1779 1255 1828; x_wconf 78' lang='grc' dir='ltr'><strong><em>πάσαις</em></strong></span> <span class='ocrx_word' id='word_1_216' title='bbox 1281 1785 1374 1829; x_wconf 84' lang='grc' dir='ltr'><strong><em>ταῖς</em></strong></span> <span class='ocrx_word' id='word_1_217' title='bbox 1399 1781 1481 1821; x_wconf 86' lang='grc' dir='ltr'><strong><em>υπὸ</em></strong></span> <span class='ocrx_word' id='word_1_218' title='bbox 1509 1781 1583 1836; x_wconf 75' lang='grc' dir='ltr'><strong><em>τήν</em></strong></span> 
     </span>
     <span class='ocr_line' id='line_1_31' title="bbox 159 1830 1585 1902; baseline -0.001 -24"><span class='ocrx_word' id='word_1_219' title='bbox 159 1838 351 1887; x_wconf 77' lang='grc' dir='ltr'><strong><em>ἐξουσίαν</em></strong></span> <span class='ocrx_word' id='word_1_220' title='bbox 370 1834 588 1889; x_wconf 73' lang='grc' dir='ltr'><strong><em>Ῥωμαίων</em></strong></span> <span class='ocrx_word' id='word_1_221' title='bbox 615 1850 802 1902; x_wconf 81' lang='grc' dir='ltr'><strong><em>χωραις,</em></strong></span> <span class='ocrx_word' id='word_1_222' title='bbox 831 1850 939 1876; x_wconf 83' lang='grc' dir='ltr'><strong><em>ωστε</em></strong></span> <span class='ocrx_word' id='word_1_223' title='bbox 974 1830 1126 1882; x_wconf 82' lang='grc' dir='ltr'><strong><em>ἇνέτως</em></strong></span> <span class='ocrx_word' id='word_1_224' title='bbox 1161 1834 1472 1901; x_wconf 77' lang='grc' dir='ltr'><strong><em>ἐμπορεύεσθαι</em></strong></span> <span class='ocrx_word' id='word_1_225' title='bbox 1498 1837 1585 1901; x_wconf 64' lang='grc' dir='ltr'><strong><em>ζκαι)</em></strong></span> 
     </span>
     <span class='ocr_line' id='line_1_32' title="bbox 159 1885 1582 1956; baseline -0.001 -24"><span class='ocrx_word' id='word_1_226' title='bbox 159 1889 262 1932; x_wconf 72' lang='grc' dir='ltr'><strong><em>κατὰ</em></strong></span> <span class='ocrx_word' id='word_1_227' title='bbox 287 1889 332 1932; x_wconf 82' lang='grc' dir='ltr'><strong><em>τὸ</em></strong></span> <span class='ocrx_word' id='word_1_228' title='bbox 363 1890 504 1938; x_wconf 73' lang='grc' dir='ltr'><strong><em>αὐτοῖς</em></strong></span> <span class='ocrx_word' id='word_1_229' title='bbox 529 1889 750 1944; x_wconf 81' lang='grc' dir='ltr'><strong><em>βουλητὸν,</em></strong></span> <span class='ocrx_word' id='word_1_230' title='bbox 777 1887 883 1943; x_wconf 80' lang='grc' dir='ltr'><strong><em>μήτε</em></strong></span> <span class='ocrx_word' id='word_1_231' title='bbox 909 1886 992 1956; x_wconf 77' lang='grc' dir='ltr'><strong><em>μὴν</em></strong></span> <span class='ocrx_word' id='word_1_232' title='bbox 1018 1888 1124 1943; x_wconf 73' lang='grc' dir='ltr'><strong><em>ὑπὲρ</em></strong></span> <span class='ocrx_word' id='word_1_233' title='bbox 1153 1889 1399 1941; x_wconf 80' lang='grc' dir='ltr'><strong><em>κουμερκίου</em></strong></span> <span class='ocrx_word' id='word_1_234' title='bbox 1439 1885 1468 1944; x_wconf 77' lang='grc' dir='ltr'><strong><em>ἢ</em></strong></span> <span class='ocrx_word' id='word_1_235' title='bbox 1493 1886 1582 1930; x_wconf 74' lang='grc' dir='ltr'><strong><em>ἑτέ-</em></strong></span> 
     </span>
     <span class='ocr_line' id='line_1_33' title="bbox 159 1941 1583 2010; baseline -0.001 -24"><span class='ocrx_word' id='word_1_236' title='bbox 159 1960 237 2010; x_wconf 42' lang='grc' dir='ltr'><strong><em>ριας</em></strong></span> <span class='ocrx_word' id='word_1_237' title='bbox 261 1943 372 1992; x_wconf 84' lang='grc' dir='ltr'><strong><em>τινὸς</em></strong></span> <span class='ocrx_word' id='word_1_238' title='bbox 409 1945 659 2008; x_wconf 80' lang='grc' dir='ltr'><strong><em>εισπράξεως</em></strong></span> <span class='ocrx_word' id='word_1_239' title='bbox 698 1945 754 1985; x_wconf 72' lang='grc' dir='ltr'><strong><em>τεῦ</em></strong></span> <span class='ocrx_word' id='word_1_240' title='bbox 795 1941 977 1999; x_wconf 77' lang='grc' dir='ltr'><strong><em>δημοσίω</em></strong></span> <span class='ocrx_word' id='word_1_241' title='bbox 1017 1942 1349 2010; x_wconf 81' lang='grc' dir='ltr'><strong><em>εἰσκομιζομένης</em></strong></span> <span class='ocrx_word' id='word_1_242' title='bbox 1383 1944 1583 1996; x_wconf 80' lang='grc' dir='ltr'><strong><em>παρέχειν</em></strong></span> 
     </span>
     <span class='ocr_line' id='line_1_34' title="bbox 161 1994 1582 2052; baseline -0.002 -12"><span class='ocrx_word' id='word_1_243' title='bbox 161 2014 263 2052; x_wconf 86' lang='grc' dir='ltr'><strong><em>αχρι</em></strong></span> <span class='ocrx_word' id='word_1_244' title='bbox 290 2000 360 2038; x_wconf 84' lang='grc' dir='ltr'><em>καί</em></span> <span class='ocrx_word' id='word_1_245' title='bbox 383 1996 531 2050; x_wconf 66' lang='grc' dir='ltr'><strong><em>ὄθολοῦ</em></strong></span> <span class='ocrx_word' id='word_1_246' title='bbox 570 1996 659 2046; x_wconf 75' lang='grc' dir='ltr'><strong><em>ἑνὸς</em></strong></span> <span class='ocrx_word' id='word_1_247' title='bbox 698 1998 803 2050; x_wconf 78' lang='grc' dir='ltr'><strong><em>ὑπὲρ</em></strong></span> <span class='ocrx_word' id='word_1_248' title='bbox 836 1994 1102 2049; x_wconf 79' lang='grc' dir='ltr'><strong><em>κουμερκίου,</em></strong></span> <span class='ocrx_word' id='word_1_249' title='bbox 1141 1997 1283 2036; x_wconf 81' lang='lat' dir='ltr'>tributi</span> <span class='ocrx_word' id='word_1_250' title='bbox 1318 2000 1496 2038; x_wconf 84' lang='lat' dir='ltr'>nomine.</span> <span class='ocrx_word' id='word_1_251' title='bbox 1538 2000 1582 2037; x_wconf 79' lang='lat' dir='ltr'><strong><em>in</em></strong></span> 
     </span>
     <span class='ocr_line' id='line_1_35' title="bbox 163 2034 1581 2116; baseline -0.002 -23"><span class='ocrx_word' id='word_1_252' title='bbox 163 2055 378 2116; x_wconf 77' lang='lat' dir='ltr'>diplomate</span> <span class='ocrx_word' id='word_1_253' title='bbox 403 2034 633 2092; x_wconf 72' lang='lat' dir='ltr'><strong><em>¹Anthonici</em></strong></span> <span class='ocrx_word' id='word_1_254' title='bbox 663 2053 848 2092; x_wconf 82' lang='lat' dir='ltr'>iunioris:</span> <span class='ocrx_word' id='word_1_255' title='bbox 891 2065 959 2090; x_wconf 82' lang='grc' dir='ltr'><strong><em>και</em></strong></span> <span class='ocrx_word' id='word_1_256' title='bbox 993 2050 1165 2090; x_wconf 78' lang='grc' dir='ltr'><strong><em>διδῶσιν</em></strong></span> <span class='ocrx_word' id='word_1_257' title='bbox 1201 2048 1327 2115; x_wconf 57' lang='grc' dir='ltr'><strong><em>χάριν</em></strong></span> <span class='ocrx_word' id='word_1_258' title='bbox 1360 2053 1581 2104; x_wconf 83' lang='grc' dir='ltr'><strong><em>κομερκιόυ</em></strong></span> 
     </span>
     <span class='ocr_line' id='line_1_36' title="bbox 162 2101 1580 2158; baseline 0 -12"><span class='ocrx_word' id='word_1_259' title='bbox 162 2109 221 2154; x_wconf 85' lang='grc' dir='ltr'><strong><em>εἰς</em></strong></span> <span class='ocrx_word' id='word_1_260' title='bbox 249 2103 454 2158; x_wconf 81' lang='grc' dir='ltr'><strong><em>ποσότητα</em></strong></span> <span class='ocrx_word' id='word_1_261' title='bbox 475 2105 766 2158; x_wconf 83' lang='grc' dir='ltr'><strong><em>νουμισμοίτων</em></strong></span> <span class='ocrx_word' id='word_1_262' title='bbox 789 2101 933 2146; x_wconf 85' lang='grc' dir='ltr'><strong><em>εκατὸν</em></strong></span> <span class='ocrx_word' id='word_1_263' title='bbox 951 2103 1213 2154; x_wconf 80' lang='grc' dir='ltr'><strong><em>νουμίσματα</em></strong></span> <span class='ocrx_word' id='word_1_264' title='bbox 1238 2103 1326 2144; x_wconf 79' lang='grc' dir='ltr'><strong>δύο.</strong></span> <span class='ocrx_word' id='word_1_265' title='bbox 1355 2105 1447 2145; x_wconf 84' lang='lat' dir='ltr'><strong>vide</strong></span> <span class='ocrx_word' id='word_1_266' title='bbox 1465 2106 1580 2146; x_wconf 84' lang='lat' dir='ltr'>Glos-</span> 
     </span>
     <span class='ocr_line' id='line_1_37' title="bbox 163 2159 532 2201; baseline -0.006 0"><span class='ocrx_word' id='word_1_267' title='bbox 163 2163 312 2201; x_wconf 85' lang='lat' dir='ltr'><strong>sarium</strong></span> <span class='ocrx_word' id='word_1_268' title='bbox 339 2162 387 2200; x_wconf 85' lang='lat' dir='ltr'><strong><em>ad</em></strong></span> <span class='ocrx_word' id='word_1_269' title='bbox 409 2159 532 2200; x_wconf 85' lang='lat' dir='ltr'>Cedr.</span> 
     </span>
    </p>

    <p class='ocr_par' dir='ltr' id='par_1_8' title="bbox 164 2210 1594 2750">
     <span class='ocr_line' id='line_1_38' title="bbox 271 2210 1580 2278; baseline -0.001 -24"><span class='ocrx_word' id='word_1_270' title='bbox 271 2213 565 2267; x_wconf 81' lang='grc' dir='ltr'><strong><em>κοντάριον</em></strong></span> <span class='ocrx_word' id='word_1_271' title='bbox 614 2221 782 2264; x_wconf 82' lang='lat' dir='ltr'>contus,</span> <span class='ocrx_word' id='word_1_272' title='bbox 810 2213 934 2252; x_wconf 82' lang='lat' dir='ltr'>hasta.</span> <span class='ocrx_word' id='word_1_273' title='bbox 962 2226 1001 2264; x_wconf 87' lang='lat' dir='ltr'><strong><em>p.</em></strong></span> <span class='ocrx_word' id='word_1_274' title='bbox 1030 2212 1080 2251; x_wconf 83' lang='lat'><strong><em>23</em></strong></span> <span class='ocrx_word' id='word_1_275' title='bbox 1111 2225 1134 2251; x_wconf 87' lang='lat' dir='ltr'>c</span> <span class='ocrx_word' id='word_1_276' title='bbox 1170 2210 1479 2278; x_wconf 79' lang='grc' dir='ltr'><strong><em>δεξιοστροφεῖν</em></strong></span> <span class='ocrx_word' id='word_1_277' title='bbox 1513 2213 1580 2253; x_wconf 85' lang='grc' dir='ltr'><strong><em>δο-</em></strong></span> 
     </span>
     <span class='ocr_line' id='line_1_39' title="bbox 165 2263 1580 2332; baseline -0.001 -24"><span class='ocrx_word' id='word_1_278' title='bbox 165 2266 312 2332; x_wconf 73' lang='grc' dir='ltr'><strong><em>ροίτιαε</em></strong></span> <span class='ocrx_word' id='word_1_279' title='bbox 342 2269 466 2308; x_wconf 85' lang='lat' dir='ltr'>codex</span> <span class='ocrx_word' id='word_1_280' title='bbox 494 2269 562 2307; x_wconf 87' lang='lat' dir='ltr'><strong><em>GB</em></strong></span> <span class='ocrx_word' id='word_1_281' title='bbox 590 2266 796 2321; x_wconf 77' lang='grc' dir='ltr'><strong><em>κοντιέρια.</em></strong></span> <span class='ocrx_word' id='word_1_282' title='bbox 832 2266 1080 2306; x_wconf 79' lang='lat' dir='ltr'>Glossarium</span> <span class='ocrx_word' id='word_1_283' title='bbox 1107 2279 1165 2305; x_wconf 86' lang='lat' dir='ltr'><strong><em>ms</em></strong></span> <span class='ocrx_word' id='word_1_284' title='bbox 1197 2263 1351 2319; x_wconf 80' lang='grc' dir='ltr'><strong><em>δόρατα</em></strong></span> <span class='ocrx_word' id='word_1_285' title='bbox 1392 2265 1444 2307; x_wconf 72' lang='grc' dir='ltr'><strong><em>τοὶ</em></strong></span> <span class='ocrx_word' id='word_1_286' title='bbox 1489 2281 1580 2307; x_wconf 82' lang='grc' dir='ltr'><strong><em>κον-</em></strong></span> 
     </span>
     <span class='ocr_line' id='line_1_40' title="bbox 164 2317 1579 2386; baseline 0 -26"><span class='ocrx_word' id='word_1_287' title='bbox 164 2320 289 2372; x_wconf 85' lang='grc' dir='ltr'><strong><em>τοίρια</em></strong></span> <span class='ocrx_word' id='word_1_288' title='bbox 306 2319 571 2374; x_wconf 79' lang='grc' dir='ltr'><strong><em>,λογχάρια,</em></strong></span> <span class='ocrx_word' id='word_1_289' title='bbox 613 2323 708 2362; x_wconf 83' lang='lat' dir='ltr'><strong>item</strong></span> <span class='ocrx_word' id='word_1_290' title='bbox 738 2320 882 2370; x_wconf 81' lang='grc' dir='ltr'><strong><em>ξυστοι</em></strong></span> <span class='ocrx_word' id='word_1_291' title='bbox 917 2317 968 2359; x_wconf 80' lang='grc' dir='ltr'><strong><em>τοὶ</em></strong></span> <span class='ocrx_word' id='word_1_292' title='bbox 1009 2318 1221 2386; x_wconf 74' lang='grc' dir='ltr'><strong><em>κοντοῖρια.</em></strong></span> <span class='ocrx_word' id='word_1_293' title='bbox 1264 2322 1493 2361; x_wconf 78' lang='lat' dir='ltr'>Eustathius</span> <span class='ocrx_word' id='word_1_294' title='bbox 1527 2322 1579 2360; x_wconf 84' lang='lat' dir='ltr'><strong><em>ad</em></strong></span> 
     </span>
     <span class='ocr_line' id='line_1_41' title="bbox 167 2353 1575 2445; baseline -0.003 -30"><span class='ocrx_word' id='word_1_295' title='bbox 167 2353 319 2445; x_wconf 51' lang='lat' dir='ltr'><strong>Odyssg</strong></span> <span class='ocrx_word' id='word_1_296' title='bbox 352 2390 397 2416; x_wconf 71' lang='grc' dir='ltr'><strong><em>ιι</em></strong></span> <span class='ocrx_word' id='word_1_297' title='bbox 438 2376 558 2439; x_wconf 78' lang='grc' dir='ltr'><strong><em>δηλον</em></strong></span> <span class='ocrx_word' id='word_1_298' title='bbox 590 2375 636 2415; x_wconf 79' lang='grc' dir='ltr'><strong><em>δὲ</em></strong></span> <span class='ocrx_word' id='word_1_299' title='bbox 666 2371 731 2415; x_wconf 76' lang='grc' dir='ltr'><strong><em>ὅτι</em></strong></span> <span class='ocrx_word' id='word_1_300' title='bbox 764 2372 836 2415; x_wconf 82' lang='grc' dir='ltr'><strong><em>τὸν</em></strong></span> <span class='ocrx_word' id='word_1_301' title='bbox 872 2372 1052 2428; x_wconf 72' lang='grc' dir='ltr'><strong><em>ρηθὲντα</em></strong></span> <span class='ocrx_word' id='word_1_302' title='bbox 1086 2372 1310 2426; x_wconf 80' lang='grc' dir='ltr'><strong><em>Ὁμηρικὸν</em></strong></span> <span class='ocrx_word' id='word_1_303' title='bbox 1353 2372 1490 2414; x_wconf 83' lang='grc' dir='ltr'><strong><em>κοντὸν</em></strong></span> <span class='ocrx_word' id='word_1_304' title='bbox 1530 2372 1575 2413; x_wconf 71' lang='grc' dir='ltr'><strong><em>τὰ</em></strong></span> 
     </span>
     <span class='ocr_line' id='line_1_42' title="bbox 167 2425 1581 2493; baseline -0.001 -25"><span class='ocrx_word' id='word_1_305' title='bbox 167 2430 265 2493; x_wconf 84' lang='grc' dir='ltr'><strong><em>παρ’</em></strong></span> <span class='ocrx_word' id='word_1_306' title='bbox 293 2429 392 2482; x_wconf 79' lang='grc' dir='ltr'><strong><em>ἡμῖν</em></strong></span> <span class='ocrx_word' id='word_1_307' title='bbox 419 2427 630 2481; x_wconf 79' lang='grc' dir='ltr'><strong><em>κοντάριον</em></strong></span> <span class='ocrx_word' id='word_1_308' title='bbox 657 2425 885 2481; x_wconf 78' lang='grc' dir='ltr'><strong><em>ὖπεκόρισε.</em></strong></span> <span class='ocrx_word' id='word_1_309' title='bbox 924 2428 1283 2481; x_wconf 82' lang='lat' dir='ltr'>Astrampsychus-</span> <span class='ocrx_word' id='word_1_310' title='bbox 1317 2442 1385 2467; x_wconf 86' lang='grc' dir='ltr'><strong><em>και</em></strong></span> <span class='ocrx_word' id='word_1_311' title='bbox 1421 2425 1581 2478; x_wconf 84' lang='grc' dir='ltr'><strong><em>μακρόν</em></strong></span> 
     </span>
     <span class='ocr_line' id='line_1_43' title="bbox 168 2477 1581 2537; baseline -0.001 -16"><span class='ocrx_word' id='word_1_312' title='bbox 168 2497 209 2521; x_wconf 88' lang='grc' dir='ltr'><strong><em>τι</em></strong></span> <span class='ocrx_word' id='word_1_313' title='bbox 238 2477 376 2533; x_wconf 80' lang='grc' dir='ltr'><strong><em>ὅμοιον</em></strong></span> <span class='ocrx_word' id='word_1_314' title='bbox 401 2482 610 2537; x_wconf 75' lang='grc' dir='ltr'><strong>κονταρίω.</strong></span> <span class='ocrx_word' id='word_1_315' title='bbox 641 2482 912 2535; x_wconf 87' lang='lat' dir='ltr'>Menologium</span> <span class='ocrx_word' id='word_1_316' title='bbox 940 2496 1063 2521; x_wconf 86' lang='lat' dir='ltr'>mens.</span> <span class='ocrx_word' id='word_1_317' title='bbox 1094 2483 1194 2535; x_wconf 82' lang='lat' dir='ltr'><strong><em>Apr</em></strong></span> <span class='ocrx_word' id='word_1_318' title='bbox 1221 2482 1264 2521; x_wconf 92' lang='lat' dir='ltr'><strong><em>d.</em></strong></span> <span class='ocrx_word' id='word_1_319' title='bbox 1298 2483 1361 2520; x_wconf 84' lang='lat'><strong><em>23.</em></strong></span> <span class='ocrx_word' id='word_1_320' title='bbox 1390 2483 1471 2520; x_wconf 87' lang='lat' dir='ltr'><strong><em>Leo</em></strong></span> <span class='ocrx_word' id='word_1_321' title='bbox 1498 2483 1581 2520; x_wconf 84' lang='lat' dir='ltr'><strong><em>Ta·</em></strong></span> 
     </span>
     <span class='ocr_line' id='line_1_44' title="bbox 169 2523 1594 2598; baseline -0.001 -23"><span class='ocrx_word' id='word_1_322' title='bbox 169 2536 263 2575; x_wconf 82' lang='lat' dir='ltr'>ctic.</span> <span class='ocrx_word' id='word_1_323' title='bbox 305 2551 387 2589; x_wconf 91' lang='lat' dir='ltr'>cap.</span> <span class='ocrx_word' id='word_1_324' title='bbox 422 2551 467 2576; x_wconf 81' lang='lat'><strong><em>12</em></strong></span> <span class='ocrx_word' id='word_1_325' title='bbox 496 2542 520 2585; x_wconf 84' lang='lat'>§</span> <span class='ocrx_word' id='word_1_326' title='bbox 550 2523 612 2578; x_wconf 72' lang='lat'><strong><em>5²0.</em></strong></span> <span class='ocrx_word' id='word_1_327' title='bbox 643 2539 891 2577; x_wconf 85' lang='lat' dir='ltr'>Constantin.</span> <span class='ocrx_word' id='word_1_328' title='bbox 934 2537 974 2575; x_wconf 87' lang='lat' dir='ltr'><strong><em>in</em></strong></span> <span class='ocrx_word' id='word_1_329' title='bbox 1002 2536 1117 2575; x_wconf 85' lang='lat' dir='ltr'>Tact.</span> <span class='ocrx_word' id='word_1_330' title='bbox 1141 2549 1201 2598; x_wconf 92' lang='grc' dir='ltr'><strong><em>Ρ.</em></strong></span> <span class='ocrx_word' id='word_1_331' title='bbox 1225 2535 1263 2574; x_wconf 90' lang='grc'><strong><em>6.</em></strong></span> <span class='ocrx_word' id='word_1_332' title='bbox 1295 2535 1594 2597; x_wconf 62' lang='lat' dir='ltr'><strong><em>Moschopulus&gt;</em></strong></span> 
     </span>
     <span class='ocr_line' id='line_1_45' title="bbox 172 2584 1581 2643; baseline 0 -16"><span class='ocrx_word' id='word_1_333' title='bbox 172 2603 265 2640; x_wconf 84' lang='grc' dir='ltr'><strong><em>περι</em></strong></span> <span class='ocrx_word' id='word_1_334' title='bbox 293 2589 421 2640; x_wconf 69' lang='grc' dir='ltr'><strong><em>σχεὸι</em></strong></span> <span class='ocrx_word' id='word_1_335' title='bbox 461 2589 563 2642; x_wconf 82' lang='grc' dir='ltr'><strong><em>δόρυ</em></strong></span> <span class='ocrx_word' id='word_1_336' title='bbox 598 2589 640 2631; x_wconf 81' lang='grc' dir='ltr'><strong><em>τὸ</em></strong></span> <span class='ocrx_word' id='word_1_337' title='bbox 684 2586 925 2643; x_wconf 76' lang='grc' dir='ltr'><strong><em>κοντιέριον,</em></strong></span> <span class='ocrx_word' id='word_1_338' title='bbox 969 2592 1064 2630; x_wconf 85' lang='lat' dir='ltr'><strong>item</strong></span> <span class='ocrx_word' id='word_1_339' title='bbox 1104 2584 1229 2639; x_wconf 84' lang='grc' dir='ltr'><strong><em>λόγχη</em></strong></span> <span class='ocrx_word' id='word_1_340' title='bbox 1272 2585 1317 2626; x_wconf 82' lang='grc' dir='ltr'><strong><em>τὸ</em></strong></span> <span class='ocrx_word' id='word_1_341' title='bbox 1360 2601 1581 2641; x_wconf 83' lang='grc' dir='ltr'><strong><em>κονταριον.</em></strong></span> 
     </span>
     <span class='ocr_line' id='line_1_46' title="bbox 172 2640 1582 2699; baseline 0 -18"><span class='ocrx_word' id='word_1_342' title='bbox 172 2644 404 2683; x_wconf 77' lang='lat' dir='ltr'>scholiastes</span> <span class='ocrx_word' id='word_1_343' title='bbox 432 2644 606 2697; x_wconf 83' lang='lat' dir='ltr'>Oppiani</span> <span class='ocrx_word' id='word_1_344' title='bbox 634 2659 670 2698; x_wconf 87' lang='lat' dir='ltr'><strong><em>p.</em></strong></span> <span class='ocrx_word' id='word_1_345' title='bbox 701 2660 752 2699; x_wconf 90' lang='lat'><strong><em>70</em></strong></span> <span class='ocrx_word' id='word_1_346' title='bbox 777 2652 815 2684; x_wconf 84' lang='lat' dir='ltr'><strong><em>et</em></strong></span> <span class='ocrx_word' id='word_1_347' title='bbox 839 2658 910 2697; x_wconf 88' lang='lat'><strong><em>90.</em></strong></span> <span class='ocrx_word' id='word_1_348' title='bbox 943 2644 1037 2683; x_wconf 81' lang='lat' dir='ltr'>hinc</span> <span class='ocrx_word' id='word_1_349' title='bbox 1075 2640 1316 2692; x_wconf 78' lang='grc' dir='ltr'><strong><em>κονταράτος</em></strong></span> <span class='ocrx_word' id='word_1_350' title='bbox 1351 2648 1470 2681; x_wconf 86' lang='lat' dir='ltr'>conto</span> <span class='ocrx_word' id='word_1_351' title='bbox 1515 2656 1582 2681; x_wconf 79' lang='lat' dir='ltr'><strong><em>ar-</em></strong></span> 
     </span>
     <span class='ocr_line' id='line_1_47' title="bbox 172 2695 1258 2750; baseline -0.003 -14"><span class='ocrx_word' id='word_1_352' title='bbox 172 2705 315 2737; x_wconf 78' lang='lat' dir='ltr'>matus.</span> <span class='ocrx_word' id='word_1_353' title='bbox 345 2699 427 2737; x_wconf 91' lang='lat' dir='ltr'><strong><em>Leo</em></strong></span> <span class='ocrx_word' id='word_1_354' title='bbox 459 2698 497 2736; x_wconf 91' lang='lat' dir='ltr'><strong><em>d.</em></strong></span> <span class='ocrx_word' id='word_1_355' title='bbox 529 2703 553 2747; x_wconf 86' lang='lat'>§</span> <span class='ocrx_word' id='word_1_356' title='bbox 583 2699 632 2738; x_wconf 88' lang='lat'><strong><em>50</em></strong></span> <span class='ocrx_word' id='word_1_357' title='bbox 662 2707 700 2739; x_wconf 86' lang='lat' dir='ltr'><strong><em>et</em></strong></span> <span class='ocrx_word' id='word_1_358' title='bbox 723 2705 747 2748; x_wconf 84' lang='lat'>§</span> <span class='ocrx_word' id='word_1_359' title='bbox 777 2700 845 2749; x_wconf 74' lang='lat'><strong><em>41,</em></strong></span> <span class='ocrx_word' id='word_1_360' title='bbox 875 2705 914 2738; x_wconf 89' lang='lat' dir='ltr'><strong><em>et</em></strong></span> <span class='ocrx_word' id='word_1_361' title='bbox 941 2712 1028 2750; x_wconf 88' lang='lat' dir='ltr'>cap.</span> <span class='ocrx_word' id='word_1_362' title='bbox 1066 2695 1111 2735; x_wconf 80' lang='lat'><strong><em>18</em></strong></span> <span class='ocrx_word' id='word_1_363' title='bbox 1136 2700 1160 2741; x_wconf 64' lang='grc' dir='ltr'><strong>ς</strong></span> <span class='ocrx_word' id='word_1_364' title='bbox 1191 2708 1258 2748; x_wconf 76' lang='lat'><strong><em>27.</em></strong></span> 
     </span>
    </p>
   </div>
   <div class='ocr_carea' id='block_1_3' title="bbox 265 2770 1345 2808">
    <p class='ocr_par' dir='ltr' id='par_1_9' title="bbox 265 2770 1345 2808">
     <span class='ocr_line' id='line_1_48' title="bbox 265 2770 1345 2808; baseline 0.001 -1"><span class='ocrx_word' id='word_1_365' title='bbox 265 2773 411 2808; x_wconf 56' lang='grc' dir='ltr'><strong><em>Νίσαια,</em></strong></span> <span class='ocrx_word' id='word_1_366' title='bbox 435 2773 637 2808; x_wconf 75' lang='lat' dir='ltr'><strong><em>choniates</em></strong></span> <span class='ocrx_word' id='word_1_367' title='bbox 1303 2770 1345 2802; x_wconf 82' lang='lat'><strong><em>53</em></strong></span> 
     </span>
    </p>
   </div>
  </div>
 </body>
</html>
