1878 3230
259 147 370 219 294
684 158 913 208 Nicss'rAss
958 155 1272 197 cnoNJA'rAE

257 261 561 315 αὐτοκράτορος
592 254 831 309 Μανουήλ·
888 251 990 307 γυνὴ
1013 252 1092 308 γάρ
1132 268 1196 301 τις
1223 251 1328 294 κατὰ
1356 252 1428 308 τήν
1455 256 1691 310 Προποντί-

219 326 312 367 Οὸα
341 326 532 378 λαχοῦσα
569 320 646 375 τήν
684 317 842 374 οἴκησιν
884 319 1052 360 παιδίον
1087 319 1281 360 α’πέτεκεν
1322 312 1472 374 ἄρρεν,
1515 316 1588 360 τὸν
1616 323 1694 373 μὲν

256 388 401 431 λοιπὸν
444 382 667 440 ἄνθρωπον
707 385 1024 439 ἐξηρθρωμένον
1063 384 1136 425 καί
1164 385 1259 425 λίαν
1281 385 1694 439 βραχυμερέστατον,

255 454 329 507 τήν
355 454 402 494 δέ
427 467 472 506 γε
511 448 698 506 κεφαλήν
732 446 879 503 χρῆμά
908 465 946 491 τι
981 447 1052 491 ἐπὶ
1076 450 1157 491 τῶν
1187 444 1312 502 ὤμων
1339 447 1490 502 α’νέχον
1516 451 1622 503 μέγα
1650 466 1695 492 τε

255 519 329 559 καί
352 519 561 567 ἐξαίσιον,
599 513 620 557 ὃ
646 514 720 556 καί
749 511 1041 568 συλλελόγιστο
1077 513 1341 570 πολυαρχίας
1367 510 1473 557 εἶναι
1498 522 1730 570 σημαντι-5

258 582 351 636 κόν,
379 579 472 636 ἥτις
498 579 635 636 μήτηρ
666 577 873 635 ἀναρχίας
907 581 1036 622 ἐστίν.

119 657 162 691 V.
186 668 242 692 12¹
369 663 410 689 2.
459 643 508 688 ‘O
537 647 582 687 ‹55-
611 644 834 700 Κομνηνὸς
870 644 1129 700 Ἀνδρόνικος
1160 643 1277 688 ὄτοῦ
1299 647 1505 700 βασιλέως
1531 642 1699 697 ἐξάδελ-

260 730 338 771 φος
377 711 611 767 111ανουὴλ,
659 712 759 765 περὶ
795 706 848 753 οὗ
875 710 921 754 τὸ
959 713 1093 766 λέγειν
1120 714 1167 755 ἐν
1202 713 1253 769 τῇ
1292 711 1397 754 κατὰ
1424 710 1496 754 τὸν
1524 713 1701 766 βασιλέα

258 783 405 823 τοῦτον
432 779 598 835 ἱστορίᾳ
643 779 917 831 κατέρρευσεν
943 777 1195 831 ἱκανώτατα,
1225 779 1451 833 διατρίβων
1477 779 1702 832 τηνικαῦτα

259 844 365 888 κατιὶ
405 842 452 886 τὸ
492 843 683 896 Οἵναιον,
723 841 817 883 ἐπεὶ
857 841 1030 884 πύθοιτο
1057 843 1130 885 τὸν
1165 844 1241 885 τοῦ
1269 842 1478 897 Μανουὴλ,
1520 843 1703 886 θάνατον
1719 861 1766 888 ιο

261 909 335 952 καὶ
363 907 678 959 διαστασιάζων
704 905 851 962 ἔγνωκε
895 907 947 949 τὰ
979 909 1198 962 βασίλεια,
1226 907 1302 950 τὸν
1326 906 1506 950 παλαιὸν
1533 910 1607 963 τῆς
1631 925 1704 950 τυ-

262 977 455 1031 ραννίδος
493 971 745 1016 amandata
771 971 921 1028 ἔρωτα.
991 971 1097 1015 α’λλὰ
1123 973 1249 1029 μήπω
1275 974 1374 1029 περὶ
1399 972 1581 1027 τούτων,
1608 977 1707 1016 καθ’

264 1039 410 1096 εἱρμὸν
437 1041 483 1081 δὲ
511 1037 660 1094 προϊὸν
687 1036 733 1079 τὸ
752 1040 885 1093 λέγειν
903 1039 1064 1080 ἐκεῖθεν
1082 1041 1157 1094 τῆς
1183 1038 1369 1094 ἱστορίας
1395 1041 1477 1081 τῶν
1502 1039 1609 1082 κατὰ
1634 1038 1708 1082 τὸν

219 1102 398 1159 Βᾶνδρα
427 1107 576 1147 τοῦτον
605 1105 770 1158 ἐχέσθω
788 1136 801 1157 ,
841 1102 997 1146 ὁπόθεν
1039 1099 1251 1159 ἄρχεσθαι
1280 1099 1449 1158 ἄμεινον
1478 1108 1710 1162 συναφείας

266 1173 387 1215 ἕνεκα
414 1171 489 1212 καί
514 1171 590 1211 τοῦ
615 1169 673 1223 μὴ
700 1173 952 1224 παραλιπεῖν
979 1185 1021 1211 τι
1047 1171 1129 1211 τῶν
1157 1169 1342 1225 ῥηθῆναι
1369 1168 1511 1222 ἀξίων.
1570 1169 1591 1213 ὃ
1618 1171 1709 1213 'Av-
1726 1176 1773 1218 15

268 1234 458 1290 ὸ“ρόνικος
507 1234 649 1276 τοίνυν
686 1229 807 1283 οὗτος
845 1233 920 1283 τοὶς
965 1232 1100 1288 λαβάς
1132 1235 1348 1290 ἐκφεύγων
1386 1237 1464 1277 τοῦ
1500 1235 1712 1291 Μανουὴλ

269 1302 496 1357 αἐιφυγίαν
543 1300 696 1353 εἵλετο,
740 1298 813 1340 καὶ
851 1298 992 1349 πόλεις
1034 1300 1221 1352 α’μείψας
1246 1299 1408 1355 συχνὰς
1435 1302 1508 1343 καί
1536 1306 1712 1343 πλεῖστα

270 1367 405 1410 ἐθνῶν
447 1362 578 1409 ἄστεα
625 1364 807 1407 κατιδών
836 1367 975 1419 τέλος,
1026 1365 1082 1415 ὥς
1110 1365 1287 1415 εἰπόντες
1311 1365 1484 1421 ἔχομεν,
1516 1365 1714 1409 καταλύει

270 1431 386 1486 παρὰ
418 1435 477 1490 τῷ
505 1429 754 1487 Σαλτούχῳ·
811 1429 1023 1487 τοπάρχης
1048 1433 1082 1473 δ’
1114 1428 1166 1487 ἧν
1200 1426 1317 1481 οὗτος
1344 1433 1404 1481 εἰς
1437 1430 1576 1487 ἀρχὴν
1604 1432 1714 1486 ἔχων

271 1501 564 1554 ἐξαιρεθεῖσαν
590 1495 662 1552 τὴν
682 1498 735 1553 τῇ
753 1498 951 1554 Χαλδαίᾳ
977 1496 1328 1553 προσεγγίζουσαν
1354 1496 1512 1552 χώραν,
1533 1498 1714 1550 Ῥωμαί-
1726 1514 1778 1541 20

274 1579 337 1612 οις
377 1564 456 1616 μὲν
493 1561 626 1605 πάλαι
665 1560 907 1617 ὑπόφορον,
950 1561 1044 1604 τότε
1083 1564 1129 1604 δὲ
1167 1569 1250 1611 τοῖς
1286 1562 1487 1618 Τούρκοις
1531 1561 1716 1612 καὶτοῖς

273 1630 433 1672 τούτων
462 1626 716 1670 ὑπείκουσαν
752 1625 884 1671 ἔθεσι.
938 1629 1011 1669 καί
1036 1629 1308 1684 παρειληφώς
1333 1644 1374 1670 τι
1404 1628 1609 1684 φρούριον
1638 1629 1717 1670 αὕ-

275 1697 352 1737 τοῦ
378 1691 568 1747 ἑκόντος,
609 1688 682 1736 καί
716 1694 766 1749 τῇ
793 1695 954 1749 φυσικῇ
988 1691 1134 1735 τούτου
1161 1692 1408 1750 ἐρυμνότητι
1433 1692 1510 1748 τὴν
1532 1691 1612 1736 ἀπὸ
1642 1696 1718 1749 τῆς

368 1829 401 1852 2.
424 1816 547 1850 ἔτεκεν
571 1816 611 1849 Α.
651 1853 661 1868 ⁸
755 1812 825 1849 τὸν
846 1815 919 1861 μὲν
942 1809 1094 1861 λοιπὸν]
1132 1807 1172 1850 ui
1200 1816 1274 1861 μὲν
1297 1813 1387 1850 ὅλον
1410 1818 1520 1862 σῶμα
1544 1817 1608 1850 καὶ
1632 1819 1719 1852 λίαν

366 1861 510 1909 μικρὸν
534 1862 595 1902 ὄν,
623 1873 692 1904 την
714 1860 754 1896 δὲ
777 1856 945 1907 κεφαλὴν
961 1862 1132 1908 μεγάλην
1157 1864 1342 1897 τοσοῦτον
1365 1861 1413 1900 αἷς
1436 1874 1490 1896 πα
1519 1860 1540 1896 ἃ
1565 1863 1718 1898 πάντων

364 1909 634 1954 θαυμάζεσθαι
662 1909 698 1940 Β.
814 1921 846 1953 9.
875 1909 1051 1953 ἔρρευσεν
1078 1910 1227 1953 ἱστορία
1255 1910 1295 1941 A.
1418 1920 1469 1943 ιο.
1513 1908 1592 1956 nei]
1617 1911 1718 1945 ἐπει-

367 1951 411 1999 δὴ
435 1966 476 1989 π.
499 1953 566 1990 τὸν
592 1957 661 1989 τοῦ
684 1955 863 1998 βασιλέως
886 1958 924 1988 θ.
939 1958 977 1990 Α.
1076 1957 1125 2000 ι4.
1145 1955 1344 2004 ἄρχεσθαι]
1370 1955 1527 2001 ἔχεσθαι
1547 1956 1588 1990 Α.

276 2055 537 2087 offensionibus
562 2054 871 2099 progrediebatur.
896 2055 926 2088 is
951 2066 1069 2088 rerum
1093 2060 1207 2089 status
1225 2060 1384 2089 monstro
1400 2055 1466 2088 illo
1490 2055 1556 2088 sub
1569 2055 1722 2089 Manue-

275 2101 321 2140 lis
349 2101 489 2134 obitum
516 2101 614 2134 edito
650 2099 960 2146 praeSignificatus
992 2102 1073 2135 fuit.
1102 2114 1184 2135 nam
1211 2103 1342 2135 mulier
1372 2101 1549 2147 quaedam
1576 2103 1614 2135 in
1636 2103 1723 2135 Pro-

272 2147 427 2194 pontide
453 2147 621 2180 habitans
650 2159 801 2192 puerum
827 2149 991 2193 peperit,
1027 2154 1167 2182 caetera
1191 2149 1389 2194 perexilem
1418 2154 1455 2181 et
1480 2148 1723 2190 imbecillem,

277 2193 342 2226 sed
368 2195 487 2238 capite
513 2194 663 2237 ingenti.
689 2194 730 2227 id
749 2195 974 2239 principatus
998 2195 1215 2236 multorum,
1242 2206 1349 2240 quem
1374 2195 1490 2227 omnis
1515 2195 1659 2240 imperii
1685 2201 1723 2229 et

278 2239 494 2284 disciplinae
518 2246 744 2284 contemptus
771 2242 957 2285 sequitur,
981 2251 1086 2275 omen
1110 2241 1288 2274 habitum.

371 2297 404 2318 2.
451 2287 498 2319 At
523 2288 726 2320 Comnenus
751 2288 978 2320 Andronicus
1006 2288 1231 2333 imperatoris
1255 2287 1436 2320 Manuelis
1463 2287 1651 2331 patrueli8‚
1676 2287 1722 2320 de

277 2343 351 2378 quo
378 2333 417 2366 in
446 2333 545 2366 illius
581 2332 733 2366 historia
774 2334 918 2378 copiose
946 2335 1173 2379 scripsimus,
1215 2345 1294 2367 cum
1319 2334 1545 2378 imperatoris
1569 2339 1723 2367 mortem

279 2385 316 2412 et
340 2380 444 2412 aulae
472 2379 622 2412 dissidia
652 2380 790 2412 Oenaei
823 2380 1042 2422 audivisset,
1075 2386 1233 2414 veterem
1257 2379 1458 2425 tyrannidis
1483 2391 1640 2413 amorem
1667 2391 1724 2413 re-

276 2431 397 2460 novat.
422 2426 485 2459 sed
508 2426 597 2458 haec
623 2438 688 2458 suo
717 2426 797 2459 loco
822 2426 1043 2460 commodius
1073 2427 1290 2460 referentur:
1316 2438 1411 2460 nunc
1438 2436 1535 2467 vero,
1559 2437 1606 2459 ne
1634 2425 1724 2459 ordo

277 2471 452 2505 historiae
487 2472 770 2516 interrumpatur
787 2483 907 2517 neque
946 2474 1139 2518 quicquam
1165 2478 1363 2507 memoratu
1393 2473 1539 2517 dignum
1563 2478 1725 2517 praeter-

277 2519 459 2560 mittatur,
486 2519 596 2563 paulo
622 2519 730 2552 altius
757 2519 993 2552 exordiamur.
1018 2519 1078 2552 hic
1103 2520 1348 2560 Andronicus,
1385 2525 1425 2551 ut
1447 2520 1627 2552 Manuelis
1646 2530 1723 2552 cas-

279 2576 335 2598 ses
361 2566 533 2605 evitaret,
574 2576 653 2598 cum
677 2571 890 2610 perpetuum
916 2565 985 2599 sibi
1011 2566 1079 2611 ipsi
1104 2567 1252 2599 exilium
1277 2566 1492 2606 indixisset,
1516 2565 1639 2599 multis
1663 2577 1724 2598 ur-

278 2611 409 2653 bibus,
438 2612 560 2644 multis
594 2612 786 2656 provinciis
818 2613 1034 2657 peragratis,
1068 2613 1214 2646 tandem
1243 2613 1288 2645 ad
1312 2612 1541 2652 Saltuchum,
1565 2617 1606 2645 ut
1629 2611 1725 2644 dixi-

279 2670 377 2699 mus,
404 2658 559 2691 divertit.
580 2659 750 2702 toparcha
779 2659 808 2691 is
835 2666 929 2700 erat,
956 2661 1012 2692 cui
1042 2661 1138 2703 regio
1162 2659 1365 2692 Chaldaeae
1382 2659 1498 2692 vicina
1523 2659 1561 2690 in
1585 2658 1724 2704 portio-

278 2716 361 2738 nem
390 2711 567 2747 cesserat,
603 2706 687 2738 olim
715 2707 880 2741 Romanis
919 2704 1130 2747 tributaria,
1158 2713 1231 2740 tum
1266 2711 1384 2741 autem
1411 2706 1585 2741 Turcicae
1614 2702 1724 2739 ‹litio-
