1878 3230
826 597 1266 660 (FAssRoTn

495 714 554 773 G
617 715 668 771 L
734 710 790 771 Ο
858 713 899 771 S
967 714 1008 773 S
1074 716 1129 773 A
1193 713 1255 771 R
1319 711 1350 770 I
1419 711 1475 770 U
1541 710 1608 770 M

422 842 482 882 IN
523 841 658 893 QUO
701 840 1061 881 VOCABULA
1100 837 1690 881 GRAECOBARBARA

829 948 1271 981 EXPLICANTUR.

446 1120 643 1175 ’Λγοίπη
660 1138 777 1188 pax,
818 1124 989 1172 foedus,
1032 1124 1222 1173 dilectio,
1268 1126 1421 1164 caritas.
1450 1139 1491 1178 p.
1519 1123 1592 1188 541
1633 1137 1655 1163 c
1694 1136 1775 1162 πα-

344 1174 584 1228 ρεβάθησαν
628 1175 671 1216 αἱ
716 1178 914 1218 onomat:
962 1179 1086 1218 codex
1113 1180 1464 1242 graecobarbarus
1500 1175 1678 1230 α’γάπαι,
1727 1182 1777 1215 ut

343 1245 436 1296 pag.
463 1231 546 1269 ead.
578 1232 607 1270 b
634 1230 895 1283 τελεσθείσης
942 1234 1015 1284 τῆς
1042 1228 1225 1299 α’γάπης,
1268 1235 1309 1272 in
1339 1235 1501 1299 puriore
1531 1234 1687 1271 Graeco
1704 1231 1778 1294 τῆς

345 1281 517 1347 ῑιρήνης.
575 1285 845 1346 Theophanes
882 1287 922 1324 in
955 1288 1116 1326 Leone:
1167 1285 1192 1338 ἦ
1240 1286 1434 1338 ἅπαρχῆς
1474 1285 1591 1338 ἡμῶν
1636 1281 1775 1336 α’γάπη

343 1337 405 1388 μη
437 1337 634 1390 διαλυθῇ.
692 1341 944 1379 Anastasius:
987 1343 1123 1404 prisca
1166 1343 1317 1381 caliCaS
1345 1350 1483 1381 nostra
1525 1354 1604 1379 non
1636 1341 1776 1378 solva-

346 1402 422 1431 tur.
464 1391 571 1431 alio
562 1408 693 1432 sensu
738 1392 875 1446 ἀγάπη
916 1396 1107 1446 accipitur
1146 1410 1186 1448 p.
1238 1396 1315 1459 519
1357 1396 1385 1435 b
1422 1402 1461 1434 et
1499 1408 1589 1434 cum
1630 1394 1776 1432 absen-

348 1453 405 1484 tes
447 1447 485 1484 in
531 1448 674 1486 litteris
715 1448 771 1486 sic
807 1449 1126 1512 compellabant,
1174 1445 1312 1516 ἆγιίίιη
1351 1443 1420 1500 σή.
1455 1450 1502 1488 Β.
1537 1449 1777 1512 Chrysosto-

348 1515 439 1539 mus
487 1515 519 1539 ι.
548 1502 599 1540 de
628 1502 911 1541 Providentia:
949 1499 1152 1566 τοσαύτην
1190 1500 1294 1554 ἡμῖν
1330 1502 1498 1554 κατέχεε
1536 1499 1610 1554 τήν
1649 1497 1779 1553 ὄχλὴν

351 1549 499 1606 ὅσηνε
479 1569 498 1592 ο
529 1555 691 1605 ὸαιμων
718 1549 835 1602 ουτος
861 1555 912 1610 τῇ
937 1551 1074 1610 ἀγάπῃ
1106 1555 1156 1610 τῇ
1183 1556 1247 1611 σῇ.
1291 1557 1395 1596 adde
1424 1557 1600 1596 eiusdem
1627 1558 1777 1609 episto-

350 1608 432 1646 lam
462 1609 513 1648 ad
540 1611 818 1649 Innocentium
849 1612 1003 1650 Romae
1029 1612 1271 1677 episcopum.
1329 1614 1529 1664 Iuterpres
1564 1611 1777 1651 Canonum

350 1662 554 1703 Ecclesiae
585 1663 825 1704 Africanae.
859 1663 907 1703 τι’
928 1663 1092 1714 αοὲσκει
1120 1665 1172 1718 τῇ
1204 1663 1380 1720 ὑμετέρᾳ
1404 1664 1692 1717 μακαριότητι.
1733 1666 1776 1703 in

351 1718 479 1769 Regio
507 1719 722 1770 exemplari
750 1716 903 1772 ἀγάπῃ.
933 1720 989 1758 sic
1019 1720 1169 1758 Latinis
1199 1721 1358 1760 caritas
1393 1729 1484 1769 tua,
1521 1727 1564 1759 ut
1605 1721 1646 1758 in
1691 1718 1776 1772 epi-

351 1773 453 1810 stola
487 1773 642 1836 Synodi
669 1760 1139 1826 Constantinopolitanae
1166 1774 1284 1812 missa
1311 1774 1362 1813 ad
1393 1774 1691 1823 occidentales,
1731 1788 1776 1812 ex

351 1826 680 1878 interpretatione
706 1827 921 1879 Epiphanii
953 1827 1185 1866 Scholastici
1215 1830 1455 1881 'lripeititae
1487 1828 1559 1867 lib.
1587 1843 1640 1882 9·
1681 1841 1776 1867 con-

351 1894 603 1920 curret-amus
644 1883 687 1920 in
732 1883 862 1920 urbem
899 1882 1145 1935 Cpolitanam
1186 1896 1307 1921 causa
1346 1884 1565 1922 litter-amma
1609 1881 1674 1921 ad
1708 1896 1777 1921 nos

354 1935 572 1974 missamm
603 1949 632 1974 a
663 1945 802 1975 vestra
826 1936 1014 1986 caritate,
1051 1937 1203 1975 Graece
1226 1951 1340 1990 παρα
1372 1938 1444 1988 τῆς
1479 1934 1683 1988 ὑμετέρας
1713 1949 1776 1975 τι·-
1837 1936 1840 1939 ’

352 1983 568 2040 μιότητος,
608 1989 855 2030 Theodoreti
881 1991 1038 2029 Eccles.
1072 1990 1169 2029 hist.
1200 1990 1270 2029 lib.
1305 1992 1329 2032 5
1359 2005 1444 2043 cap.
1489 2005 1540 2044 9,
1570 1997 1615 2029 ut
1643 1989 1794 2043 Chry-'

351 2045 514 2081 sostomi
541 2044 704 2096 epistola
730 2045 771 2093 4.
800 2051 841 2083 et
865 2045 906 2083 in
934 2044 1105 2097 epistola
1133 2046 1293 2084 Damasi
1317 2045 1370 2084 ad
1399 2043 1650 2084 Oiientales:
1678 2057 1778 2098 quo-

352 2097 467 2134 niam
488 2097 754 2164 Apostolicae
767 2097 864 2164 se’di
874 2099 1138 2164 revesentiam
1169 2099 1347 2138 debitam
1360 2101 1504 2138 caritas
1532 2107 1668 2137 vestra
1694 2098 1777 2137 dte-

352 2150 498 2188 1ribuit.
541 2153 695 2191 Graece
728 2149 754 2204 ἦ
784 2147 922 2204 ἀγάπη
950 2149 1081 2202 ὑμῶν,
1111 2153 1152 2192 d.
1177 2152 1205 2191 l.
1232 2168 1320 2205 cap.
1348 2168 1406 2196 ιο.
1435 2153 1544 2192 Felix
1565 2154 1634 2190 III.
1663 2152 1778 2204 Papa

353 2203 520 2254 epistola
547 2205 597 2243 ad
629 2206 861 2244 Thalasium
885 2206 1250 2246 Archimandritam
1279 2208 1371 2246 CP:
1401 2216 1492 2269 post
1516 2205 1654 2260 factas
1689 2206 1776 2244 lae-

352 2271 445 2299 raS.
471 2273 567 2312 quas
585 2273 663 2313 per
669 2260 792 2312 flios
816 2270 970 2299 nostros
996 2262 1172 2314 religiosi
1194 2263 1390 2315 propositi
1426 2261 1535 2299 viros
1571 2260 1778 2298 dilectioni

350 2319 439 2349 tuae
467 2313 639 2351 misimus
666 2314 982 2360 contradendas,
1009 2329 1059 2352 ne
1083 2315 1186 2369 quid
1208 2317 1335 2354 minus
1355 2328 1431 2377 pro
1462 2313 1689 2352 Catholicae
1704 2313 1798 2366 fi-·

350 2366 419 2403 dei
445 2367 622 2405 custodia
647 2367 874 2418 diligentior
899 2381 994 2407 cura
1015 2371 1285 2422 prospiceret,
1324 2370 1531 2407 caritatem
1559 2376 1670 2408 tuam
1696 2367 1775 2406 du-

350 2420 485 2458 ximus
513 2421 814 2461 admonendam.

461 2467 693 2527 αγουρα]
735 2468 921 2527 ὄμφακες
963 2489 1051 2528 pag.
1096 2477 1171 2529 273
1207 2476 1232 2514 d
1280 2489 1382 2538 uvae
1423 2475 1637 2538 acerbae,
1669 2489 1773 2515 uvae

350 2528 598 2567 immaturae.
653 2529 776 2568 hodie
805 2528 923 2568 etiam
951 2530 1295 2569 Graecobaibaris
1325 2524 1499 2582 ἄγουρος
1527 2538 1583 2569 est
1611 2543 1771 2582 αωρος,

349 2583 600 2622 immaturus.

455 2634 851 2686 ακουμβίζειν,
894 2634 1177 2702 ἅκούμπισμα.
1230 2653 1318 2691 pag.
1364 2637 1435 2678 351
1484 2636 1511 2675 d
1565 2635 1770 2689 μηδεμιᾶς

350 2690 512 2745 ἀρωγῆς
539 2698 617 2732 etc.
644 2690 745 2731 alius
779 2691 925 2733 codex.
959 2691 1086 2745 μέχρι
1122 2706 1190 2731 και
1219 2707 1299 2732 των
1336 2691 1485 2743 τειχῶν
1518 2689 1769 2743 ἅκουμβιῖῐαι
