1878 3230
296 173 404 246 692
717 187 948 230 NlcETAE
981 187 1291 228 cliomA'rAE

296 274 507 342 ράναντες.
574 282 672 328 ὅθεν
709 285 784 327 καί
831 283 898 326 διὰ
937 287 1100 337 ταχέων
1139 277 1559 337 παρασκευασάμενος
1591 286 1613 328 ὅ
1654 290 1728 342 τῆς

298 354 511 406 Καλίτζης
539 348 952 405 ἧγεμών“Ρωμανός,
981 347 1144 403 ἀγαθήν
1173 364 1216 389 τε
1243 348 1315 389 καί
1340 350 1494 404 πολλὴν
1522 352 1730 406 ἦθροικώς

298 416 510 470 στρατιάν,
538 415 643 457 κατά
675 416 887 468 Κομάνων
917 414 1143 469 ἐξώρμησε,
1163 415 1235 455 καί
1259 412 1332 467 τήν
1359 415 1434 468 γῆν
1463 414 1601 457 αὐτῶν
1625 417 1729 460 κατὰ

298 479 454 534 πολλὴν
482 481 698 523 εὖπέτειαν
720 480 848 522 ἐπιών
875 479 1047 535 ἔφθειρε
1075 479 1147 520 καί
1173 476 1368 533 ἠφάνισε.
1426 479 1498 521 καί
1522 483 1642 523 τοῦτο
1661 497 1731 538 φι-

298 544 510 601 λοφρόνως
549 548 609 595 εἰς
634 546 835 600 καύχημα
881 547 953 586 καί
980 545 1277 598 μεγαλωσύνην
1311 545 1385 597 τῆς
1414 546 1497 586 τῶν
1525 548 1766 600 Χριστια-5

298 613 382 653 νῶν
411 607 641 666 ἀμωμήτου
669 612 843 659 πίστεως
881 607 1078 657 πολλάκις
1112 607 1465 663 διαπραξάμενος,
1499 605 1548 665 ἧς
1585 612 1655 653 καί
1688 611 1733 654 τὸ

299 675 564 730 βραχύτατον
599 676 671 718 καί
698 671 796 718 ὅσον
839 673 978 723 κόκκος
1023 672 1226 722 σινάπεως
1261 673 1506 730 μεθίστησιν
1543 670 1621 730 ὅρη
1663 676 1738 719 καὶ

255 744 549 796 Βμετατίθησι
581 741 631 783 τά
662 742 877 794 μετέωρα,
915 738 987 789 τὰς
1020 739 1101 782 ταῖν
1130 735 1338 792 Κομοίνων
1365 738 1550 795 ἐφόδους.
1588 740 1736 796 ἔστησε

300 805 373 848 καί
396 812 484 856 τοῖς
510 805 714 862 ἀνήκεστα
742 805 952 859 πάσχουσι
980 805 1211 858 Ῥωμαίοις
1250 804 1470 859 α’νακωχην
1504 807 1734 861 ἕβράβευσε

299 872 375 914 τοῦ
400 874 555 924 κακοῦ,
597 870 876 926 α’νυπονόητος
903 867 1046 925 άρωγὴ
1091 869 1162 911 καὶ
1200 869 1498 924 ἀσυλλόγιστος
1530 886 1797 914 συνασπι-ιο

300 937 407 991 σμὸς
434 936 508 979 καί
534 934 696 993 φάλαγξ
718 937 776 985 ὥς
793 937 921 978 εἰπεῖν
949 936 1244 985 θεοστὶλλεκτος
1272 933 1384 977 ἔθνει
1410 934 1622 994 ὅμοπίστῳ
1652 954 1737 993 φα-

301 1003 396 1051 νείς.
453 1000 560 1055 πλὴν
589 1002 689 1043 οῦδὲ
717 1000 769 1043 τά
800 1000 905 1043 κατά
937 1000 1034 1050 τούς
1059 998 1361 1055 Ταυροσκύθας
1387 1000 1558 1051 τούτους
1586 1001 1608 1043 ὅ
1640 1000 1735 1045 τότε

301 1066 453 1120 χρόνος
485 1068 754 1121 παρέδραμεν
783 1067 1062 1119 α’στασιὶιστα,
1093 1067 1195 1108 κατὰ
1233 1067 1274 1107 δ’
1311 1063 1531 1121 ὁμοφύλου
1571 1071 1737 1123 σφαγῆς

302 1130 349 1173 τὸ
380 1131 498 1187 ξίφος
523 1130 682 1184 ἔβαψεν
710 1129 735 1173 ὅ
754 1147 796 1174 τε
819 1130 1033 1184 Ῥωμανὸς
1061 1126 1181 1179 οὗτος
1209 1133 1280 1172 καί
1297 1131 1318 1172 ὁ
1349 1132 1502 1174 διέπων
1521 1131 1566 1174 τὸ
1588 1135 1735 1186 Κιάβα

298 1194 538 1250 Ῥούρικας·
594 1197 710 1252 νίκην
751 1199 788 1238 δ’
821 1196 841 1239 ὅ
873 1194 1097 1250 (Ρωμανὸς
1133 1196 1480 1251 ἀπενεγκάμενος,
1520 1196 1799 1252 ῥωμαλέοςιό

303 1258 361 1304 ὢν
385 1259 431 1303 τὸ
463 1264 585 1314 σῶμα
615 1264 688 1304 καί
711 1261 786 1311 τάς
820 1268 969 1316 χεῖρας
1003 1261 1273 1317 δραστήριος,
1318 1261 1500 1311 πολλούς
1529 1261 1602 1304 καί
1644 1263 1736 1305 τότε

170 1338 211 1371 V.
225 1329 387 1383 ηὸτῶν
416 1328 627 1380 Κομάνων
663 1329 940 1382 κατέτρωσεν,
984 1328 1027 1369 οἳ
1061 1325 1358 1382 συνεφήψαντο
1396 1328 1468 1382 τῆς
1507 1326 1647 1383 μάχης
1682 1331 1738 1384 τῷ

297 1391 517 1447 “Ρου’ρικα,
546 1395 744 1447 κρατίστη
771 1391 844 1434 καί
869 1390 1132 1447 γενναιοτάτη
1162 1393 1326 1448 φάλαγξ
1353 1394 1451 1447 περὶ
1472 1392 1598 1435 αὐτὸν
1630 1392 1737 1448 ὄρεό-

302 1472 435 1509 μενοι.

414 1521 539 1564 Ἀλλά
566 1521 706 1578 χρεών
730 1523 838 1576 μηδὲ
867 1524 989 1564 τοῦτο
1018 1523 1211 1577 παριδεῖν
1249 1521 1530 1576 ἀνιστόρητον.
1587 1519 1640 1577 ἦν
1675 1526 1800 1573 ‘te'czo

308 1587 607 1642 κολλυβιστὴς,
637 1587 903 1640 Καλομόδιος
931 1586 1007 1642 τὴν
1026 1590 1321 1642 προσηγορίαν.
1378 1582 1497 1636 οὗτος
1522 1586 1738 1644 χρήμασιν

306 1655 518 1706 ἐβεβριθει
550 1657 739 1705 πολλοῖς,
770 1654 979 1707 α’ργαλέας
1005 1655 1078 1694 καί
1113 1651 1284 1705 δολιχάς
1310 1650 1508 1708 ἐκδημίας
1539 1656 1627 1695 κατ’
1664 1655 1738 1706 ἐμ-

178 1730 294 1764 P.338
308 1720 458 1772 πορίαν
490 1721 679 1774 πολλαχῇ
706 1717 988 1771 στειλάμενος,
1017 1716 1337 1775 κερδαλεόφρων
1361 1713 1595 1774 ἄνθρωπος.
1634 1720 1739 1772 α’μὲ-

305 1787 368 1826 λει
393 1783 468 1825 καί
493 1781 793 1836 συγκαθεύδων
820 1785 879 1841 τῷ
906 1786 1131 1841 φασκωλίῳ
1172 1785 1243 1826 καί
1283 1786 1446 1839 πρίθων
1482 1783 1529 1826 τὸ
1567 1782 1739 1838 κύμινον

401 1893 433 1914 2.
459 1882 629 1926 γαλίτζης
652 1882 699 1922 Β,
727 1882 857 1914 omisso
882 1881 1091 1928 Ῥωμανός.
1204 1882 1252 1926 14.
1277 1883 1377 1925 κίαβε
1398 1883 1434 1915 Β.
1530 1894 1583 1919 2¹.
1607 1885 1738 1919 κολλυ-

398 1927 541 1975 βιστὴς]
568 1927 856 1975 πραγματευῑὴς
878 1929 914 1961 Β.

309 2029 370 2051 zac
406 2019 572 2063 princeps
595 2018 795 2058 Romanus,
826 2028 952 2062 magno
982 2023 1019 2051 et
1055 2018 1141 2051 forti
1179 2020 1336 2051 exercitu
1370 2019 1489 2051 subito
1515 2023 1664 2059 coacto,
1701 2019 1740 2051 in

309 2065 545 2098 Cumanorum
571 2075 691 2107 agrum
724 2064 878 2108 irrupit,
906 2070 943 2097 et
967 2065 1044 2098 sine
1071 2065 1147 2097 ullo
1181 2067 1325 2109 negotio
1354 2066 1505 2110 diripuit
1531 2070 1568 2098 et
1589 2065 1741 2098 vastavit

309 2111 451 2152 omnia3
481 2121 597 2155 eoque
622 2111 763 2154 saepius
789 2111 826 2142 in
844 2110 993 2154 gloriam
1013 2116 1050 2144 et
1074 2111 1388 2155 amplificationem
1413 2111 1617 2155 inculpatae
1638 2111 1741 2144 Chri-

311 2158 448 2190 stianae
474 2157 578 2196 fidei,
604 2156 704 2188 cuius
729 2157 875 2188 minima
899 2169 979 2201 pars
1009 2163 1046 2190 et
1070 2168 1178 2201 grano
1204 2158 1337 2202 sinapis
1366 2170 1430 2203 par
1458 2164 1596 2191 montes
1625 2163 1741 2190 trans-

308 2204 414 2248 ponit
433 2208 470 2235 et
494 2203 663 2235 sublimia
687 2203 876 2243 transfert,
912 2204 1066 2247 benigne
1099 2204 1212 2245 facto,
1250 2205 1484 2237 Cumanorum
1517 2204 1740 2236 incursiones

312 2249 503 2293 repressit,
527 2254 563 2281 et
588 2249 753 2281 Romanis
777 2250 814 2281 in
840 2250 972 2282 excidii
1009 2250 1170 2294 periculo
1210 2251 1415 2283 constitutis
1451 2250 1623 2282 auxilium
1655 2250 1741 2283 tulit

310 2295 537 2339 inopinatum
559 2306 701 2338 prorsus
728 2300 764 2327 et
788 2296 1036 2339 improvisum,
1060 2296 1230 2329 divinitus
1258 2297 1403 2328 omnino
1426 2301 1651 2340 procuratum
1675 2307 1741 2340 per

313 2341 473 2374 eiusdem
499 2341 681 2383 religionis
707 2341 890 2384 populum.
914 2348 1094 2375 caeterum
1119 2353 1160 2375 eo
1186 2354 1278 2375 anno
1303 2343 1341 2375 hi
1359 2342 1624 2385 Tauroscythae
1649 2353 1741 2387 quo-

312 2398 383 2431 que
409 2386 586 2419 seditione
612 2386 805 2419 conflictati
831 2393 932 2427 sunt,
974 2394 1011 2421 et
1036 2390 1212 2421 Romanus
1247 2388 1306 2421 hic
1343 2393 1379 2421 et
1408 2388 1538 2421 Ciabae
1572 2390 1739 2433 princeps

310 2433 455 2466 Ruricas
493 2431 601 2465 caede
633 2433 861 2476 popularium
898 2445 1041 2467 suorum
1075 2445 1176 2467 enses
1212 2434 1429 2468 imbuerunt.
1468 2434 1531 2467 sed
1561 2436 1739 2468 Romanus

312 2479 418 2512 homo
445 2478 610 2511 robustus
637 2484 674 2510 et
698 2484 862 2512 strenuus
883 2485 957 2512 tum
984 2491 1129 2524 quoque
1158 2480 1288 2513 multos
1314 2481 1486 2514 comanos
1512 2481 1652 2522 cecidit,
1676 2482 1740 2526 qui

312 2527 446 2570 optima
471 2530 508 2558 et
530 2524 722 2557 fortissima
750 2525 925 2569 phalange
951 2526 1096 2558 Ruricae
1123 2537 1225 2570 opem
1255 2528 1425 2560 tulerant.

405 2571 475 2605 Sed
502 2581 568 2603 nec
595 2570 663 2603 hoc
688 2571 833 2603 silentio
857 2572 1158 2615 praetereundum
1184 2577 1247 2606 est.
1283 2574 1353 2606 fuit
1377 2572 1634 2606 nummularius
1658 2572 1741 2616 qui-

314 2618 395 2651 dam
424 2614 651 2651 Calomodius
675 2617 839 2657 nomine,
868 2618 929 2661 qui
957 2618 1160 2662 longinquis
1187 2625 1223 2652 et
1249 2619 1453 2652 difficilibus
1483 2619 1739 2662 negotiationi·

313 2666 381 2698 bus
407 2664 594 2697 maximam
617 2664 804 2708 pecuniam
833 2664 1067 2708 acquisierat,
1093 2664 1198 2698 homo
1226 2677 1349 2699 avarus
1379 2672 1415 2699 et
1440 2665 1621 2705 sordidus,
1657 2669 1748 2698 tan--

314 2716 391 2745 tuni
424 2722 497 2745 non
523 2710 740 2744 iudos-miens
771 2710 950 2755 marsupio
981 2716 1028 2744 εἰ·
1050 2712 1222 2756 pecuniae
1260 2718 1479 2758 postponens
1513 2711 1640 2745 omnia.
1674 2711 1738 2756 qui
