1838 3210
274 160 345 215 80
408 192 410 194 ·
698 174 924 216 meana
970 170 1279 213 cuoNiATAE

163 284 200 318 V.
218 285 259 318 32
274 278 531 332 φιλοδωρίας
579 276 834 316 συνέστειλεν
862 270 1025 326 ἕκροιαν
1045 303 1055 323 ,
1097 272 1163 312 ἵνα
1209 271 1266 323 μή
1295 272 1452 322 λέγοιμι
1484 266 1539 316 ὥς
1569 269 1627 316 εἰς
1653 266 1696 308 τὸ

169 738 249 781 Ρ.4ι

270 344 501 397 παλίρρουν
521 337 647 393 αὐτὴν
672 334 864 391 ἐβιάσατο
885 334 1040 377 καὶτὸν
1063 334 1302 388 ἀναδασμὸν
1328 332 1437 376 ἔστιν
1455 329 1520 374 ὅτε
1539 332 1611 373 καὶ
1628 334 1696 387 ἐφ’

269 404 330 456 οἷς
344 405 607 455 ἐδικαίωσεν,
625 399 701 443 οὔκ
725 402 770 457 ἐκ
788 402 863 443 τοῦ
887 404 1095 455 γνωμικοῦ
1118 402 1156 443 δ’
1184 397 1300 452 οἶμαι
1329 399 1526 441 τοσοῦτον
1560 398 1695 439 αἰτίου

271 471 372 526 (χρὴ
400 470 478 524 γάρ
510 470 553 510 ἐν
579 472 663 515 τοῖς
691 463 861 520 οἷδὴλοις
887 466 1028 522 ῥέπειν
1054 465 1158 521 πρὸς
1187 464 1231 506 τὸ
1263 464 1575 520 φιλάνθρωπον)
1604 458 1698 504 ὅσον

267 538 315 576 ἐκ
342 537 418 576 τοῦ
444 532 500 586 μή
531 531 704 585 κοτύλης
726 532 891 572 δεῖσθαι
911 529 1141 585 ψηγμάτων
1168 526 1259 571 ἄλλ’
1278 525 1470 583 ἄντικρυς
1495 526 1733 581 πελάγουςό

273 599 534 652 Τυρσηνικοῦ
577 594 628 645 οἳς
668 593 754 650 εἶχε
802 594 1022 651 διευρύνας
1063 592 1227 646 ἐξόδους
1270 597 1349 636 τῶν
1379 594 1594 645 δαπανῶν,
1642 587 1698 640 οἷς

268 662 412 719 προϊὸν
440 662 618 716 δηλώσει
644 661 689 703 τὸ
720 662 853 715 λέγειν
878 676 963 713 μοι.

376 729 413 781 4.
469 728 579 769 Ἀλλ’
607 723 718 767 οὕτω
756 728 1121 783 διακυβερνωμένῳ
1150 726 1225 780 τήν
1248 727 1464 779 βασιλείαν
1490 725 1547 781 τῷ
1575 724 1696 764 αὖτο-

267 789 441 846 κράτορι
470 794 604 847 ’νέφος
642 794 848 843 πολεμίων
888 793 934 832 ἐκ
963 793 1043 832 τῶν
1077 788 1279 846 ἑσπερίων
1303 789 1529 831 ἑπισυστὰν
1550 786 1696 840 κλιμά-

266 873 358 909 των,
389 856 574 911 τετριγὸς
604 854 738 897 δεινὸν
757 857 830 897 καί
856 855 1063 911 ὀλέθριον,
1093 857 1134 905 ἐς
1160 854 1209 897 τοὶ
1232 854 1450 908 Ῥωμαίων
1475 855 1698 907 ἐνέσκηψεν
1716 871 1760 895 ιο

267 919 365 975 ὅρια
381 955 394 974 ,
412 921 442 974 ἢ
468 922 550 962 τῶν
578 922 820 972 Ἀλαμανιῦν
861 920 973 975 φημὶ
1005 923 1161 975 κίνησις
1188 919 1261 961 καί
1286 918 1312 974 ἦ
1342 919 1501 968 τούτοις
1529 916 1696 968 συνεξά-

268 1003 380 1040 ρασα
405 991 533 1039 μοῖρα
574 985 781 1038 ὁμογενῶν
811 984 980 1034 ἐκείνοις
1019 982 1169 1040 ἑτέρων
1212 986 1369 1027 ἐθνῶν·
1426 981 1488 1032 οἷς
1514 982 1585 1025 καί
1617 981 1697 1037 θή-

267 1056 377 1092 λειαι
417 1053 678 1104 κατελέγοντο
717 1047 773 1098 ὥς
807 1044 978 1104 ἄρρενες
1008 1049 1323 1106 ἐφιππάζουσαι
1362 1048 1435 1091 καί
1465 1053 1557 1098 ταῖς
1597 1050 1698 1104 ἐφε·

267 1118 428 1168 στρίσιν
457 1117 509 1157 ου’
551 1115 770 1169 συμβάδην
797 1114 854 1156 τώ
898 1114 999 1156 πόδε
1039 1117 1300 1168 διαχαλιόσαι
1339 1113 1443 1156 ἀλλὰ
1471 1114 1699 1169 περιβάδην

269 1182 418 1236 α’νέδην
475 1181 775 1234 ε’ποχούμεναι,
823 1182 897 1221 καί
947 1180 1187 1236 κοντοφόροι
1227 1182 1299 1222 καί
1340 1177 1567 1235 ὁπλοφόροι
1611 1180 1698 1219 κατ’
1717 1181 1761 1222 ι5

267 1243 422 1302 ἄνδρας
451 1243 681 1300 ὁρώμεναι,
703 1246 777 1286 καί
808 1245 1002 1300 α’νδρείαν
1028 1244 1176 1299 στολὴν
1206 1247 1513 1301 περικείμεναι,
1545 1244 1594 1286 a?
1629 1245 1702 1284 καί

267 1309 375 1361 δ’λως
423 1310 589 1365 α’ρεϊκὸν
631 1309 802 1363 ἔβλεπον
839 1312 912 1351 καί
947 1310 1054 1364 ὑπὲρ
1093 1309 1169 1360 τὰς
1199 1309 1427 1363 Ἀμαζόνας
1455 1309 1698 1365 ἤρρένωντο.

229 1378 344 1429 Βμιά
374 1377 419 1417 δὲ
445 1377 519 1416 καί
547 1374 769 1431 ὖπεξῄρετο
798 1377 894 1429 παρ’
921 1376 1096 1423 ἐκείναις
1135 1373 1325 1430 καθάπερ
1354 1370 1458 1428 ἄλλη
1495 1390 1556 1423 τις
1585 1377 1699 1415 Πεν-

264 1441 465 1492 θεσιλεια,
494 1436 582 1494 ἥτις
610 1441 654 1480 ἐκ
670 1441 744 1480 τοῦ
763 1439 972 1490 στίζοντος
1002 1443 1168 1495 χρυσοῦ
1194 1443 1267 1482 καί
1299 1442 1606 1495 περιτρέχοντος
1627 1436 1701 1485 τὰς

264 1503 349 1553 ὤας
366 1508 437 1547 καί
460 1505 512 1545 τοὶ
545 1501 718 1556 λοόματα
742 1506 819 1545 τοῦ
837 1504 1070 1559 ἐσθήματος
1084 1504 1337 1560 λ’ρυσόπους
1358 1503 1696 1560 παρωνομάζετο.
1712 1521 1773 1561 2οέ

264 1569 365 1613 αὕτό
392 1572 438 1611 δὲ
457 1567 504 1611 τό
533 1571 606 1623 τῆς
630 1569 824 1624 κινήσεως
847 1568 979 1611 αἴτιον
1004 1569 1219 1626 πρόφασιν
1238 1569 1285 1612 τὸ
1310 1568 1505 1626 κυριακὸν
1524 1574 1699 1623 παρεῖχε

263 1635 450 1691 κενὴριον
478 1634 550 1676 καὶ
583 1631 610 1689 ἦ
639 1633 744 1689 πρὸς
785 1633 837 1676 τοὶ
877 1634 1007 1676 εὐθέα
1034 1635 1118 1677 τῶν
1154 1637 1327 1677 σκολιῶν
1364 1636 1437 1677 καὶ
1470 1634 1700 1688 ἐπιβούλων

263 1692 456 1756 παρόδων
494 1696 714 1752 ἓτοιμασία
750 1705 836 1747 τοῖς
872 1700 918 1741 ἐκ
954 1701 1030 1741 τοῦ
1065 1702 1207 1754 γένους
1245 1701 1418 1750 ἐκείνοις
1466 1699 1574 1741 ευᾪύ
1618 1701 1699 1742 τῶν

258 1764 560 1821 Ἰεροσολύμων
595 1765 813 1807 ἐθέλουσιν
857 1765 1014 1808 ἵεσθαι.
1090 1764 1273 1820 ἔφασκον
1324 1768 1370 1808 δὲ
1397 1764 1595 1808 καὶκατὰ
1624 1765 1701 1820 τήν

265 1831 406 1882 ἔξοδον
443 1832 601 1885 ἐκείνην
636 1831 767 1884 μηδέν
806 1847 848 1872 τι
886 1828 1077 1885 περιττὸν
1119 1829 1418 1887 ἐπισύρεσθαι,
1453 1833 1546 1874 ἄλλ’
1579 1827 1607 1887 ἢ
1643 1828 1694 1872 τοὶ
1711 1835 1761 1876 25

363 1952 413 1976 ια.
442 1940 600 1977 ἐκείνοις
626 1950 684 1972 om
711 1941 748 1972 A.
847 1950 900 1974 20.
925 1939 1149 1986 ἐσθήματος]
1173 1939 1378 1987 ἐνδύματος
1405 1943 1443 1974 Α.

267 2053 307 2080 ut
332 2056 412 2079 aere
440 2050 559 2090 empta
573 2045 751 2089 mancipia
776 2044 971 2084 tractabat,
997 2050 1033 2077 et
1049 2045 1223 2088 largiendi
1241 2047 1522 2079 munificentiam
1549 2047 1695 2080 restrin-

266 2093 393 2137 gebat,
422 2102 463 2124 ac
488 2092 609 2136 potius
649 2091 687 2123 in
715 2091 932 2123 contrarium
963 2090 1147 2132 vertebat,
1173 2092 1216 2124 iis
1243 2093 1350 2124 etiam
1377 2093 1695 2126 distributionibus

267 2150 355 2184 quas
380 2139 457 2182 ipse
484 2137 668 2170 ordinarat
702 2136 902 2180 abrogatis,
936 2147 1008 2169 non
1031 2142 1121 2177 tam,
1146 2143 1187 2170 ut
1212 2138 1389 2179 arbitror,
1420 2145 1545 2182 suapte
1569 2140 1696 2172 volun-

266 2191 341 2219 tate
364 2184 461 2231 (nam
488 2195 542 2216 res
579 2183 710 2216 dubiae
735 2183 774 2215 in
797 2183 968 2227 optimam
991 2188 1129 2227 partem
1151 2183 1441 2228 interpretandae
1467 2186 1563 2232 sunt)
1588 2197 1695 2230 quam

266 2232 481 2265 necessitate
512 2235 675 2271 coactus,
703 2228 748 2261 ad
783 2235 945 2273 sumptus
985 2230 1175 2262 immensos
1208 2231 1434 2273 tolerandos3
1474 2231 1511 2264 id
1535 2231 1632 2277 quod
1658 2233 1695 2264 in

267 2278 440 2311 orationis
468 2287 657 2321 progressu
682 2275 934 2308 declarabitur.

358 2325 390 2367 4.
439 2323 516 2355 Hoc
550 2322 693 2367 imperii
734 2327 829 2355 statu
863 2321 1005 2354 hostilis
1039 2321 1151 2354 nubes
1181 2322 1357 2355 horrenda
1383 2329 1419 2356 et
1454 2325 1625 2368 pestilens
1649 2324 1694 2357 ab

267 2370 453 2404 occidente
481 2370 519 2401 in
544 2369 631 2401 fines
645 2370 881 2401 Romanorum
907 2368 1045 2411 irrupit.
1074 2367 1118 2400 de
1138 2374 1236 2401 motu
1261 2370 1538 2402 Alemannorum
1566 2371 1696 2415 loquor

267 2422 304 2450 et
328 2422 555 2461 cognatarum
595 2416 645 2448 eis
670 2415 848 2459 gentium3
873 2415 967 2447 inter
991 2424 1080 2458 quos
1107 2419 1143 2447 et
1166 2415 1333 2448 mulieres
1361 2422 1462 2449 erant
1477 2441 1486 2456 ‚
1514 2428 1585 2449 non
1609 2427 1695 2449 con-

267 2464 399 2496 iunctis
425 2461 579 2507 pedibus
610 2461 677 2494 sed
709 2461 863 2494 virorum
899 2461 1011 2492 instar
1048 2460 1170 2493 divisis
1194 2472 1298 2505 super
1327 2462 1445 2506 palliis
1470 2463 1693 2507 equitantes,

267 2510 428 2542 hastatae
453 2514 562 2552 atque
587 2512 753 2547 armatae,
777 2518 817 2539 ac
839 2507 935 2539 virili
958 2506 1084 2539 habitu
1111 2513 1267 2546 ornatae,
1292 2508 1421 2541 Martio
1451 2509 1564 2549 vultu,
1590 2510 1695 2541 Ama-

267 2556 417 2589 zonibus
442 2554 661 2587 audaciores.
687 2554 781 2586 inter
806 2564 893 2598 quas
917 2564 987 2585 una
1025 2553 1216 2594 excelluit,
1242 2555 1344 2598 quasi
1369 2555 1481 2587 altera
1509 2554 1694 2588 Penthesi-

267 2603 347 2643 lea,
381 2611 474 2646 quae
507 2600 553 2633 ob
596 2600 738 2644 fastigia
763 2605 799 2632 et
821 2599 972 2632 limbum
995 2599 1147 2631 vestium
1179 2610 1264 2632 auro
1290 2601 1519 2634 intertextum
1543 2601 1693 2646 Auripes

266 2648 471 2682 vocabatur.
511 2646 752 2692 expeditionis
790 2656 895 2679 causa
922 2645 1225 2690 praetendebatur
1249 2646 1467 2679 dominicum
1491 2648 1694 2692 sepulcrum

270 2701 306 2728 et
332 2694 556 2739 praeparatio
594 2693 672 2726 viae
695 2697 813 2725 rectae
838 2697 874 2725 et
897 2702 969 2724 non
994 2691 1188 2725 insidiosae
1211 2693 1445 2737 popularibus
1470 2695 1542 2726 suis
1566 2694 1695 2726 Hiero-

270 2741 403 2784 solyma
441 2740 647 2774 ascensuris.
688 2749 804 2784 neque
844 2749 880 2772 se
908 2739 1099 2783 quicquam
1128 2749 1382 2784 supervacuum
1409 2739 1604 2780 advehere,
1630 2739 1692 2773 sed
