1878 3230
409 195 479 234 DE
516 191 835 235 ANnRomco
874 192 1133 235 comm-:No
1175 193 1273 234 Lm.
1312 193 1364 233 u.
1492 173 1606 242 413

191 292 518 347 στρατεύμασιν,
548 289 577 348 ἢ
602 294 676 335 καί
706 290 1059 348 παρελευσόμενος
1094 292 1275 344 ἔσωθεν,
1313 292 1354 333 εἶ
1388 291 1461 334 καὶ
1497 293 1618 333 τοῦτο

191 358 312 413 ἐξείη.
369 357 473 401 α’λλά
500 358 573 401 καί
586 355 690 414 πρὸς
716 354 846 414 ἄμφω
867 356 1107 413 διαμαρτών
1132 361 1205 399 τοῦ
1223 357 1379 399 σκοποῦ
1395 357 1620 411 αἰσχίστως

191 425 428 476 παλιμπους
455 424 637 480 ἐφέρετο·
695 422 734 465 οἱ
761 421 840 478 γὰρ
872 418 979 479 ἄμφ’
1001 421 1130 464 αὐτόν
1155 423 1263 477 μηδὲ
1280 423 1470 475 μέτωπον
1494 420 1621 475 κόρυ-

192 490 270 538 θος
300 490 381 530 τῶν
409 489 604 531 ἐναντίων
630 491 786 542 βλέψαι
825 487 1110 543 ὑπενεγκόντες
1150 485 1202 528 τὰ
1248 490 1358 530 ναῖτα
1393 489 1622 541 μετέβαλον

155 554 267 602 5καί
293 555 597 609 α’μεταστρεπτί
622 552 819 609 ἔφευγον,
848 555 894 595 ἓν
920 555 1043 595 τοῦτο
1060 551 1172 607 παρὰ
1200 553 1296 602 τούς
1320 552 1493 602 λοιπούς
1520 552 1626 607 ‹ipo-

191 619 352 675 φύλους
379 618 687 674 ἀνδρισάμενοι,
717 617 762 660 τὸ
792 619 890 672 γοῦν
918 618 988 659 αἐἰ
1010 617 1068 672 μὴ
1100 617 1406 673 ἐφησυχάζειν,
1435 619 1527 660 ἀλλ’
1547 619 1623 669 οὓς

189 683 230 726 οἱ
256 687 458 740 πευθῆνες
486 684 732 739 ἀνήγγελλον
759 683 902 732 αὐτοῖς
936 682 1179 736 πολεμίους,
1220 683 1398 733 τούτους
1439 682 1623 739 αὖτοψεί

191 751 384 803 κατιδεῖν,
413 751 486 791 καί
513 747 648 804 ἔργοις
669 751 811 797 avum-9
839 750 1093 803 διδαχθῆναι
1120 748 1167 790 τὸ
1196 750 1240 791 ἐν
1265 746 1426 803 μάχαις
1450 746 1621 806 ὖξύρρο-

189 831 269 859 πον
295 818 379 858 τῶν
410 815 585 869 ἀνδρῶν.
643 815 736 858 ἐπεὶ
767 815 815 856 δὲ
842 811 952 856 ἑάλω
990 813 1016 868 ἧ
1047 813 1204 869 ’λογίμη
1233 815 1512 871 Θεσσαλονίκη
1547 814 1622 857 καί

131 881 218 930 ωδ
249 881 551 935 διαμερισμός,
597 876 655 929 αῗς
681 894 755 933 μοι
783 878 945 935 εἴρηται
976 874 1082 934 ἤδη,
1119 881 1267 935 ξυνέβη
1302 882 1377 923 τοῦ
1406 882 1621 923 Σικελικοῦ

188 945 518 1002 στρατεύματος,
549 941 673 995 ἄλλος
700 947 738 987 δ’
767 942 822 988 ἄν
851 942 941 987 εἶπέ
977 960 1040 994 τις
1079 941 1136 994 ὥς
1175 944 1280 988 nard
1326 946 1400 1001 τὴν
1433 947 1620 1002 μυθικὴν

188 1011 410 1067 Χίμαιραν
435 1011 747 1065 συναπτόμενον
773 1007 973 1065 πρότερον
997 1008 1045 1051 τό
1086 1011 1335 1065 α’ντίπαλον,
1373 1012 1467 1054 τότε
1509 1014 1620 1055 διαι-

187 1078 335 1134 ρεθέν,
360 1077 408 1120 τὸ
436 1079 514 1131 μὲν
539 1078 763 1132 κράτιστον
790 1078 927 1118 αὐτοῦ
954 1073 1034 1118 ὅσα
1071 1078 1145 1117 καί
1173 1079 1279 1119 λέων
1313 1077 1620 1132 προηγούμενον

188 1141 299 1185 εὗθῦ
329 1143 405 1198 τῆς
431 1144 647 1196 βασιλίδος
675 1142 760 1184 ἵετο
787 1140 972 1194 πόλεως,
1009 1140 1055 1184 τὸ
1086 1143 1134 1183 δὲ
1159 1145 1287 1194 μέσον
1314 1140 1367 1184 τὰ
1395 1144 1483 1184 κατ’
1508 1143 1619 1195 Ἀμ-

130 1219 177 1259 15
190 1212 359 1266 φίπολιν
389 1211 463 1250 καί
489 1209 650 1263 ,Σέρρας
677 1209 915 1261 ἐπενέμετο,
944 1206 991 1248 τό
1022 1208 1069 1249 δὲ
1099 1207 1265 1260 λοιπόν,
1304 1205 1402 1250 ὅσον
1434 1208 1620 1262 δηλονότι

187 1273 392 1318 ναυτικὸν*
412 1273 486 1315 καί
510 1272 567 1323 οὖς
597 1268 694 1328 ὄφις
721 1273 946 1327 συρόμενον
972 1274 1019 1315 ἐν
1045 1278 1131 1321 τοῖς
1165 1269 1343 1324 ὕδασιν,
1379 1272 1518 1328 ἐτήρει
1545 1271 1619 1328 τὴν
1632 1283 1741 1319 P.205

185 1341 547 1395 προκαθεζομένην
573 1337 694 1381 πόλιν
722 1340 804 1381 τῶν
833 1339 1052 1382 Θετταλῶν
1105 1338 1195 1381 οὐδ’
1222 1337 1354 1388 οὕτως
1380 1333 1494 1388 ὅντες
1520 1337 1620 1392 ὅμο-

186 1404 384 1458 θυμαδόν
411 1403 450 1446 οἱ
471 1405 674 1456 Ῥωμαῖοι
708 1406 781 1446 καί
808 1403 1030 1458 βάλλοντες
1068 1407 1114 1448 ἓν
1154 1403 1400 1461 στρατήγιον
1439 1402 1505 1447 ἐνί
1537 1420 1619 1447 τινι

185 1474 288 1528 γοῦν
315 1472 607 1525 συμπλακῆναι
636 1469 940 1525 α’πεθάρρησαν
964 1469 1168 1526 τμήματι·
1228 1471 1320 1512 ἀλλ’
1352 1468 1391 1513 οἱ
1424 1472 1504 1523 μὲν
1543 1486 1619 1511 κα-

125 1559 176 1587 20
189 1538 431 1594 τειληφὸτες
458 1537 532 1592 τήν
564 1535 864 1580 Μοσυνόπολιν
888 1538 1078 1590 πολέμιοι
1104 1539 1176 1580 καί
1211 1539 1310 1591 περι·
1347 1539 1421 1592 τῆς
1455 1552 1619 1593 προσω-

187 1606 292 1660 τέρω
334 1601 505 1656 πορείας
536 1602 797 1655 ἐσκέπτοντο,
836 1603 1042 1656 μηδαμῶς
1079 1601 1250 1658 ὄπλίτην
1283 1602 1488 1655 Ῥωμαῖον
1530 1605 1619 1644 ε’νο-

188 1669 458 1726 πτριοοὶμενοι
476 1699 488 1721 ,
512 1666 710 1721 Ῥωμαῖοι
739 1669 784 1709 δὲ
826 1665 903 1716 τὰς
945 1668 1028 1710 τῶν
1061 1669 1191 1710 ἐκεῖσε
1238 1665 1621 1723 προκαταλαβόντες

279 1782 314 1816 6.
338 1778 397 1812 ἀεὶ
421 1771 540 1823 ἧσυχῆ
567 1779 761 1820 καθῆσθαι
782 1780 820 1812 Α.
890 1790 941 1814 ιο.
964 1778 1032 1822 ἤδη
1057 1790 1114 1812 om
1141 1779 1179 1812 A.
1256 1779 1305 1814 13.
1330 1777 1370 1813 τὸ
1398 1779 1472 1826 μὲν
1499 1784 1621 1824 κρεῖτ-

279 1837 347 1861 τον
372 1828 438 1860 καὶ
485 1822 834 1871 στρατηγικώτερον
856 1824 1025 1872 ἔπεμψεν
1056 1826 1181 1860 ἐλθεῖν
1207 1827 1322 1871 μέχρι
1346 1827 1408 1867 τῆς
1429 1836 1622 1872 μοσυνου-

280 1872 427 1910 πόλεως
452 1874 514 1905 καὶ
544 1874 610 1905 τοῦ
644 1873 821 1916 βολεροῦ,
854 1875 916 1905 καὶ
940 1873 1087 1918 ἔφθασε
1123 1875 1186 1906 καὶ
1210 1870 1298 1914 ἦλθε
1313 1898 1322 1912 ,
1349 1876 1411 1906 καὶ
1435 1871 1621 1918 ἀπέβλεπε

278 1921 344 1953 καὶ
367 1919 584 1966 ἔμπροσθεν
611 1918 794 1964 ἔρχεσθαι
818 1919 860 1971 ιΒ.
1013 1921 1064 1963 14.
1086 1921 1207 1965 μέσον
1242 1921 1311 1952 τοῦ
1343 1918 1621 1965 στρατεύματος

279 1968 370 2010 περὶ
393 1960 462 2007 τὴν
485 1964 676 2000 ποπολίαν
699 1966 762 1998 καὶ
786 1975 852 2003 τας
873 1966 1007 2010 σέρρας
1029 1967 1220 2010 ἐκαρτέρει
1245 1967 1281 1998 Β.
1445 1976 1500 2002 20.
1525 1977 1621 2012 προ-

280 2013 442 2061 σωτέρω]
467 2013 674 2057 περαιτέρω
692 2012 734 2047 A.

189 2113 293 2149 opem
330 2102 458 2144 ferret,
482 2106 546 2136 aut
569 2102 599 2135 si
631 2101 776 2142 liceret,
811 2102 923 2147 ipsam
950 2101 1074 2135 urbem
1100 2100 1355 2146 ingrederetur.
1378 2101 1442 2136 sed
1465 2108 1620 2150 utroque

189 2149 341 2183 consilio
381 2149 567 2182 frustratus
604 2148 809 2193 turpissime
846 2148 974 2193 pedem
1000 2149 1143 2189 retulit,
1168 2149 1266 2193 quod
1290 2149 1423 2183 milites
1452 2152 1590 2184 eminus
1607 2177 1619 2191 ,

189 2208 235 2230 ne
260 2196 397 2240 galeam
434 2195 581 2240 quidem
617 2195 787 2228 hostilem
821 2195 954 2228 intueri
980 2196 1083 2236 ausi,
1107 2196 1214 2239 tergis
1240 2195 1398 2229 obversis
1425 2199 1535 2231 effuse
1563 2197 1621 2230 su-

190 2243 347 2288 giebant‚
371 2243 409 2275 in
433 2253 475 2275 eo
493 2241 669 2275 duntaxat
691 2242 841 2274 caeteris
854 2242 1088 2286 popularibus
1113 2242 1185 2275 suis
1203 2244 1494 2287 praestantiores,
1520 2243 1621 2289 quod

188 2300 264 2322 non
290 2299 428 2334 semper
452 2289 570 2332 ignavi
593 2287 826 2329 desederant,
852 2287 916 2320 sed
937 2287 1082 2333 ,hostes,
1111 2299 1202 2333 quos
1225 2290 1466 2333 speculatores
1494 2290 1620 2323 adesse

190 2336 418 2376 nuntiarant,
443 2346 561 2368 coram
588 2339 821 2379 aspexerant,
848 2339 886 2368 et
906 2345 944 2367 re
969 2335 1046 2379 ipsa
1063 2335 1236 2379 impetum
1263 2347 1386 2368 eorum
1414 2343 1619 2381 cognorant.

193 2387 295 2426 capta
332 2382 588 2415 Thessalonica
620 2386 657 2414 et
679 2381 801 2414 Siculo
837 2381 996 2414 exercitu
1028 2381 1142 2415 diviso
1178 2387 1219 2415 ut
1245 2381 1379 2415 dictum
1404 2389 1479 2424 est,
1512 2395 1620 2428 quem

193 2428 257 2460 alii
279 2429 377 2473 prius
402 2429 514 2461 instar
546 2427 756 2461 Chimaerae
791 2428 1022 2461 coniunctum
1039 2453 1050 2469 ,
1087 2434 1164 2461 tum
1191 2435 1394 2473 separatum
1422 2440 1499 2463 esse
1523 2430 1623 2463 dice—

194 2479 291 2515 rent,
318 2475 509 2508 fortissima
533 2474 610 2507 eius
633 2485 713 2519 pars
737 2479 907 2519 tanquam
932 2475 991 2507 leo
1024 2479 1119 2508 recta
1142 2474 1189 2507 ad
1213 2475 1337 2509 urbem
1361 2477 1623 2521 imperatricem

194 2520 457 2561 contendebat,
481 2521 600 2554 media
623 2521 812 2555 Serranum
838 2526 875 2554 et
900 2521 1235 2566 Amphipolitanum
1259 2533 1380 2566 agrum
1405 2523 1624 2567 pervagaba-

193 2571 275 2607 tur3
299 2572 495 2610 postrema,
520 2568 642 2601 classis
678 2567 868 2608 videlicet,
905 2578 998 2612 quae
1022 2568 1060 2600 in
1086 2567 1232 2601 modum
1256 2570 1434 2614 serpentis
1457 2570 1495 2601 in
1520 2569 1623 2612 aquis

193 2612 364 2651 volvitur,
402 2614 601 2658 principem
633 2613 889 2647 Thessalorum
924 2614 1050 2647 urbem
1085 2614 1325 2649 custodiebat.
1350 2627 1472 2649 verum
1495 2616 1625 2647 Roma-

193 2659 270 2698 nis,
299 2659 458 2702 quamvis
500 2661 682 2694 coniuncti
707 2660 835 2694 iisdem
872 2661 1042 2705 auspiciis
1075 2662 1295 2703 militarent,
1329 2673 1377 2695 ne
1403 2662 1454 2694 sic
1477 2660 1625 2705 quidem

194 2716 274 2737 cum
298 2715 370 2737 una
393 2710 494 2748 parte
519 2706 688 2740 dimicare
714 2707 832 2748 ausis,
866 2706 986 2741 hostes
1012 2707 1076 2752 qui
1104 2708 1369 2752 Mosynopolim
1396 2712 1624 2751 occuparant,

195 2762 274 2786 cum
299 2750 441 2785 nullum
465 2751 605 2787 hostem
626 2752 811 2796 viderent,
835 2753 976 2799 longius
1004 2753 1172 2800 progredi
1196 2759 1409 2789 statuerunt.
1474 2753 1623 2788 Romani
