1838 3210
535 159 836 237 *ioniam-”Es
891 157 1192 226 commus.
1545 183 1563 217 1
1577 163 1609 220 3

173 286 359 341 πάροδον
383 300 427 326 τε
473 283 545 324 καί
583 280 725 333 ἔξοδον
759 282 883 336 (ἶνῆκε
911 286 969 340 τῷ
1013 285 1250 340 βουλομένῳ
1276 287 1427 335 παντί,
1457 282 1540 324 τῶν
1567 295 1612 323 τε

172 354 322 392 κοινῶν
348 347 605 405 πραγμάτων
631 347 837 402 ἐφήπτετο
872 346 1064 403 καθάπερ
1091 346 1256 405 ᾗρεΐτο,
1286 347 1345 397 ὥς
1370 343 1454 403 ἤδη
1482 348 1528 390 ἐν
1554 347 1613 403 τῷ

176 415 366 471 ἀσφαλεῖ·
392 409 616 469 καθεστώς.
689 409 796 452 ἄλλα
824 413 899 453 καί
922 418 1008 462 τοῖς
1035 412 1080 455 ἐκ
1098 416 1245 467 γένους
1270 414 1344 455 καί
1369 411 1612 462 οἰκειώσεως

176 480 291 538 αὐτῷ
330 478 641 535 προσεγγίζουσι
681 475 788 518 κατὰ
817 475 863 518 τὸ
909 476 1110 531 α’νάλογον
1145 479 1289 527 αὐτοῖς
1319 478 1615 533 προσφερόμεέ

139 551 243 594 5νος
290 545 516 599 ἅρμοδίους
557 539 718 600 ἑκάστῳ
750 542 929 594 ἀπένεμε
956 544 1080 595 τιμάς
1099 576 1111 596 ,
1153 546 1212 601 τῷ
1240 559 1286 598 γε
1314 543 1398 599 μὴν
1425 542 1614 600 Ἰσαακίῳ

174 612 233 668 τῷ
262 609 488 665 κασιγνήτῳ
506 606 792 662 προστετηκὼς
818 608 1019 662 συμφυὴς
1053 610 1126 650 καί
1152 606 1363 661 ὄμόπνους
1389 608 1617 660 ἐδείκνυτο,

173 679 248 718 καί
274 676 331 724 ὥς
360 676 549 730 φιλοῦντι
575 675 652 726 μὲν
680 671 787 726 ὑπὲρ
826 669 1028 724 ἅπαντας,
1058 671 1240 726 μάλιστα
1270 675 1311 716 δ’
1338 673 1396 723 ὥς
1427 672 1480 716 τὰ
1510 670 1616 716 πάν·-

174 758 228 784 τα
253 737 283 798 ἢ
318 739 369 783 τά
414 739 541 781 πλείω
581 739 854 792 εἷσενὲγκαντι
880 737 986 794 πρὸς
1022 737 1100 793 τὴν
1128 739 1322 793 ἑπιβασιν
1349 740 1426 794 τῆς
1453 736 1611 795 ἀρχῆς·
1627 741 1695 786 P·7

173 810 320 854 τοῦτον
344 805 425 861 γάρ
453 804 762 858 καθισταμένης
795 800 857 845 ἔτι
883 806 959 858 τῆς
987 803 1206 856 βασιλείας
1233 804 1444 858 καθέδρας
1471 820 1517 846 τε
1545 807 1620 847 καί

119 873 383 928 ιοτραπὲζης
410 873 454 922 ἐξ
490 869 585 911 ἴσον
614 867 808 910 κοινωνὸν
847 869 1167 923 παρελάμβανε,
1198 870 1271 910 καί
1292 870 1516 922 μετεδίδου
1543 871 1619 924 τῆς

176 935 473 994 ἀναρρήσεως,
502 932 626 976 ὁποία
661 932 892 989 ἕπιπρεπῆς
908 935 964 989 τῷ
991 936 1069 975 τοῦ
1088 932 1466 989 σεβαστοκράτορος
1490 932 1619 986 α’ξιώ-

175 1019 302 1058 ματι,
345 996 381 1061 ᾧ
419 999 524 1056 πρὸς
570 1001 648 1041 τοῦ
673 998 829 1052 πατρὸς
864 998 1050 1048 Ἀλεξίοὺ
1078 1001 1263 1054 τετίμητο
1302 997 1518 1049 Ἰσαάκιος.
1546 998 1622 1042 καὶ

177 1065 428 1126 φροντιστὰς
454 1067 500 1107 δὲ
531 1066 613 1107 τῶν
639 1065 851 1118 δημοσίων
878 1062 1133 1118 πραγμάτων
1162 1062 1445 1120 προυβάλλετο
1471 1066 1518 1107 ἐκ
1544 1066 1618 1106 τοῦ
1628 1067 1703 1102 V.6

178 1136 276 1175 καθ’
306 1128 412 1186 αἷμά
440 1129 479 1172 οἱ
505 1126 858 1185 προσεγγιζόντων
885 1126 957 1170 τὸν
983 1128 1204 1184 Κομνηνόν
1227 1127 1437 1184 Ἰωάννην,
1472 1127 1521 1171 ὃν
1548 1131 1622 1172 καί

121 1201 236 1257 ιὸτῷ
266 1199 341 1240 τοῦ
367 1195 743 1252 παρακοιμωμένου
771 1195 982 1248 τετίμηκεν
1008 1193 1238 1247 ἀξιώματι,
1272 1197 1345 1236 καί
1369 1193 1439 1237 τὸν
1470 1198 1621 1250 Ταρω-

178 1266 292 1319 νίτην
335 1265 377 1306 Γ
373 1261 566 1318 ρηγόριον
609 1256 708 1301 ὄντα
747 1259 1143 1314 πρωτοβεστιάριον.
1200 1260 1291 1302 ἀλλ’
1317 1259 1340 1301 ὅ
1370 1261 1450 1313 μὲν
1472 1256 1539 1302 ὅτι
1562 1259 1620 1315 μὴ

179 1332 237 1386 τῷ
265 1327 450 1385 δακτύλῳ
491 1325 537 1368 ‘cd
581 1327 665 1368 πᾶν
710 1325 968 1378 διεπὲπευε,
994 1324 1183 1381 σοβαρὰν
1212 1325 1456 1381 προφαίνων
1483 1324 1625 1382 ὄφρύν

178 1397 253 1437 καί
279 1392 604 1451 φρονηματώδης
629 1388 686 1441 ὥς
713 1386 763 1432 οὔ
789 1406 853 1439 τις
880 1385 1004 1441 ἄλλος
1028 1388 1292 1443 δεικνύμενος
1310 1422 1324 1444 ,
1351 1390 1424 1433 τὸν
1451 1402 1660 1447 φροντι-Β

179 1458 277 1516 στῆν
303 1461 385 1502 τῶν
415 1460 562 1501 κοινῶν
590 1458 898 1513 ἀπεφορτίσατο
930 1454 1102 1510 τάχιον·
1163 1455 1186 1497 ὃ
1214 1457 1261 1498 δὲ
1289 1458 1330 1499 Γ
1327 1455 1521 1512 ρηγόριος
1547 1459 1624 1511 τῆς

119 1546 170 1573 20
181 1527 452 1580 προκειμένης
490 1523 713 1578 ἐχόμενος,
752 1523 860 1577 μηδὲ
905 1520 1046 1577 μακροὶ
1090 1520 1214 1575 βιβάς
1257 1518 1286 1577 ἢ
1312 1523 1410 1576 γοῦν
1435 1523 1626 1564 ἐκτείνων

179 1590 313 1640 πόδας
340 1591 679 1645 ὑπερβαθμιόυς,
718 1589 1006 1642 μονιμωτέρας
1033 1586 1178 1641 ἰσχύος
1206 1590 1438 1642 μετείληχε.
1494 1603 1625 1642 παρε-

182 1655 342 1712 ζεύχθη
387 1657 428 1697 δ’
471 1656 515 1704 ἐς
553 1651 726 1708 ὕστερον
750 1654 910 1695 τουτωῒ
935 1655 1012 1694 καί
1036 1668 1099 1702 τις
1128 1654 1170 1694 Γ
1167 1651 1360 1707 ρηγόριος
1388 1655 1525 1708 ἕτερος
1548 1684 1560 1706 ,
1589 1646 1624 1710 ᾧ

182 1719 446 1777 Καματηρὸς
473 1720 500 1775 ἦ
526 1721 751 1774 ἐπίκλησις.
808 1715 830 1759 ὃ
863 1719 899 1759 δ’
929 1715 1035 1773 α’νὴρ
1066 1712 1188 1767 οὗτος
1217 1715 1432 1772 ἐλλόγιμος
1459 1719 1549 1771 μέν,
1577 1718 1622 1760 τὸ

184 1789 232 1829 δὲ
259 1789 375 1842 γένος
417 1787 490 1828 οὐκ
534 1782 744 1839 εὐπρεπὴς
772 1782 864 1824 οὐδ’
893 1783 1045 1825 ἐπίπαν
1074 1780 1342 1838 εὐπάρυφος,
1372 1785 1431 1840 τῷ
1458 1786 1631 1837 βασιλεῖ’

121 1857 173 1900 25
186 1854 232 1896 δὲ
259 1852 546 1909 προσληφθείς
568 1850 740 1907 Ἀλεξίῳ
768 1847 839 1890 καί
866 1854 950 1896 τοῖς
976 1848 1472 1902 ὖπογραμματευομένοις
1497 1864 1626 1892 κατα-

291 1957 322 1991 5.
349 1954 416 1995 τὰς
440 1952 554 2002 τιμὰς
578 1955 617 1988 Α.
712 1954 746 1988 8.
771 1952 1030 1998 εἰσενεγκόντι
1051 1953 1091 1986 Α.

186 2068 341 2102 liberum
367 2066 476 2107 fecit,
502 2070 539 2099 et
561 2076 634 2099 rem
660 2063 843 2109 publicam
867 2075 931 2097 suo
960 2063 1136 2097 arbitratu
1163 2061 1414 2096 administrare
1438 2063 1559 2108 coepit
1586 2069 1629 2097 ut

188 2115 294 2148 rebus
317 2115 389 2147 iam
418 2113 455 2146 in
478 2118 559 2146 tuto
599 2111 797 2145 collocatis.
830 2112 989 2156 cognatis
1025 2116 1062 2143 et
1096 2109 1333 2150 familiaribus
1360 2120 1425 2155 pro
1450 2109 1629 2154 dignitate

188 2163 362 2206 cuiusque
385 2161 558 2193 honorem
584 2158 919 2199 habuit‚lsaacium
946 2158 1091 2190 fratrem
1120 2162 1221 2190 tanto
1247 2167 1366 2189 amore
1385 2167 1628 2201 prosequens,

188 2214 229 2242 ut
254 2219 275 2240 a
298 2209 410 2240 latere
434 2207 510 2239 eius
546 2216 730 2250 nunquam
756 2204 940 2237 discedere
967 2204 1167 2248 eodemque
1191 2204 1319 2248 spiritu
1346 2204 1399 2236 uti
1422 2203 1628 2244 videretur,

187 2259 264 2289 tum
290 2254 388 2300 quod
416 2254 460 2286 ab
485 2264 528 2286 eo
561 2262 785 2297 summopere
812 2250 1032 2296 diligebatur
1051 2276 1060 2291 ‚
1086 2256 1162 2284 tum
1187 2249 1286 2294 quod
1311 2250 1388 2283 eius
1412 2251 1538 2292 unius,
1565 2255 1629 2284 aut

188 2307 285 2335 certe
321 2301 515 2346 praecipuo
548 2298 692 2340 studio,
726 2309 873 2342 regnum
904 2302 1106 2342 occuparat.
1141 2297 1241 2330 cuius
1274 2296 1380 2329 initio
1405 2297 1532 2330 statim
1550 2297 1629 2341 pari

189 2349 279 2382 sella
304 2347 502 2392 eademque
526 2357 668 2386 mensa,
698 2350 735 2378 et
751 2356 793 2377 ea
818 2345 1101 2389 proclamatione
1127 2354 1207 2376 eum
1235 2342 1400 2387 dignatus
1429 2348 1483 2376 est
1510 2344 1630 2388 qualis

189 2394 482 2428 sebastocratoris
509 2393 681 2425 honorem
702 2391 870 2432 decebat,
899 2402 1006 2436 quem
1031 2402 1051 2423 a
1077 2395 1178 2434 patre
1199 2389 1325 2422 Alexio
1349 2390 1505 2422 Isaacius
1530 2401 1631 2422 acce-

167 2447 301 2486 rperat.
338 2441 391 2473 rei
429 2439 598 2484 publicae
638 2450 757 2471 curam
799 2438 958 2482 cognatis
997 2436 1210 2477 mandabat,
1235 2437 1389 2468 Iohanni
1417 2436 1630 2477 Comneno,

191 2499 298 2532 quem
323 2487 564 2520 accubitorem
591 2485 699 2529 legit,
728 2490 764 2517 et
780 2484 954 2528 Gregorio
970 2484 1166 2517 Taronitae
1192 2483 1480 2527 protovestiario.
1507 2494 1631 2516 verum

191 2535 306 2574 alter,
331 2533 429 2578 quod
465 2532 697 2565 intolerabile
731 2531 963 2576 supercilium
1004 2527 1214 2569 attollebat,
1242 2529 1312 2562 nisi
1336 2529 1451 2573 digito
1474 2534 1631 2563 verteret

193 2581 333 2621 omnia,
363 2586 399 2612 et
425 2579 565 2623 -insigni
592 2578 793 2622 arrogantia
823 2578 1007 2622 praeditus
1033 2583 1131 2615 erat,
1158 2578 1229 2610 cito
1255 2587 1275 2608 a
1300 2576 1353 2608 rei
1373 2575 1542 2620 publicae
1565 2587 1631 2620 gu-

192 2626 396 2660 bernaculis
422 2632 477 2659 est
499 2631 656 2658 amotus:
686 2625 877 2668 Gregorius
902 2635 986 2656 vero
1013 2624 1168 2667 negotiis
1195 2622 1360 2666 gerendis
1382 2623 1568 2662 intentus,
1594 2627 1632 2656 et

194 2673 290 2706 intra
311 2673 468 2706 muneris
497 2673 551 2705 sui
575 2672 708 2705 limites
732 2671 894 2704 modeste
919 2681 955 2703 se
981 2671 1180 2712 continens,
1205 2674 1385 2714 potestate
1403 2669 1630 2702 diuturniore

195 2730 280 2751 usus
320 2725 383 2752 est.
414 2719 499 2752 huic
537 2724 662 2764 postea
689 2718 825 2762 collega
860 2717 963 2750 datus
993 2723 1047 2751 est
1072 2718 1164 2750 alter
1185 2717 1400 2760 Gregorius,
1424 2715 1631 2748 camaterus

196 2770 456 2810 cognomento,
491 2765 738 2810 viregregius
770 2764 833 2798 ille
865 2763 1033 2810 quidem,
1066 2763 1130 2798 sed
1167 2762 1319 2796 obscuro
1347 2767 1455 2808 atque
1478 2762 1631 2807 ignobili
