1878 3230
320 142 430 215 574
739 157 967 199 mem-An
1007 157 1314 202 cnomA‘rAss

279 256 504 313 Βοῖμφιιών
532 257 708 303 κύκλους
732 258 804 311 τῆς
829 252 991 312 ἀρετῆς,
1019 258 1108 298 ἀλλ’
1129 257 1187 305 ὥς
1213 259 1436 312 α’ποκαμών
1464 261 1739 319 ὑπεχαλάσθη

315 325 392 363 τοῦ
417 321 611 363 συντόνου
643 322 714 376 τῆς
740 320 874 377 ὄρμῆς
901 325 974 364 καί
1004 324 1076 376 τῆς
1108 324 1321 378 ἕπαινετῆς
1359 324 1417 373 εἰς
1444 323 1553 368 ἅπαν
1583 330 1741 378 ἐξένευ-

313 390 441 441 ρίσθη
473 388 721 440 προθέσεως.
779 387 927 428 οὐκοῦν
953 391 1119 435 πολλοῖς
1145 387 1195 428 τὰ
1227 389 1381 441 χαλινοὶ
1419 393 1490 432 καί
1514 391 1592 439 τὰς
1624 393 1741 448 ἡνίας

312 449 552 501 ὑπαλλάξας
578 454 652 506 τῆς
679 454 758 493 τῶν
785 454 930 494 κοινῶν
962 450 1225 507 διοικήσεως,
1253 452 1309 501 ὥς
1335 453 1449 509 εἴπερ
1479 454 1607 505 αὐτὸς
1635 457 1739 499 ἄπο-

310 514 488 571 πεφόκει
516 515 620 571 πρὸς
647 518 880 558 σπουδαίαν
908 517 1044 570 ἀρχῆς
1075 517 1297 571 διοίκησιν,
1334 521 1449 567 τέλος
1477 523 1618 575 φέρων
1651 522 1774 565 &vc-5

308 581 470 635 χείρισε
501 580 577 635 τήν
608 582 764 622 τούτων
793 580 1046 637 διεξαγωγὴν
1075 583 1147 623 καί
1172 584 1418 638 κυβέρνησιν
1438 586 1496 642 τῷ
1522 584 1622 640 πρὸς
1657 602 1738 640 μη-

307 643 403 700 τρός
429 644 532 702 θείῳ
563 644 767 703 Θεοδώρῳ
796 648 854 703 τῷ
876 648 1183 702 Κασταμονίτῃ.
1239 642 1291 701 ἦν
1319 649 1360 688 δ’
1377 644 1499 698 οὗτος
1521 651 1618 705 περὶ
1633 666 1739 706 πρα·

306 709 477 763 γμάτων
504 712 742 765 ἐγχείρησιν
774 713 847 752 καί
874 709 1053 763 μάλιστα
1079 713 1177 766 περὶ
1201 710 1275 760 τὰς
1293 714 1493 767 δημοσίας
1519 730 1741 771 συνεισφο-

307 773 386 829 ρὰς
414 772 659 826 δεξιώτατος
685 777 756 817 καί
780 774 912 830 λόγων
939 779 1187 832 σοφωτέρων
1213 778 1411 831 μέτοχος,
1440 778 1589 821 ὂνκαί
1621 784 1740 834 λογο-

306 841 434 894 θέτην
457 841 540 882 τιὸ-ν
566 843 769 896 σεκρέτων
800 840 1107 894 προβαλόμενος
1137 836 1257 895 ἤγετο
1285 842 1355 883 ὑπ’
1385 843 1522 884 αὐτοῦ’
1555 846 1630 886 καί
1661 860 1736 898 με-
1755 859 1804 890 10

306 905 449 959 τήγετο
480 904 667 960 καθάπερ
697 904 1040 959 βασιλευόμενος,
1070 903 1169 948 ὅθεν
1197 905 1254 954 ὥς
1282 900 1335 948 ἄν
1361 923 1422 956 τις
1460 910 1504 950 ἐν
1533 908 1738 964 ὑπηρέτου

265 973 430 1029 Εμοίρα
461 970 719 1025 καθήμενος,
750 973 832 1012 πᾶν
871 967 972 1026 ὅπερ
1006 969 1080 1012 ὑπ’
1122 973 1253 1013 αὐτοῦ
1281 972 1512 1015 §nerninem
1545 975 1739 1030 διεπράτ-

305 1050 396 1077 τετο
424 1034 574 1089 σχεδὸν
596 1037 730 1091 ,μηδὲν
759 1037 996 1091 διακρίνων.
1053 1039 1187 1078 νοσαῖν
1216 1039 1262 1078 δὲ
1293 1038 1343 1079 τὰ
1373 1033 1516 1094 ἄρθρα
1544 1041 1626 1081 ταῖν
1662 1055 1738 1081 πο-

304 1101 389 1142 δῶν
417 1100 439 1141 ὃ
470 1103 792 1156 Κασταμονίτης
821 1101 1010 1157 φοράδην
1038 1099 1088 1143 τά
1117 1100 1248 1144 πολλοὶ
1277 1101 1381 1157 πρὸς
1409 1103 1483 1145 τὸν
1508 1106 1739 1159 κρατοῦντα

304 1167 514 1220 εἰσήγετο,
545 1166 626 1207 ὑπὸ
662 1167 780 1208 δυοῖν
812 1168 976 1222 φορέων
1004 1164 1217 1221 αἰρόμενος
1248 1166 1318 1209 διὰ
1347 1167 1571 1221 σκίμποδος
1606 1169 1663 1219 ὥς
1698 1168 1737 1212 οἱ
1754 1167 1804 1209 15

301 1231 384 1271 τῶν
412 1227 533 1271 οἴνων
559 1230 780 1287 α’μφορεῖς·
839 1233 913 1272 καί
937 1233 1171 1283 συνομιλῶν
1197 1234 1369 1283 βασιλεῖ
1391 1233 1443 1273 τοὶ
1482 1230 1736 1289 πρόσφορα,

302 1289 331 1348 ἢ
354 1295 512 1346 μᾶλλον
539 1295 784 1351 καπηλεύων
808 1295 861 1337 τὰ
885 1293 1101 1348 Ῥωμαίων
1122 1296 1347 1350 πράγματα
1374 1297 1446 1338 καί
1471 1297 1613 1351 ὄλίγου
1633 1298 1739 1340 α’πο-

303 1359 449 1408 διδοὺς
482 1355 609 1410 αὖθις
637 1359 814 1414 ἐξήγετο.
874 1359 913 1402 οἱ
937 1362 985 1402 δέ
1009 1376 1056 1414 γε
1095 1360 1190 1402 λαοὶ
1219 1363 1292 1402 καί
1327 1360 1374 1402 τὸ
1412 1362 1486 1416 τῆς
1530 1366 1737 1413 πολιτείας

305 1424 534 1479 γερούσιον,
562 1426 635 1466 καί
658 1421 742 1467 ὅσοι
770 1427 827 1484 τῷ
850 1428 1021 1479 βασιλεῖ
1043 1427 1136 1466 καθ’
1156 1420 1260 1478 αἷμα
1283 1424 1546 1482 συνήπτοντο,
1575 1428 1736 1471 εἵποντο

305 1489 444 1546 ἐκείνῳ
473 1490 546 1531 καί
571 1493 876 1544 προπέμποντες
906 1490 1104 1533 έκύκλουν
1143 1488 1216 1531 τόν
1254 1490 1507 1546 νεκροφόρον
1544 1487 1738 1549 ἄντικρυς
1749 1505 1802 1534 20

306 1550 504 1596 ὀκλαδίαν
513 1587 526 1607 ,
554 1554 631 1604 τὰς
655 1554 808 1605 οἰκείας
831 1554 987 1609 τίχας,
1014 1555 1090 1597 οὐκ
1117 1557 1269 1597 ἐκεῖνον
1298 1557 1627 1609 α’ποκλαιόμενοι.
1684 1557 1736 1600 οὗ

303 1617 384 1674 γάρ
414 1614 466 1673 ἦν
493 1635 534 1662 τι
561 1621 643 1662 τῶν
668 1619 892 1674 γινομένων
921 1614 1021 1662 ἄνευ
1049 1621 1205 1662 ἐκείνου
1235 1621 1611 1675 διαπραττόμενον,
1644 1624 1738 1664 ἀλλ’

306 1685 405 1727 οὐδέ
430 1701 491 1735 τις
518 1689 600 1728 τῶν
627 1687 671 1728 έν
696 1684 928 1740 ὑπεροχαῖς
956 1690 1206 1738 συμμετεῖχε
1233 1686 1293 1742 τῷ
1322 1687 1622 1744 Κασταμονίτῃ
1663 1705 1735 1730 κα-

262 1751 492 1805 υθέδρας,
524 1749 632 1793 α’λλιὶ
662 1752 914 1806 παρίσταντο
942 1749 1085 1799 πάντες
1116 1751 1395 1804 δουλοπρεπεῖ
1423 1749 1615 1806 σχήματι.
1665 1755 1737 1795 καὶ

399 1866 430 1899 3.
456 1866 606 1901 πολλῶν
630 1866 669 1900 Δ.
785 1868 816 1901 6.
847 1867 984 1900 τούτου
1008 1866 1048 1899 Α.
1190 1867 1221 1900 8.
1247 1858 1290 1899 τὰ
1317 1865 1480 1911 δημόσια
1505 1866 1735 1913 εἰσοδῆματα

401 1913 437 1945 Β.
559 1913 608 1948 ι3.
635 1911 773 1959 νοσῶν]
800 1910 992 1957 ποδαλγὸς
1016 1911 1056 1945 δὲ
1074 1907 1126 1945 ὦν
1149 1911 1185 1944 Β.
1297 1922 1346 1956 ¹7·
1368 1910 1428 1957 τὰ]
1453 1913 1516 1945 καὶ
1538 1914 1735 1949 naamam

399 1955 442 1992 ιᾰ
470 1959 505 1992 Β.
604 1970 654 2004 ¹9·
674 1957 892 2005 γερούσιον]
918 1957 1144 2003 περιούσιον
1166 1958 1206 1992 Α.
1301 1968 1354 1992 22.
1376 1956 1667 2004 διαταττόμενον
1691 1962 1731 1996 Α.

308 2064 408 2102 gatus
433 2065 470 2092 et
494 2065 679 2093 enervatus
705 2060 749 2092 de
774 2060 1006 2093 contentione
1029 2059 1171 2092 honesti
1190 2059 1346 2091 instituti
1369 2058 1561 2103 plurimum
1586 2061 1732 2101 remisit,

308 2117 442 2138 summa
471 2117 587 2138 rerum
620 2106 813 2139 Theodoro
841 2106 1108 2140 Castamonitae
1146 2105 1321 2138 avunculo
1360 2104 1517 2149 denique
1554 2106 1730 2139 mandata.

309 2156 385 2184 erat
418 2152 446 2183 is
471 2151 576 2185 homo
610 2152 716 2185 rebus
752 2152 940 2196 gerendis,
977 2152 1185 2196 praesertim
1225 2150 1459 2194 vectigalibus
1496 2151 1730 2195 recipiendis,

306 2198 511 2241 aptissimus
537 2203 573 2231 et
595 2199 706 2242 probe
736 2198 908 2231 eruditus.
933 2209 1042 2242 quare
1068 2197 1299 2241 Logothetam
1326 2202 1539 2229 secretorum
1563 2208 1643 2230 eum
1668 2198 1732 2231 de-

304 2245 483 2287 signarat,
508 2249 544 2276 et
564 2244 662 2277 illius
685 2244 857 2277 arbitratu
885 2245 954 2276 huc
981 2249 1090 2289 atque
1119 2244 1206 2276 illuc
1233 2244 1345 2275 instar
1369 2243 1538 2287 mancipii
1562 2243 1732 2277 traheba—

304 2295 386 2329 tur,
413 2295 449 2322 et
472 2290 646 2334 quicquid
675 2291 737 2322 ille
764 2291 873 2323 vellet
896 2291 1044 2333 agebat,
1070 2299 1243 2334 nusquam
1273 2289 1346 2321 fere
1370 2288 1503 2321 iudicio
1531 2301 1594 2322 suo
1619 2290 1731 2323 inter-

305 2336 436 2380 posito.
471 2335 535 2368 sed
571 2338 655 2381 quia
691 2336 814 2369 morbo
852 2337 1033 2370 articulari
1071 2335 1260 2368 laborabat
1284 2335 1564 2375 Castamonites‚
1604 2335 1731 2369 lectica

305 2382 506 2426 plerunque
531 2393 551 2414 a
579 2382 718 2415 duobus
746 2383 897 2423 baindis,
926 2388 966 2415 ut
986 2383 1062 2416 vini
1087 2382 1276 2425 amphorae
1301 2381 1440 2420 solent,
1467 2381 1511 2413 ad
1538 2382 1731 2426 imperato-

306 2440 381 2460 rem
406 2428 605 2470 serebatur3
631 2440 709 2461 cum
735 2440 804 2473 quo
832 2440 872 2461 ea
899 2439 989 2472 quae
1016 2439 1069 2460 res
1093 2427 1325 2472 postulabant
1351 2427 1547 2460 collocutus
1563 2454 1571 2468 ‚
1601 2440 1640 2461 ac
1664 2440 1729 2474 po-

306 2477 379 2508 tius
408 2476 579 2507 Romanas
604 2486 658 2507 res
691 2476 815 2518 exiguo
850 2475 966 2518 pretio
995 2479 1236 2518 cauponatus,
1276 2485 1393 2506 rursus
1427 2474 1639 2507 efferebatur
1674 2486 1730 2507 se-

306 2527 442 2565 quente
465 2521 624 2565 populo,
659 2521 864 2565 proceribus
903 2521 988 2553 item
1016 2526 1051 2552 et
1077 2520 1232 2564 cognatis
1267 2520 1488 2565 imperatoris
1524 2520 1729 2564 pheretrum

309 2567 402 2599 illud
423 2567 697 2607 comitantibus,
735 2573 770 2599 et
801 2579 872 2599 non
903 2567 1005 2598 illum
1039 2565 1101 2598 sed
1137 2567 1294 2598 fortunas
1333 2577 1411 2599 suas
1448 2566 1728 2610 deplorantibus.

308 2613 402 2646 nihil
432 2614 524 2646 enim
551 2614 627 2646 sine
659 2613 722 2645 illo
748 2612 1051 2651 constituebatur,
1087 2612 1205 2656 neque
1229 2613 1418 2656 quisquam
1441 2624 1483 2644 ex
1508 2612 1728 2657 principibus

310 2661 572 2695 Castamonitae
597 2659 793 2699 assidebat,
831 2658 893 2691 sed
925 2669 1044 2691 onmes
1081 2659 1199 2691 servili
1235 2665 1334 2701 gestu
1371 2659 1545 2692 astabant.
1583 2670 1640 2694 eas
1674 2670 1728 2691 res

309 2707 500 2751 imperator
522 2718 594 2741 non
618 2717 718 2749 aegre
746 2705 893 2748 ἴοι-εἰκῆ,
918 2716 993 2746 nee,
1019 2716 1096 2738 cum
1121 2716 1217 2738 suam
1243 2706 1388 2748 gloriam
1413 2705 1456 2738 ad
1481 2705 1588 2750 alium
1614 2710 1729 2739 trans·
