1878 3230
266 171 340 212 ne
375 172 572 215 Ammo
613 174 808 218 isAAcn
851 176 1049 219 Auem
1089 176 1174 219 fa.
1200 178 1300 219 Lm.
1327 180 1398 219 ιιι.
1464 159 1569 232 691

136 284 232 323 που,
262 272 455 326 ἐπαγωγὰ
489 275 536 315 δὲ
563 275 725 326 μᾶλλον
752 274 825 317 καί
851 270 990 325 ἄλλως
1017 276 1234 331 χαρίεντα,
1264 278 1305 318 εἷ
1328 278 1402 319 καί
1428 280 1588 333 ξυνέβη-

136 339 249 392 σφᾶς
277 337 477 388 πολλάκις
512 341 600 382 κατ’
639 339 829 394 ἀλλήλων
869 343 1093 395 ἐξενεγκεῖν
1131 341 1333 396 πόλεμον,
1378 346 1472 386 ἐπεὶ
1508 346 1583 385 καί

138 405 338 459 φιλοῦσιν
366 398 585 459 ἅνθρωποι
610 403 670 460 μὴ
698 404 828 457 μόνον
853 405 900 448 τό
930 409 1123 460 συγγενὲς
1149 408 1223 449 καί
1249 407 1465 465 ὁμόφυλον
1498 407 1582 451 πά-

136 483 241 522 σχον
267 471 404 518 κακῶς
429 468 534 511 ἀλλά
566 486 655 519 πως
684 471 758 511 καί
790 469 835 512 τὸ
865 469 1145 525 ἆλλόγλωττον
1175 474 1224 514 οὖ
1254 476 1387 530 φανὲν
1426 472 1582 516 πολλά-

100 537 202 583 5κις
227 537 425 587 πολέμιον
453 534 629 590 προσιὸν
655 537 728 576 καί
763 541 1022 589 προσπῖπτον
1061 541 1380 593 φιλανθρωπίας
1415 543 1582 591 καταξι-

141 602 240 641 miv·
296 598 349 641 τὰ
379 601 427 641 δέ
453 615 499 653 γε
525 602 600 653 τῆς
640 598 804 655 ἀμύνης
842 600 916 643 καί
940 603 1012 655 τῆς
1040 607 1280 659 καταγωγῆς
1305 606 1347 653 ἐς
1374 603 1451 659 τήν
1477 621 1583 661 προ-

135 667 260 720 τέραν
289 663 513 720 ἡγεμονίαν
540 664 776 719 ὁλοσχερῶς
814 662 835 705 ὅ
866 663 1090 721 Λεβοόνης
1128 669 1355 723 ἀπείπατο,
1379 670 1584 726 Ῥουκρα-

135 731 232 789 τίνῳ
260 731 517 774 σπείσασθαι
547 728 736 786 φάσκων,
768 731 843 773 καί
866 733 976 786 μηδὲ
1006 731 1083 787 τὴν
1108 733 1313 788 σύναρσιν
1340 736 1454 789 ἔχειν
1479 736 1622 791 ὃρᾶνΒ

136 798 408 849 α’ναίμακτον.
467 793 539 838 διὰ
566 796 705 838 ταῦτα
726 799 868 839 τοίνυν
894 799 937 847 ἐς
955 800 1133 851 βασιλέα
1154 800 1428 856 Καϊχοσρόης
1452 818 1584 855 μετα-

74 878 124 904 10
136 860 348 917 κεχώρηκε
375 859 532 915 πάλιν,
572 859 874 917 συλλήψεσθαί
895 862 934 905 οἱ
963 861 1068 918 πρὸς
1106 863 1184 918 τήν
1232 866 1468 922 οἶνάρρυσιν
1510 870 1585 922 τῆς

135 928 274 983 ἀρχῆς
302 925 575 981 ὁπωσδήποτε
605 926 937 982 φανταζόμενος.
993 931 1077 971 ταῖν
1110 930 1156 971 δὲ
1183 930 1287 972 κατὰ
1321 931 1474 974 σκοπὸν
1504 928 1584 974 αὖ·

132 995 205 1042 θις
253 991 501 1047 διαμαρτών
530 992 757 1045 Ῥωμαίοις
795 996 955 1049 συνῆν,
1002 992 1063 1050 μὴ
1101 994 1214 1037 πάνυ
1253 996 1584 1052 μεταλαγχάνων

132 1060 363 1117 θεραπείας
388 1060 444 1115 τῷ
471 1060 582 1112 γένει
608 1056 856 1107 ἐπεοικυιάς.

244 1125 286 1166 5.
349 1125 415 1181 Τῷ
445 1124 485 1164 δ’
506 1125 656 1179 ἐφεξῆς
683 1121 766 1165 ἔτει
793 1122 898 1177 μετὰ
935 1122 1149 1177 Κομάνων
1185 1122 1312 1168 πάλιν
1350 1125 1582 1179 ἐπεξιόντες

74 1189 121 1231 15
135 1188 173 1231 οἱ
202 1188 392 1243 Βλάχοι,
421 1187 494 1230 καί
518 1187 571 1230 τοὶ
610 1187 813 1242 κράτιστα
851 1190 925 1244 τῆς
959 1188 1107 1244 χώρας
1149 1192 1389 1246 κείραντες,
1425 1194 1583 1242 α’σινεΐς

132 1256 407 1300 ἑπανέλυσαν.
462 1252 573 1307 τάχα
602 1255 640 1295 δ’
663 1250 716 1296 (ἲν
740 1255 815 1296 καί
841 1260 935 1303 ταῖς
959 1257 1184 1310 χερσαίαις
1210 1255 1364 1307 πύλαις
1397 1260 1470 1312 τῆς
1499 1262 1584 1312 βα-

131 1322 289 1370 σιλίδος
316 1317 625 1376 προσήγγισαν,
657 1320 729 1371 ἐπ’Χ
752 1318 887 1375 αὐτὴν
911 1318 1195 1376 τραπόμενοι,
1233 1322 1273 1364 εἰ
1308 1323 1366 1378 μὴ
1402 1322 1450 1366 τὸ
1480 1340 1580 1379 χρι-

130 1387 458 1429 στιανικώτατον
492 1382 664 1434 oi‘Pa'ag
700 1387 818 1440 γένος
854 1387 928 1427 καί
967 1384 1006 1427 οἱ
1043 1385 1200 1429 τούτων
1235 1387 1423 1442 ἄρχικῶς
1455 1405 1582 1444 προε-

131 1450 363 1508 δρεύοντες,
390 1453 512 1494 τοῦτο
539 1452 616 1505 μὲν
640 1454 730 1492 κατ’
758 1450 1014 1506 αὐθαίρετον
1041 1448 1178 1507 ὅρμὴν
1198 1455 1434 1508 κινηθέντες
1460 1457 1581 1496 τοῦτο

66 1532 119 1559 20
133 1519 179 1560 δὲ
215 1523 305 1566 ταῖς
331 1519 409 1560 τοῦ
436 1518 734 1572 ἀρχιποίμενος
763 1516 905 1558 αὐτῶν
932 1521 1064 1565 λιταῖς
1093 1517 1367 1572 ὖπενὸόντες,
1406 1518 1620 1573 οἷ’ξιάγα-(Ξ

130 1599 229 1627 στον
263 1580 350 1627 οἷον
376 1580 420 1626 τὸ
461 1581 684 1637 πρόθυμον
712 1584 783 1624 ἐπὶ
807 1587 894 1630 τοῖς
914 1583 1147 1634 ζΡωμαίων
1173 1584 1437 1634 ἐπεδείξαντο
1463 1584 1577 1639 πρά-

130 1665 288 1704 γμασι,
317 1651 390 1690 καί
415 1646 484 1690 διὰ
514 1647 586 1690 τὸν
611 1650 687 1689 τοῦ
723 1648 918 1702 Χριστοῦ
948 1646 1052 1689 λαὸν
1092 1646 1164 1690 τόν
1196 1651 1332 1698 κακαῖς
1372 1649 1455 1691 ὑπό
1496 1653 1579 1692 τῶν

130 1716 361 1771 βαρβάρων
393 1713 603 1768 πάσχοντα
631 1719 725 1762 ταῖς
752 1715 829 1755 τοῦ
855 1711 976 1762 ἔτους
1003 1712 1201 1763 πολλάκις
1233 1715 1477 1770 α’παγωγα-ἴς
1505 1715 1580 1758 καὶ

130 1788 223 1831 ταῖς
253 1779 477 1823 α’ποδόσεσι
507 1779 664 1823 τούτων
692 1781 752 1829 εἰς
780 1777 883 1834 ἔθνη
921 1778 974 1822 τὰ
1015 1779 1075 1835 μὴ
1103 1779 1382 1836 χρισταὶνυμα
1422 1783 1577 1836 δυσχε-

224 1903 258 1950 4.
287 1902 347 1951 οὔ]
372 1902 465 1937 mxi?
562 1914 594 1948 7.
617 1900 792 1946 λεβούλης
814 1900 855 1933 Α.
956 1900 1007 1934 18.
1030 1898 1072 1934 οἱ
1097 1898 1218 1947 ρὥοι
1236 1901 1273 1933 Β.

129 2024 265 2064 ceptus.
293 2018 361 2052 etsi
393 2017 490 2050 enim
513 2016 628 2049 multa
652 2015 751 2048 bella
778 2014 873 2048 inter
897 2025 936 2047 se
972 2020 1178 2059 gesserant,
1204 2020 1326 2049 tamen
1351 2016 1482 2051 solent.
1505 2016 1572 2050 ho-

130 2068 244 2100 mines
272 2076 346 2098 non
370 2069 512 2098 tantum
536 2067 704 2108 cognatos
733 2067 770 2095 et
795 2061 990 2106 populares
1024 2062 1196 2103 afflictos,
1220 2062 1284 2096 sed
1313 2062 1435 2096 hostes
1461 2064 1572 2097 etiam

129 2113 310 2158 supplices
334 2112 489 2155 benigue
512 2115 678 2144 tractare.
702 2114 882 2142 caeterum
898 2119 979 2141 eum
1002 2108 1041 2141 in
1058 2109 1235 2153 integrum
1260 2111 1452 2143 restituere
1468 2121 1571 2154 pror-

129 2172 189 2193 sus
228 2159 348 2192 noluit
372 2158 559 2198 Lebunes,
598 2156 698 2202 quod
727 2155 798 2188 sibi
837 2154 964 2188 foedus
999 2166 1078 2188 cum
1112 2157 1304 2189 Rucratino
1343 2156 1570 2190 intercedere

129 2206 328 2239 affirmabat
344 2231 353 2246 ,
378 2216 446 2238 nec
474 2205 703 2237 incruentum
729 2203 806 2235 fore
830 2202 1005 2234 auxilium
1033 2208 1208 2236 cerneret,
1243 2208 1464 2248 quapropter
1487 2203 1579 2243 Cai-,

130 2253 296 2286 chosroes
321 2252 441 2285 denuo
468 2251 513 2284 ad
536 2251 789 2295 imperatorem
815 2248 909 2289 abit,
936 2259 998 2293 spe
1018 2249 1241 2294 principatus
1267 2250 1344 2282 eius
1370 2260 1439 2294 ope
1467 2261 1571 2283 recu-

129 2299 282 2345 perandi
306 2303 490 2344 concepta.
518 2297 582 2331 sed
609 2298 738 2330 iterum
762 2296 952 2328 frustratus
984 2294 1082 2341 apud
1105 2296 1282 2329 Romanos
1314 2296 1406 2330 vixit
1436 2297 1569 2330 minori

130 2346 322 2391 splendore
347 2357 454 2391 quam
480 2356 546 2390 pro
570 2344 765 2377 nobilitate
790 2342 939 2386 generis.
1419 2367 1424 2370 .

222 2394 254 2429 5.
302 2392 477 2438 Sequenti
500 2402 595 2424 anno
623 2389 747 2423 Blachi
774 2401 854 2421 cum
875 2388 1041 2422 Comanis
1065 2388 1300 2433 impressione
1322 2389 1361 2421 in
1375 2387 1567 2422 Thraciam

130 2439 224 2472 facta
243 2465 253 2479 ‚
277 2444 314 2472 et
339 2440 484 2484 optimis
512 2438 719 2483 quibusque
743 2436 952 2481 provinciae
975 2435 1139 2480 partibus
1164 2435 1333 2476 vastatis,
1366 2435 1566 2469 incolumes

131 2491 375 2528 recesserunt3
408 2497 450 2519 ac
491 2485 641 2518 forsitan
683 2483 729 2516 ad
770 2487 973 2516 terrestrem
1012 2482 1248 2526 imperatricis
1284 2481 1384 2515 urbis
1427 2488 1564 2526 portam

130 2532 374 2572 accessissent,
396 2532 465 2565 nisi
491 2532 591 2564 Rossi
620 2529 924 2564 Christianissima
949 2540 1034 2573 gens
1058 2538 1255 2573 eorumque
1273 2529 1465 2572 principes,
1485 2539 1567 2572 par-

131 2579 197 2611 tim
231 2590 293 2611 sua
329 2584 457 2622 sponte
485 2578 616 2623 partim
642 2577 823 2622 pontificis
851 2576 1020 2620 precibus
1043 2574 1214 2614 adducti,
1250 2574 1456 2606 admirabili
1490 2580 1567 2606 stu-

132 2625 194 2658 dio
222 2636 287 2670 pro
313 2625 480 2658 Romanis
502 2622 1011 2670 oppugnassent„Christiani
1034 2621 1162 2666 populi
1185 2621 1334 2660 miserti,
1353 2621 1415 2664 qui
1438 2631 1457 2652 a
1483 2620 1567 2652 har-

132 2672 229 2705 baris
254 2671 347 2705 male
374 2669 618 2711 tractabatur,
655 2676 693 2703 et
715 2669 892 2713 indignati
919 2680 999 2701 eum
1025 2668 1168 2714 saepius
1201 2666 1327 2699 eodem
1370 2677 1464 2698 anno
1500 2667 1566 2700 ab-

134 2718 217 2752 duci
241 2724 277 2753 et
300 2716 467 2764 gentibus
491 2728 512 2750 a
536 2715 740 2751 Christiana
762 2716 937 2760 religione
961 2713 1090 2749 alienis
1114 2713 1324 2749 venundari.
1349 2712 1445 2746 unde
1469 2713 1566 2746 Cali-
