1878 3230
315 153 426 219 334
723 166 950 208 NICETAE
994 164 1302 206 cHONJATAE

315 271 536 323 ἐπέστησεν
553 297 564 317 ,
596 280 644 306 ου
676 262 804 315 μόνον
830 263 906 318 τήν
937 261 1098 304 εἴσοδον
1128 263 1261 303 αυτοῦ
1292 278 1360 304 και
1388 265 1462 319 τὴν
1484 264 1622 344 ἔξοδον
1637 270 1738 325 ἐφο-

310 336 474 388 ρῶντας
524 330 601 372 τοῦ
640 330 823 382 μυθικοῦ
863 325 1161 381 πολυομμάτου
1192 323 1359 383 '‘Apyov
1392 330 1739 411 περιεργότερον,

317 396 423 439 ἀλλὰ
456 397 528 436 καί
559 395 718 448 μηδένα
743 395 825 435 τῶν
855 391 1047 435 ἁπάντων
1082 393 1320 447 παρειὸντας
1345 393 1458 452 μόνω
1481 397 1741 451 ἐντυγχάνειν

312 462 432 516 αὐτῷ
461 460 567 513 ὑπέρ
594 475 640 501 τε
670 456 907 501 ουτινοσοῦν
934 460 1214 511 διομιλεῖσθαι
1237 455 1489 513 πράγματος,
1515 457 1668 505 &avrti-u
1694 465 1743 506 δὲ

281 530 308 562 C
321 523 414 567 ὅλον
429 525 600 573 ἐπιδούς
615 529 707 572 ταῖς
721 524 956 579 μερᾴιναις,
979 524 1031 564 ου’
1029 540 1059 576 χ
1080 517 1254 571 ὅπωςεῦ
1270 523 1486 577 πράττοιεν
1499 523 1550 567 τὰ
1561 523 1740 580 Ῥωμαί-
1754 530 1778 572 5

317 606 389 641 ων,
421 590 511 630 ἀλλ’
537 585 646 636 ὅπως
674 589 826 645 ἀφελεῖ
847 589 892 630 ἐκ
918 589 1001 630 τῶν
1029 589 1249 640 βασιλείων
1280 587 1351 629 καί
1377 586 1613 643 σύμβουλον
1641 592 1743 646 α’γα-

315 653 396 697 &dv
432 655 505 695 καί
530 652 632 695 κατὰ
658 658 784 709 χεῖρα
809 658 991 707 γενναῖον
1019 649 1152 708 ἄνδρα
1180 655 1252 694 καί
1279 654 1521 707 α’ρειμάνιον
1547 656 1619 698 καί
1641 654 1745 698 ὕπο-

317 735 416 762 πτον
440 717 577 776 ἐκείνῳ
617 718 689 761 καί
724 717 828 773 πρὸς
856 716 994 774 α’ρχὴν
1018 717 1262 773 ἐπιτήδειον.
1306 715 1577 772 ἀμειβόμενος
1602 723 1648 764 δὲ
1673 724 1747 777 τῆς

315 785 424 840 πρὸς
452 783 580 826 αὐτὸν
610 785 775 832 εὐνοίας
802 782 899 832 τούς
925 783 1214 839 Παφλαγόνας
1242 785 1314 825 καί
1337 782 1467 826 πάντα
1494 782 1619 828 ἄλλον
1644 802 1746 829 συν-

321 848 595 906 εφαψάμενον
641 848 757 906 αὐτῷ
795 851 867 904 τῆς
907 849 1188 901 οἷποστασίας,
1229 844 1436 901 ἆξιιόμασι
1465 848 1637 900 τούτους
1662 853 1810 893 guam

323 931 431 970 μησε
460 916 531 956 καί
554 916 731 970 δωρεαῖς
752 916 983 970 φιλοτιμοις
1014 915 1273 964 ἐδεξιώσατο.
1329 916 1400 955 καί
1425 916 1473 956 τὰ
1498 916 1669 972 λαμπροὶ
1695 918 1747 958 ’δὲ

320 982 400 1023 τῶν
429 977 674 1033 ἀξιωμάτων
702 980 774 1021 καί
798 979 851 1021 τοὶ
881 981 962 1021 τῶν
989 977 1198 1035 ὄφφικίων
1222 982 1524 1035 μεγαλοπρεπῆ,
1554 979 1610 1030 ὥς
1641 983 1746 1023 ἐκεί-

321 1063 376 1105 νῳ
416 1047 578 1100 ἐδόκει,
613 1047 855 1100 μετατιθείς
900 1046 971 1086 §nc
1004 1046 1128 1086 τινῶν
1165 1046 1244 1097 μὲν
1283 1044 1382 1094 τούς
1409 1043 1562 1087 ἑαυτοῦ
1595 1048 1749 1095 παῖδας

321 1111 607 1168 προυβάλετο,
646 1106 785 1159 ἄλλοις
817 1112 857 1152 δ’
891 1109 1092 1165 ὖπεξῆρεν
1121 1106 1307 1163 ἑτέρους,
1339 1111 1518 1159 ἐκείνους
1540 1110 1749 1165 δήπουθεν

322 1183 366 1222 οἳ
387 1180 518 1222 ὀπίσω
548 1178 680 1219 affro&
707 1175 995 1230 ἐπορεύθησαν
1023 1172 1080 1224 ὥς
1106 1177 1184 1216 τοῦ
1204 1174 1329 1216 Βάαλ
1353 1172 1555 1231 πρότερον
1576 1174 1616 1217 οἱ
1643 1177 1749 1217 α’πο-
1766 1176 1811 1217 15

321 1242 493 1293 στάντες
522 1243 671 1294 ζῶντος
696 1242 817 1292 θεοῦ,
847 1241 917 1282 καί
944 1239 987 1281 οἳ
1008 1239 1082 1294 τὴν
1107 1242 1207 1294 παρ’
1234 1241 1372 1298 ἐκείνῳ
1395 1241 1522 1292 δόξαν
1548 1243 1750 1297 προέθεν-

278 1321 368 1354 Βτο
398 1311 470 1364 τῆς
499 1308 712 1361 ἑπαινετῆς
743 1305 814 1347 καί
841 1308 1042 1360 προτέρας
1071 1307 1195 1359 τιμῆς
1238 1306 1310 1346 καί
1335 1307 1394 1362 τῷ
1421 1307 1568 1363 δικαίῳ
1594 1306 1748 1360 μερίδα

321 1375 616 1428 παρεχομένης.
678 1370 717 1413 οἱ
742 1373 820 1424 μὲν
845 1371 982 1412 τοίνυν
1009 1372 1092 1411 τῶν
1124 1368 1339 1425 ἐπισήμων
1366 1370 1534 1425 ἀνδρῶν
1559 1367 1751 1425 οἷπηλαύ-

320 1455 441 1482 νοντο
477 1437 590 1480 οἴκου
623 1439 710 1479 ’καί
749 1435 949 1489 πατρίδος
976 1437 1049 1477 καί
1080 1437 1162 1477 ταῖν
1190 1435 1401 1491 φιλτάτων
1427 1437 1750 1488 ἄποδιίσταντο,

323 1505 361 1547 οἶ
391 1507 436 1546 δὲ
473 1503 653 1556 εἱρκταῖς
681 1504 753 1544 καί
792 1502 1058 1556 χειροπέδαις
1097 1502 1288 1555 σιδηραῖς
1306 1502 1604 1556 παρεδίδοντο,
1633 1497 1748 1543 ἄλλοι
1761 1515 1814 1541 20

321 1569 417 1619 τούς
443 1566 693 1624 ὀφθαλμοὺς
724 1565 1010 1619 ἐξεκόπτοντο,
1042 1567 1180 1608 αἰτίαν
1201 1567 1402 1618 ου’δεμίαν
1418 1566 1623 1621 πρόδηλον
1648 1568 1750 1609 ἔπα-

320 1637 496 1690 γομένην
522 1635 668 1686 σφίσιν
696 1632 966 1686 εὑρίσκοντες,
994 1630 1041 1673 τὸ
1070 1632 1107 1671 δ’
1135 1628 1239 1672 εἶναι
1263 1632 1342 1672 τῶν
1368 1633 1632 1687 εὐπατριδῶν
1649 1647 1751 1673 σιω-

319 1703 460 1756 πηλαῖς
502 1697 815 1752 ἐγκαλούμενοι,
855 1699 928 1738 καί
965 1694 1070 1738 κατὰ
1099 1695 1277 1749 πόλεμον
1306 1695 1501 1745 πολλάκις
1529 1691 1750 1752 εὐδοκιμῆ-

410 1812 441 1844 5.
471 1804 527 1856 εὖ]
552 1808 623 1854 μὲν
650 1807 813 1852 εὗτυχως
836 1809 874 1841 Α.
967 1809 1000 1841 6.
1025 1805 1163 1852 οἶφελεῖ
1186 1805 1226 1841 δὲ
1248 1805 1334 1849 κᾶκ,
1355 1806 1504 1840 'omissis
1529 1806 1605 1840 ἀλλ’
1629 1805 1749 1849 ὅπως,

409 1858 450 1890 A.
589 1867 620 1899 7.
650 1856 714 1887 καὶ
739 1854 965 1910 αρειμάνιον
988 1864 1046 1885 om
1063 1854 1103 1887 A.
1272 1864 1320 1886 ιι
1346 1851 1516 1899 δωρεαῖς]
1545 1852 1683 1893 δεξιαῖς
1709 1856 1749 1888 Α

417 1913 466 1934 12.
492 1900 541 1937 ως
566 1900 709 1956 ἐκείνω]
736 1899 861 1945 ὥσπερ
885 1900 923 1933 οἱ
945 1899 995 1933 ἑδ.
1022 1900 1064 1933 Α
1197 1901 1245 1935 ι3
1270 1897 1397 1945 τινων]
1426 1902 1503 1932 τισὶ
1525 1901 1564 1933 A.
1698 1904 1748 1945 ¹4-

415 1944 622 1993 δήπουθεν]
653 1946 696 1989 δὴ
724 1946 873 1983 πάντως
906 1946 943 1979 οἳ
968 1945 1131 1980 ὄπισθεν
1155 1946 1192 1978 A.
1305 1957 1355 1990 ¹7-
1377 1945 1532 1992 μερίδος
1558 1947 1597 1981 A.
1697 1958 1748 1992 ¹9·

411 1994 576 2039 πατριᾶς
600 1995 638 2026 A.
758 2003 812 2026 21.
837 1993 1097 2032 ἐξεκεντοιῖντο
1125 1992 1164 2026 A.

322 2103 533 2137 custodibus
563 2102 759 2143 adhibitis,
789 2103 851 2147 qui
876 2114 948 2135 non
969 2102 1076 2135 modo
1108 2103 1303 2146 ingressum
1330 2107 1366 2135 et
1390 2112 1567 2146 egressum
1594 2102 1671 2135 eius
1695 2102 1750 2136 di-

322 2150 557 2194 ligentissime
580 2149 822 2189 observarent,
852 2149 916 2181 sed
940 2150 1047 2182 etiam
1066 2149 1244 2181 neminem
1270 2149 1414 2180 omnino
1440 2148 1514 2180 ulla
1539 2147 1584 2180 de
1607 2159 1645 2181 re
1670 2160 1751 2182 cum

324 2207 366 2229 eo
391 2196 550 2240 colloqui
574 2201 799 2239 paterentur.
825 2195 896 2228 sibi
932 2196 1051 2228 cu'ram
1075 2206 1192 2227 rerum
1218 2194 1443 2234 vendicavit,
1466 2205 1540 2228 non
1563 2194 1602 2228 in
1628 2194 1667 2227 id
1694 2196 1752 2241 in·-

324 2247 467 2282 teutus,
509 2247 550 2274 ut
579 2243 736 2274 Romana
775 2252 829 2273 res
865 2241 1032 2281 floreret,
1070 2240 1134 2273 sed
1157 2245 1198 2273 ut
1225 2251 1346 2272 omnes
1372 2245 1443 2273 tam
1467 2241 1618 2274 consilio
1644 2252 1751 2286 quam

323 2300 429 2322 manu
462 2288 640 2332 pollentes
669 2293 706 2320 et
728 2287 878 2331 imperio
902 2287 1046 2327 idonei,
1069 2286 1229 2319 diversae
1256 2286 1440 2326 factionis,
1466 2287 1602 2331 palatio
1631 2287 1752 2332 exige-

324 2339 458 2367 rentur.
505 2334 747 2377 Paphlagones
764 2339 995 2377 caeterosque
1019 2343 1140 2365 omnes
1169 2343 1320 2377 quorum
1344 2342 1451 2375 opera
1477 2339 1513 2366 et
1542 2332 1670 2366 studiis
1696 2344 1752 2366 re-

325 2392 431 2424 gnum
457 2385 664 2423 occuparat,
680 2384 716 2411 et
728 2379 924 2411 honoribus
949 2384 985 2411 et
999 2378 1249 2422 largitionibus
1274 2383 1329 2411 est
1356 2385 1610 2412 remuneratus.
1635 2378 1752 2434 digni—

325 2432 418 2460 tates
446 2431 481 2459 et
514 2426 627 2458 officia
648 2426 834 2469 magnifica
868 2435 931 2469 pro
972 2425 1079 2457 libito
1103 2425 1232 2469 partim
1257 2425 1295 2456 in
1319 2424 1411 2457 filios
1437 2436 1537 2465 suos,
1561 2426 1691 2470 partim
1711 2426 1751 2459 in

328 2474 418 2505 alios
446 2472 646 2511 transtulit,
672 2482 731 2504 eos
755 2472 881 2515 utique
905 2470 966 2515 qui
992 2471 1124 2514 ipsum
1135 2470 1248 2503 secuti
1274 2476 1392 2510 erant,
1418 2476 1458 2503 ut
1484 2471 1602 2504 olim
1593 2471 1619 2503 ιί
1644 2471 1707 2516 qui
1729 2482 1750 2504 a
1783 2495 1786 2498 -

330 2519 397 2551 deo
420 2519 561 2551 vivente
586 2517 632 2550 ad
655 2518 797 2554 Baalem
816 2517 1048 2556 defecerunt,
1072 2516 1207 2561 qquue
1232 2517 1342 2560 ipsius
1368 2517 1513 2560 gloriam
1538 2517 1650 2562 priori
1671 2517 1753 2550 lau-

330 2565 443 2598 dabili
474 2564 641 2608 dignitati
678 2575 758 2596 cum
788 2563 927 2596 iustitia
962 2563 1173 2595 coniunctae
1210 2563 1466 2608 praetulerunt.
1489 2563 1640 2608 proinde
1664 2563 1752 2596 clari

329 2613 395 2645 viri
433 2611 560 2656 partim
592 2610 697 2643 domo
733 2615 769 2643 et
799 2610 914 2654 patria
946 2609 1202 2653 pellebantur,
1237 2620 1257 2641 a
1289 2609 1478 2643 carissimis
1511 2610 1584 2643 suis
1607 2609 1748 2651 avulsi,

329 2658 459 2702 partim
483 2657 595 2690 oculis
611 2655 853 2701 privabantur
880 2656 1008 2700 partim
1032 2657 1070 2688 in
1086 2666 1260 2688 carcerem
1278 2661 1314 2687 et
1329 2657 1459 2688 ferreas
1484 2657 1639 2689 manicas
1664 2666 1750 2688 con-

332 2704 566 2745 iicicbantur,
599 2703 734 2738 nullius
770 2702 839 2735 sibi
873 2702 1016 2735 sceleris
1060 2701 1210 2743 conscii,
1245 2701 1307 2734 sed
1342 2702 1438 2735 illius
1468 2703 1624 2736 criminis
1640 2702 1749 2736 tacite
