<?xml version="1.0" encoding="UTF-8"?>
<!DOCTYPE html PUBLIC "-//W3C//DTD XHTML 1.0 Transitional//EN"
    "http://www.w3.org/TR/xhtml1/DTD/xhtml1-transitional.dtd">
<html xmlns="http://www.w3.org/1999/xhtml" xml:lang="en" lang="en">
 <head>
  <title>
</title>
<meta http-equiv="Content-Type" content="text/html;charset=utf-8" />
  <meta name='ocr-system' content='tesseract 3.04.00' />
  <meta name='ocr-capabilities' content='ocr_page ocr_carea ocr_par ocr_line ocrx_word'/>
</head>
<body>
  <div class='ocr_page' id='page_1' title='image "./corpusscriptorum41niebuoft/corpusscriptorum41niebuoft_0446.png"; bbox 0 0 1878 3230; ppageno 0'>
   <div class='ocr_carea' id='block_1_1' title="bbox 269 178 1255 245">
    <p class='ocr_par' dir='ltr' id='par_1_1' title="bbox 269 178 1255 245">
     <span class='ocr_line' id='line_1_1' title="bbox 269 178 1255 245; baseline -0.008 -12"><span class='ocrx_word' id='word_1_1' title='bbox 269 179 304 245; x_wconf 77' lang='grc'>4</span> <span class='ocrx_word' id='word_1_2' title='bbox 317 178 381 232; x_wconf 88' lang='lat'><strong>16</strong></span> <span class='ocrx_word' id='word_1_3' title='bbox 686 189 912 231; x_wconf 67' lang='lat' dir='ltr'>NICETAE</span> <span class='ocrx_word' id='word_1_4' title='bbox 950 186 1255 229; x_wconf 73' lang='lat' dir='ltr'><strong>cuonTAE</strong></span> 
     </span>
    </p>
   </div>
   <div class='ocr_carea' id='block_1_2' title="bbox 228 281 1750 1836">
    <p class='ocr_par' dir='ltr' id='par_1_2' title="bbox 228 281 1750 1836">
     <span class='ocr_line' id='line_1_2' title="bbox 268 281 1679 342; baseline -0.007 -7"><span class='ocrx_word' id='word_1_5' title='bbox 268 308 386 335; x_wconf 71' lang='grc' dir='ltr'><strong><em>σεται</em></strong></span> <span class='ocrx_word' id='word_1_6' title='bbox 413 290 506 338; x_wconf 78' lang='grc' dir='ltr'><strong>τούς</strong></span> <span class='ocrx_word' id='word_1_7' title='bbox 532 284 713 342; x_wconf 75' lang='grc' dir='ltr'><strong><em>ἐχθρούς</em></strong></span> <span class='ocrx_word' id='word_1_8' title='bbox 757 286 830 325; x_wconf 81' lang='grc' dir='ltr'><em>καί</em></span> <span class='ocrx_word' id='word_1_9' title='bbox 868 282 1154 338; x_wconf 72' lang='grc' dir='ltr'><strong><em>ἐξολοθρεύσει</em></strong></span> <span class='ocrx_word' id='word_1_10' title='bbox 1193 286 1327 325; x_wconf 81' lang='grc' dir='ltr'><strong><em>τέλεον</em></strong></span> <span class='ocrx_word' id='word_1_11' title='bbox 1363 281 1410 324; x_wconf 75' lang='grc' dir='ltr'><strong><em>ὃν</em></strong></span> <span class='ocrx_word' id='word_1_12' title='bbox 1445 283 1594 338; x_wconf 83' lang='grc' dir='ltr'><strong><em>τρόπον</em></strong></span> <span class='ocrx_word' id='word_1_13' title='bbox 1640 281 1679 325; x_wconf 75' lang='grc' dir='ltr'><strong><em>οἳ</em></strong></span> 
     </span>
     <span class='ocr_line' id='line_1_3' title="bbox 269 346 1678 412; baseline -0.006 -12"><span class='ocrx_word' id='word_1_14' title='bbox 269 354 451 412; x_wconf 71' lang='grc' dir='ltr'><strong><em>θηραταὶ</em></strong></span> <span class='ocrx_word' id='word_1_15' title='bbox 474 352 569 400; x_wconf 77' lang='grc' dir='ltr'><strong>τούς</strong></span> <span class='ocrx_word' id='word_1_16' title='bbox 598 347 845 403; x_wconf 80' lang='grc' dir='ltr'><strong><em>μοναδικούς</em></strong></span> <span class='ocrx_word' id='word_1_17' title='bbox 885 349 966 390; x_wconf 75' lang='grc' dir='ltr'><strong>τῶν</strong></span> <span class='ocrx_word' id='word_1_18' title='bbox 997 349 1120 390; x_wconf 76' lang='grc' dir='ltr'><strong><em>συῶν.</em></strong></span> <span class='ocrx_word' id='word_1_19' title='bbox 1178 346 1332 396; x_wconf 71' lang='grc' dir='ltr'><strong><em>αὐτούς</em></strong></span> <span class='ocrx_word' id='word_1_20' title='bbox 1373 362 1415 390; x_wconf 82' lang='grc' dir='ltr'><strong>τε</strong></span> <span class='ocrx_word' id='word_1_21' title='bbox 1452 348 1531 403; x_wconf 76' lang='grc' dir='ltr'><strong><em>γὰρ</em></strong></span> <span class='ocrx_word' id='word_1_22' title='bbox 1574 346 1678 391; x_wconf 76' lang='grc' dir='ltr'><strong><em>κατὰ</em></strong></span> 
     </span>
     <span class='ocr_line' id='line_1_4' title="bbox 268 412 1682 475; baseline -0.004 -15"><span class='ocrx_word' id='word_1_23' title='bbox 268 419 407 475; x_wconf 75' lang='grc' dir='ltr'><strong><em>βραχύ</em></strong></span> <span class='ocrx_word' id='word_1_24' title='bbox 435 415 767 470; x_wconf 73' lang='grc' dir='ltr'><strong><em>μεθισταμένους</em></strong></span> <span class='ocrx_word' id='word_1_25' title='bbox 794 416 863 467; x_wconf 82' lang='grc' dir='ltr'><strong><em>τῆς</em></strong></span> <span class='ocrx_word' id='word_1_26' title='bbox 895 412 1053 467; x_wconf 82' lang='grc' dir='ltr'><strong><em>λόχμης</em></strong></span> <span class='ocrx_word' id='word_1_27' title='bbox 1078 413 1332 466; x_wconf 75' lang='grc' dir='ltr'><strong><em>έγκλείεσθαι</em></strong></span> <span class='ocrx_word' id='word_1_28' title='bbox 1368 413 1682 465; x_wconf 84' lang='grc' dir='ltr'><strong><em>λιχνευομένους</em></strong></span> 
     </span>
     <span class='ocr_line' id='line_1_5' title="bbox 268 473 1683 539; baseline -0.004 -17"><span class='ocrx_word' id='word_1_29' title='bbox 268 486 365 539; x_wconf 80' lang='grc' dir='ltr'><strong>ηερί</strong></span> <span class='ocrx_word' id='word_1_30' title='bbox 389 483 459 537; x_wconf 73' lang='grc' dir='ltr'><strong><em>τήν</em></strong></span> <span class='ocrx_word' id='word_1_31' title='bbox 487 479 756 534; x_wconf 73' lang='grc' dir='ltr'><em>προκειμένην</em></span> <span class='ocrx_word' id='word_1_32' title='bbox 786 477 960 531; x_wconf 82' lang='grc' dir='ltr'><strong><em>ἐδητῦν,</em></strong></span> <span class='ocrx_word' id='word_1_33' title='bbox 988 476 1091 518; x_wconf 76' lang='grc' dir='ltr'><strong><em>ἔνθα</em></strong></span> <span class='ocrx_word' id='word_1_34' title='bbox 1120 476 1141 519; x_wconf 83' lang='grc' dir='ltr'><em>ὃ</em></span> <span class='ocrx_word' id='word_1_35' title='bbox 1170 474 1288 526; x_wconf 80' lang='grc' dir='ltr'><strong><em>δόλος</em></strong></span> <span class='ocrx_word' id='word_1_36' title='bbox 1309 479 1380 518; x_wconf 84' lang='grc' dir='ltr'><em>καί</em></span> <span class='ocrx_word' id='word_1_37' title='bbox 1404 473 1432 531; x_wconf 81' lang='grc' dir='ltr'><em>ἧ</em></span> <span class='ocrx_word' id='word_1_38' title='bbox 1459 476 1568 531; x_wconf 78' lang='grc' dir='ltr'><strong><em>πάγη</em></strong></span> <span class='ocrx_word' id='word_1_39' title='bbox 1585 492 1683 519; x_wconf 84' lang='grc' dir='ltr'><strong><em>κατ.-</em></strong></span> 
     </span>
     <span class='ocr_line' id='line_1_6' title="bbox 267 537 1720 599; baseline -0.005 -8"><span class='ocrx_word' id='word_1_40' title='bbox 267 548 436 599; x_wconf 82' lang='grc' dir='ltr'><strong><em>τύεται,</em></strong></span> <span class='ocrx_word' id='word_1_41' title='bbox 467 547 539 586; x_wconf 84' lang='grc' dir='ltr'><em>καί</em></span> <span class='ocrx_word' id='word_1_42' title='bbox 569 541 696 592; x_wconf 83' lang='grc' dir='ltr'><strong><em>οῧτως</em></strong></span> <span class='ocrx_word' id='word_1_43' title='bbox 723 542 994 597; x_wconf 75' lang='grc' dir='ltr'><strong><em>ἐμπείρεσθαι</em></strong></span> <span class='ocrx_word' id='word_1_44' title='bbox 1022 540 1166 597; x_wconf 80' lang='grc' dir='ltr'><em>δόρατι</em></span> <span class='ocrx_word' id='word_1_45' title='bbox 1195 537 1222 596; x_wconf 81' lang='grc' dir='ltr'><em>ἢ</em></span> <span class='ocrx_word' id='word_1_46' title='bbox 1247 544 1425 594; x_wconf 74' lang='grc' dir='ltr'><strong><em>βαθεῖαν</em></strong></span> <span class='ocrx_word' id='word_1_47' title='bbox 1459 541 1563 582; x_wconf 75' lang='grc' dir='ltr'><strong><em>κατὰ</em></strong></span> <span class='ocrx_word' id='word_1_48' title='bbox 1601 541 1720 584; x_wconf 81' lang='grc' dir='ltr'><strong><em>τῶν5</em></strong></span> 
     </span>
     <span class='ocr_line' id='line_1_7' title="bbox 267 604 1684 667; baseline -0.006 -11"><span class='ocrx_word' id='word_1_49' title='bbox 267 610 513 667; x_wconf 80' lang='grc' dir='ltr'><em>σπλάγχνων</em></span> <span class='ocrx_word' id='word_1_50' title='bbox 541 610 738 662; x_wconf 75' lang='grc' dir='ltr'><strong><em>δέχεσθαι</em></strong></span> <span class='ocrx_word' id='word_1_51' title='bbox 763 606 838 662; x_wconf 76' lang='grc' dir='ltr'><strong>τὴν</strong></span> <span class='ocrx_word' id='word_1_52' title='bbox 859 607 1026 662; x_wconf 80' lang='grc' dir='ltr'><strong><em>πληγήν·</em></strong></span> <span class='ocrx_word' id='word_1_53' title='bbox 1070 609 1142 648; x_wconf 87' lang='grc' dir='ltr'>καί</span> <span class='ocrx_word' id='word_1_54' title='bbox 1166 605 1459 656; x_wconf 77' lang='grc' dir='ltr'><strong><em>τούςἸταλοῦς</em></strong></span> <span class='ocrx_word' id='word_1_55' title='bbox 1477 608 1520 648; x_wconf 81' lang='grc' dir='ltr'><strong>δὲ</strong></span> <span class='ocrx_word' id='word_1_56' title='bbox 1548 604 1684 648; x_wconf 59' lang='lat' dir='ltr'><strong>aicad-</strong></span> 
     </span>
     <span class='ocr_line' id='line_1_8' title="bbox 267 667 1688 733; baseline -0.005 -14"><span class='ocrx_word' id='word_1_57' title='bbox 267 695 349 728; x_wconf 87' lang='grc' dir='ltr'><strong><em>τως</em></strong></span> <span class='ocrx_word' id='word_1_58' title='bbox 378 675 758 733; x_wconf 79' lang='grc' dir='ltr'><strong><em>α’φροντιστοῦντας</em></strong></span> <span class='ocrx_word' id='word_1_59' title='bbox 787 671 843 722; x_wconf 76' lang='grc' dir='ltr'><strong>ὥς</strong></span> <span class='ocrx_word' id='word_1_60' title='bbox 875 672 951 713; x_wconf 73' lang='grc' dir='ltr'><strong><em>οὔκ</em></strong></span> <span class='ocrx_word' id='word_1_61' title='bbox 984 667 1095 721; x_wconf 71' lang='grc' dir='ltr'><strong><em>ὄντος</em></strong></span> <span class='ocrx_word' id='word_1_62' title='bbox 1121 671 1226 721; x_wconf 88' lang='grc' dir='ltr'><strong><em>τινὸς</em></strong></span> <span class='ocrx_word' id='word_1_63' title='bbox 1254 673 1576 725; x_wconf 72' lang='grc' dir='ltr'><strong><em>α’νθισταμένου,</em></strong></span> <span class='ocrx_word' id='word_1_64' title='bbox 1614 669 1688 713; x_wconf 82' lang='grc' dir='ltr'><strong><em>καί</em></strong></span> 
     </span>
     <span class='ocr_line' id='line_1_9' title="bbox 268 735 1686 796; baseline -0.004 -12"><span class='ocrx_word' id='word_1_65' title='bbox 268 741 338 784; x_wconf 74' lang='grc' dir='ltr'><strong><em>ἀεὶ</em></strong></span> <span class='ocrx_word' id='word_1_66' title='bbox 369 741 686 796; x_wconf 84' lang='grc' dir='ltr'><strong><em>προχωροῦντας</em></strong></span> <span class='ocrx_word' id='word_1_67' title='bbox 711 743 796 786; x_wconf 87' lang='grc' dir='ltr'><strong><em>τοῖς</em></strong></span> <span class='ocrx_word' id='word_1_68' title='bbox 828 735 1063 792; x_wconf 74' lang='grc' dir='ltr'><strong><em>ἔμπροσθεν</em></strong></span> <span class='ocrx_word' id='word_1_69' title='bbox 1080 736 1150 779; x_wconf 84' lang='grc' dir='ltr'><em>καί</em></span> <span class='ocrx_word' id='word_1_70' title='bbox 1167 739 1216 793; x_wconf 83' lang='grc' dir='ltr'><strong><em>τῇ</em></strong></span> <span class='ocrx_word' id='word_1_71' title='bbox 1245 739 1327 779; x_wconf 77' lang='grc' dir='ltr'><strong>τῶν</strong></span> <span class='ocrx_word' id='word_1_72' title='bbox 1357 735 1556 780; x_wconf 88' lang='grc' dir='ltr'><strong><em>πλειόνων</em></strong></span> <span class='ocrx_word' id='word_1_73' title='bbox 1584 736 1686 779; x_wconf 78' lang='grc' dir='ltr'><strong><em>σκύ-</em></strong></span> 
     </span>
     <span class='ocr_line' id='line_1_10' title="bbox 267 800 1687 859; baseline -0.004 -9"><span class='ocrx_word' id='word_1_74' title='bbox 267 812 350 850; x_wconf 89' lang='grc' dir='ltr'><strong>λων</strong></span> <span class='ocrx_word' id='word_1_75' title='bbox 391 804 741 857; x_wconf 79' lang='grc' dir='ltr'><strong><em>ὗποσαινομένους</em></strong></span> <span class='ocrx_word' id='word_1_76' title='bbox 784 804 948 859; x_wconf 79' lang='grc' dir='ltr'><strong><em>ἐφέσει,</em></strong></span> <span class='ocrx_word' id='word_1_77' title='bbox 991 804 1154 855; x_wconf 80' lang='grc' dir='ltr'><strong><em>μέλλειν</em></strong></span> <span class='ocrx_word' id='word_1_78' title='bbox 1190 805 1248 852; x_wconf 83' lang='grc' dir='ltr'><strong><em>εἷς</em></strong></span> <span class='ocrx_word' id='word_1_79' title='bbox 1287 802 1359 844; x_wconf 83' lang='grc' dir='ltr'><strong>τὸν</strong></span> <span class='ocrx_word' id='word_1_80' title='bbox 1403 800 1576 856; x_wconf 77' lang='grc' dir='ltr'><strong><em>ἔσχατον</em></strong></span> <span class='ocrx_word' id='word_1_81' title='bbox 1615 801 1687 844; x_wconf 84' lang='grc' dir='ltr'><strong><em>καί</em></strong></span> 
     </span>
     <span class='ocr_line' id='line_1_11' title="bbox 267 866 1750 928; baseline -0.003 -14"><span class='ocrx_word' id='word_1_82' title='bbox 267 873 503 928; x_wconf 75' lang='grc' dir='ltr'><strong><em>ἀπρόοπτον</em></strong></span> <span class='ocrx_word' id='word_1_83' title='bbox 533 866 703 924; x_wconf 68' lang='grc' dir='ltr'><strong><em>ὄλεθρον</em></strong></span> <span class='ocrx_word' id='word_1_84' title='bbox 731 870 1015 921; x_wconf 77' lang='grc' dir='ltr'><strong><em>ἐμπεσεῖσθαι,</em></strong></span> <span class='ocrx_word' id='word_1_85' title='bbox 1042 870 1113 910; x_wconf 86' lang='grc' dir='ltr'><em>καί</em></span> <span class='ocrx_word' id='word_1_86' title='bbox 1138 870 1208 910; x_wconf 76' lang='grc' dir='ltr'><strong><em>ἐπὶ</em></strong></span> <span class='ocrx_word' id='word_1_87' title='bbox 1237 867 1424 923; x_wconf 78' lang='grc' dir='ltr'><strong><em>κορυφήν</em></strong></span> <span class='ocrx_word' id='word_1_88' title='bbox 1451 868 1588 909; x_wconf 69' lang='grc' dir='ltr'><strong><em>αὐτῶν</em></strong></span> <span class='ocrx_word' id='word_1_89' title='bbox 1613 867 1688 922; x_wconf 78' lang='grc' dir='ltr'><strong><em>τὴν</em></strong></span> <span class='ocrx_word' id='word_1_90' title='bbox 1705 889 1750 915; x_wconf 75' lang='lat' dir='ltr'><strong>to</strong></span> 
     </span>
     <span class='ocr_line' id='line_1_12' title="bbox 228 927 1688 990; baseline -0.003 -11"><span class='ocrx_word' id='word_1_91' title='bbox 228 938 432 983; x_wconf 83' lang='grc' dir='ltr'><strong><em>Βοῖδικίαν</em></strong></span> <span class='ocrx_word' id='word_1_92' title='bbox 461 935 599 977; x_wconf 71' lang='grc' dir='ltr'><strong><em>αὐτῶν</em></strong></span> <span class='ocrx_word' id='word_1_93' title='bbox 628 932 951 988; x_wconf 76' lang='grc' dir='ltr'><strong><em>καταβήσεσθαι.</em></strong></span> <span class='ocrx_word' id='word_1_94' title='bbox 979 927 1029 987; x_wconf 77' lang='grc' dir='ltr'><strong><em>ἦν</em></strong></span> <span class='ocrx_word' id='word_1_95' title='bbox 1056 935 1102 975; x_wconf 81' lang='grc' dir='ltr'><strong>δὲ</strong></span> <span class='ocrx_word' id='word_1_96' title='bbox 1120 935 1252 975; x_wconf 78' lang='grc' dir='ltr'><strong><em>ταῦτα</em></strong></span> <span class='ocrx_word' id='word_1_97' title='bbox 1273 933 1393 974; x_wconf 76' lang='grc' dir='ltr'><strong><em>οὐδὲν</em></strong></span> <span class='ocrx_word' id='word_1_98' title='bbox 1413 929 1441 987; x_wconf 77' lang='grc' dir='ltr'><em>ἢ</em></span> <span class='ocrx_word' id='word_1_99' title='bbox 1464 932 1615 987; x_wconf 76' lang='grc' dir='ltr'><strong><em>ἀνδρὸς</em></strong></span> <span class='ocrx_word' id='word_1_100' title='bbox 1635 935 1688 990; x_wconf 81' lang='grc' dir='ltr'><strong><em>τῇ</em></strong></span> 
     </span>
     <span class='ocr_line' id='line_1_13' title="bbox 269 994 1687 1059; baseline -0.004 -15"><span class='ocrx_word' id='word_1_101' title='bbox 269 1002 397 1059; x_wconf 63' lang='grc' dir='ltr'><strong><em>φύσει</em></strong></span> <span class='ocrx_word' id='word_1_102' title='bbox 423 1002 506 1043; x_wconf 77' lang='grc' dir='ltr'><strong>τῶν</strong></span> <span class='ocrx_word' id='word_1_103' title='bbox 532 996 785 1054; x_wconf 76' lang='grc' dir='ltr'><strong><em>πραγμάτων</em></strong></span> <span class='ocrx_word' id='word_1_104' title='bbox 813 994 1143 1052; x_wconf 82' lang='grc' dir='ltr'><strong><em>ἆντιμαχομένου</em></strong></span> <span class='ocrx_word' id='word_1_105' title='bbox 1172 996 1384 1052; x_wconf 73' lang='grc' dir='ltr'><strong><em>προδήλως</em></strong></span> <span class='ocrx_word' id='word_1_106' title='bbox 1414 996 1570 1050; x_wconf 83' lang='grc' dir='ltr'><strong><em>αἱμύλα</em></strong></span> <span class='ocrx_word' id='word_1_107' title='bbox 1589 1013 1687 1053; x_wconf 80' lang='grc' dir='ltr'><strong><em>προ·</em></strong></span> 
     </span>
     <span class='ocr_line' id='line_1_14' title="bbox 267 1059 1689 1123; baseline -0.004 -14"><span class='ocrx_word' id='word_1_108' title='bbox 267 1069 461 1123; x_wconf 79' lang='grc' dir='ltr'><strong><em>βλήματα</em></strong></span> <span class='ocrx_word' id='word_1_109' title='bbox 481 1067 554 1107; x_wconf 83' lang='grc' dir='ltr'><em>καί</em></span> <span class='ocrx_word' id='word_1_110' title='bbox 579 1064 786 1114; x_wconf 78' lang='grc' dir='ltr'><strong><em>πολιτείας</em></strong></span> <span class='ocrx_word' id='word_1_111' title='bbox 804 1059 884 1118; x_wconf 78' lang='grc' dir='ltr'><strong>ἤδη</strong></span> <span class='ocrx_word' id='word_1_112' title='bbox 915 1066 999 1105; x_wconf 86' lang='grc' dir='ltr'><strong><em>κατ’</em></strong></span> <span class='ocrx_word' id='word_1_113' title='bbox 1023 1064 1152 1105; x_wconf 74' lang='grc' dir='ltr'><strong><em>αὐτοῦ</em></strong></span> <span class='ocrx_word' id='word_1_114' title='bbox 1184 1061 1513 1119; x_wconf 77' lang='grc' dir='ltr'><strong><em>φλεγμαινούσης</em></strong></span> <span class='ocrx_word' id='word_1_115' title='bbox 1554 1066 1689 1116; x_wconf 88' lang='grc' dir='ltr'><strong><em>μειλί-</em></strong></span> 
     </span>
     <span class='ocr_line' id='line_1_15' title="bbox 266 1125 1688 1188; baseline -0.003 -14"><span class='ocrx_word' id='word_1_116' title='bbox 266 1149 402 1188; x_wconf 80' lang='grc' dir='ltr'><strong><em>γματα</em></strong></span> <span class='ocrx_word' id='word_1_117' title='bbox 427 1126 487 1179; x_wconf 83' lang='grc' dir='ltr'><strong><em>οἷς</em></strong></span> <span class='ocrx_word' id='word_1_118' title='bbox 500 1131 572 1171; x_wconf 78' lang='grc' dir='ltr'><strong><em>οὐκ</em></strong></span> <span class='ocrx_word' id='word_1_119' title='bbox 585 1125 635 1184; x_wconf 78' lang='grc' dir='ltr'><strong><em>ἦν</em></strong></span> <span class='ocrx_word' id='word_1_120' title='bbox 651 1128 948 1184; x_wconf 79' lang='grc' dir='ltr'><strong><em>ἅρρενούμενος</em></strong></span> <span class='ocrx_word' id='word_1_121' title='bbox 964 1127 1036 1170; x_wconf 75' lang='grc' dir='ltr'><strong>καὶ</strong></span> <span class='ocrx_word' id='word_1_122' title='bbox 1045 1130 1178 1171; x_wconf 80' lang='grc' dir='ltr'><strong><em>πᾶσαν</em></strong></span> <span class='ocrx_word' id='word_1_123' title='bbox 1187 1126 1377 1182; x_wconf 73' lang='grc' dir='ltr'><strong><em>μηχανήν</em></strong></span> <span class='ocrx_word' id='word_1_124' title='bbox 1395 1126 1558 1181; x_wconf 81' lang='grc' dir='ltr'><strong><em>μετιών,</em></strong></span> <span class='ocrx_word' id='word_1_125' title='bbox 1576 1125 1688 1178; x_wconf 77' lang='grc' dir='ltr'><strong><em>ὅπως</em></strong></span> 
     </span>
     <span class='ocr_line' id='line_1_16' title="bbox 269 1192 1750 1250; baseline -0.001 -13"><span class='ocrx_word' id='word_1_126' title='bbox 269 1196 540 1250; x_wconf 77' lang='grc' dir='ltr'><strong><em>ἀποσοβήσειε</em></strong></span> <span class='ocrx_word' id='word_1_127' title='bbox 565 1193 608 1236; x_wconf 78' lang='lat' dir='ltr'><strong>td</strong></span> <span class='ocrx_word' id='word_1_128' title='bbox 639 1192 927 1248; x_wconf 76' lang='grc' dir='ltr'><strong><em>ἀλλόγλωττον.</em></strong></span> <span class='ocrx_word' id='word_1_129' title='bbox 985 1196 1129 1248; x_wconf 85' lang='grc' dir='ltr'><strong><em>καίπερ</em></strong></span> <span class='ocrx_word' id='word_1_130' title='bbox 1158 1195 1203 1235; x_wconf 79' lang='grc' dir='ltr'><strong>δὲ</strong></span> <span class='ocrx_word' id='word_1_131' title='bbox 1226 1195 1423 1235; x_wconf 78' lang='grc' dir='ltr'><strong><em>τοιούτων</em></strong></span> <span class='ocrx_word' id='word_1_132' title='bbox 1447 1193 1519 1235; x_wconf 83' lang='grc' dir='ltr'><strong><em>καί</em></strong></span> <span class='ocrx_word' id='word_1_133' title='bbox 1543 1194 1686 1237; x_wconf 76' lang='lat' dir='ltr'><strong>romni-</strong></span> <span class='ocrx_word' id='word_1_134' title='bbox 1704 1199 1750 1241; x_wconf 80' lang='lat'><strong>15</strong></span> 
     </span>
     <span class='ocr_line' id='line_1_17' title="bbox 271 1258 1688 1316; baseline -0.001 -12"><span class='ocrx_word' id='word_1_135' title='bbox 271 1278 352 1305; x_wconf 90' lang='grc' dir='ltr'><strong>των</strong></span> <span class='ocrx_word' id='word_1_136' title='bbox 378 1259 623 1316; x_wconf 79' lang='grc' dir='ltr'><strong><em>ἐφεστώτων</em></strong></span> <span class='ocrx_word' id='word_1_137' title='bbox 648 1261 803 1312; x_wconf 76' lang='grc' dir='ltr'><strong><em>κακῶν,</em></strong></span> <span class='ocrx_word' id='word_1_138' title='bbox 833 1260 905 1300; x_wconf 85' lang='grc' dir='ltr'><em>καί</em></span> <span class='ocrx_word' id='word_1_139' title='bbox 929 1258 1093 1300; x_wconf 81' lang='grc' dir='ltr'><strong><em>πάντων</em></strong></span> <span class='ocrx_word' id='word_1_140' title='bbox 1121 1261 1337 1300; x_wconf 76' lang='grc' dir='ltr'><strong><em>πείσεσθαι</em></strong></span> <span class='ocrx_word' id='word_1_141' title='bbox 1368 1260 1688 1314; x_wconf 84' lang='grc' dir='ltr'><strong><em>φανταζομένων</em></strong></span> 
     </span>
     <span class='ocr_line' id='line_1_18' title="bbox 268 1319 1688 1381; baseline -0.002 -12"><span class='ocrx_word' id='word_1_142' title='bbox 268 1326 319 1370; x_wconf 79' lang='grc' dir='ltr'><strong><em>τὰ</em></strong></span> <span class='ocrx_word' id='word_1_143' title='bbox 350 1324 589 1379; x_wconf 78' lang='grc' dir='ltr'><strong><em>οἰκτρότατα</em></strong></span> <span class='ocrx_word' id='word_1_144' title='bbox 616 1326 689 1366; x_wconf 82' lang='grc' dir='ltr'>καί</span> <span class='ocrx_word' id='word_1_145' title='bbox 714 1323 769 1372; x_wconf 78' lang='grc' dir='ltr'><strong>ὥς</strong></span> <span class='ocrx_word' id='word_1_146' title='bbox 799 1319 878 1378; x_wconf 77' lang='grc' dir='ltr'><strong>ἤδη</strong></span> <span class='ocrx_word' id='word_1_147' title='bbox 906 1322 1120 1378; x_wconf 87' lang='grc' dir='ltr'><strong><em>παρόντων</em></strong></span> <span class='ocrx_word' id='word_1_148' title='bbox 1154 1322 1227 1364; x_wconf 75' lang='grc' dir='ltr'><strong>καὶ</strong></span> <span class='ocrx_word' id='word_1_149' title='bbox 1249 1322 1458 1366; x_wconf 71' lang='grc' dir='ltr'><strong><em>ἄνιώντων</em></strong></span> <span class='ocrx_word' id='word_1_150' title='bbox 1485 1323 1688 1381; x_wconf 80' lang='grc' dir='ltr'><strong><em>ὀδυρομέ-</em></strong></span> 
     </span>
     <span class='ocr_line' id='line_1_19' title="bbox 268 1383 1688 1446; baseline -0.001 -12"><span class='ocrx_word' id='word_1_151' title='bbox 268 1408 362 1444; x_wconf 83' lang='grc' dir='ltr'><strong><em>νων,</em></strong></span> <span class='ocrx_word' id='word_1_152' title='bbox 388 1387 408 1432; x_wconf 82' lang='grc' dir='ltr'><strong><em>ὃ</em></strong></span> <span class='ocrx_word' id='word_1_153' title='bbox 437 1391 483 1432; x_wconf 86' lang='grc' dir='ltr'><strong>δὲ</strong></span> <span class='ocrx_word' id='word_1_154' title='bbox 503 1387 669 1442; x_wconf 75' lang='grc' dir='ltr'><strong><em>ὁμαλῶς</em></strong></span> <span class='ocrx_word' id='word_1_155' title='bbox 683 1387 806 1444; x_wconf 79' lang='grc' dir='ltr'><strong><em>ἔφερε</em></strong></span> <span class='ocrx_word' id='word_1_156' title='bbox 830 1387 880 1429; x_wconf 71' lang='grc' dir='ltr'><strong><em>τά</em></strong></span> <span class='ocrx_word' id='word_1_157' title='bbox 908 1388 1134 1441; x_wconf 77' lang='grc' dir='ltr'><strong><em>α’νύποιστα</em></strong></span> <span class='ocrx_word' id='word_1_158' title='bbox 1160 1387 1233 1430; x_wconf 80' lang='grc' dir='ltr'><strong>καὶ</strong></span> <span class='ocrx_word' id='word_1_159' title='bbox 1257 1383 1342 1430; x_wconf 84' lang='grc' dir='ltr'><strong><em>οἷον</em></strong></span> <span class='ocrx_word' id='word_1_160' title='bbox 1368 1390 1434 1430; x_wconf 77' lang='grc' dir='ltr'><strong><em>ἐπ’</em></strong></span> <span class='ocrx_word' id='word_1_161' title='bbox 1459 1389 1688 1446; x_wconf 84' lang='grc' dir='ltr'><strong><em>α’λλοτρίοις</em></strong></span> 
     </span>
     <span class='ocr_line' id='line_1_20' title="bbox 270 1452 1687 1510; baseline -0.002 -12"><span class='ocrx_word' id='word_1_162' title='bbox 270 1459 416 1504; x_wconf 79' lang='grc' dir='ltr'><strong><em>δεινοῖς</em></strong></span> <span class='ocrx_word' id='word_1_163' title='bbox 442 1454 485 1497; x_wconf 86' lang='grc' dir='ltr'><strong><em>τὸ</em></strong></span> <span class='ocrx_word' id='word_1_164' title='bbox 515 1452 746 1510; x_wconf 90' lang='grc' dir='ltr'><strong><em>φιλόσοφον</em></strong></span> <span class='ocrx_word' id='word_1_165' title='bbox 772 1454 1053 1506; x_wconf 81' lang='grc' dir='ltr'><strong><em>ἐπεδείκνυτο,</em></strong></span> <span class='ocrx_word' id='word_1_166' title='bbox 1092 1455 1165 1495; x_wconf 83' lang='grc' dir='ltr'><em>καί</em></span> <span class='ocrx_word' id='word_1_167' title='bbox 1202 1455 1359 1507; x_wconf 81' lang='grc' dir='ltr'><strong><em>ταῦτα,</em></strong></span> <span class='ocrx_word' id='word_1_168' title='bbox 1404 1453 1449 1496; x_wconf 83' lang='grc' dir='ltr'><strong><em>εἴ</em></strong></span> <span class='ocrx_word' id='word_1_169' title='bbox 1479 1457 1556 1510; x_wconf 87' lang='grc' dir='ltr'><strong>πέρ</strong></span> <span class='ocrx_word' id='word_1_170' title='bbox 1596 1471 1687 1508; x_wconf 82' lang='grc' dir='ltr'><strong><em>τις,</em></strong></span> 
     </span>
     <span class='ocr_line' id='line_1_21' title="bbox 270 1516 1749 1578; baseline -0.001 -15"><span class='ocrx_word' id='word_1_171' title='bbox 270 1520 474 1578; x_wconf 82' lang='grc' dir='ltr'><strong><em>φίλαρχος</em></strong></span> <span class='ocrx_word' id='word_1_172' title='bbox 502 1516 560 1561; x_wconf 73' lang='grc' dir='ltr'><strong><em>ὢν</em></strong></span> <span class='ocrx_word' id='word_1_173' title='bbox 586 1518 658 1560; x_wconf 86' lang='grc' dir='ltr'><strong><em>καί</em></strong></span> <span class='ocrx_word' id='word_1_174' title='bbox 684 1520 738 1560; x_wconf 86' lang='grc' dir='ltr'><strong><em>δι’</em></strong></span> <span class='ocrx_word' id='word_1_175' title='bbox 777 1516 909 1574; x_wconf 77' lang='grc' dir='ltr'><strong><em>ἔρωτα</em></strong></span> <span class='ocrx_word' id='word_1_176' title='bbox 948 1520 1162 1571; x_wconf 88' lang='grc' dir='ltr'><strong><em>βασιλείας</em></strong></span> <span class='ocrx_word' id='word_1_177' title='bbox 1198 1521 1257 1568; x_wconf 84' lang='grc' dir='ltr'><strong><em>εἰς</em></strong></span> <span class='ocrx_word' id='word_1_178' title='bbox 1299 1518 1559 1574; x_wconf 70' lang='grc' dir='ltr'><strong><em>ἀπάνθρωπα</em></strong></span> <span class='ocrx_word' id='word_1_179' title='bbox 1601 1516 1749 1576; x_wconf 71' lang='grc' dir='ltr'><strong><em>ἦθηαο</em></strong></span> 
     </span>
     <span class='ocr_line' id='line_1_22' title="bbox 230 1580 1686 1638; baseline 0.002 -14"><span class='ocrx_word' id='word_1_180' title='bbox 230 1584 524 1634; x_wconf 76' lang='grc' dir='ltr'><strong><em>Οέκκυλισθείς</em></strong></span> <span class='ocrx_word' id='word_1_181' title='bbox 547 1586 621 1625; x_wconf 78' lang='grc' dir='ltr'><em>καί</em></span> <span class='ocrx_word' id='word_1_182' title='bbox 643 1580 869 1638; x_wconf 81' lang='grc' dir='ltr'><strong><em>τυράννους</em></strong></span> <span class='ocrx_word' id='word_1_183' title='bbox 904 1582 1160 1638; x_wconf 74' lang='grc' dir='ltr'><strong><em>ὕπερελὰσας</em></strong></span> <span class='ocrx_word' id='word_1_184' title='bbox 1201 1583 1295 1634; x_wconf 83' lang='grc' dir='ltr'><strong>τούς</strong></span> <span class='ocrx_word' id='word_1_185' title='bbox 1335 1583 1510 1626; x_wconf 78' lang='grc' dir='ltr'><strong><em>πώποτε.</em></strong></span> <span class='ocrx_word' id='word_1_186' title='bbox 1566 1582 1686 1627; x_wconf 75' lang='grc' dir='ltr'><strong><em>ἔνθεν</em></strong></span> 
     </span>
     <span class='ocr_line' id='line_1_23' title="bbox 266 1646 1686 1704; baseline -0.001 -12"><span class='ocrx_word' id='word_1_187' title='bbox 266 1666 333 1693; x_wconf 77' lang='grc' dir='ltr'><strong>τοι</strong></span> <span class='ocrx_word' id='word_1_188' title='bbox 361 1651 434 1690; x_wconf 85' lang='grc' dir='ltr'><em>καί</em></span> <span class='ocrx_word' id='word_1_189' title='bbox 474 1649 546 1704; x_wconf 80' lang='grc' dir='ltr'><strong><em>τῆς</em></strong></span> <span class='ocrx_word' id='word_1_190' title='bbox 585 1646 741 1697; x_wconf 88' lang='grc' dir='ltr'><strong><em>πόλεως</em></strong></span> <span class='ocrx_word' id='word_1_191' title='bbox 784 1646 977 1696; x_wconf 77' lang='grc' dir='ltr'><strong><em>πολλάκις</em></strong></span> <span class='ocrx_word' id='word_1_192' title='bbox 1020 1648 1346 1701; x_wconf 82' lang='grc' dir='ltr'><strong><em>α’πανιστὰμενος</em></strong></span> <span class='ocrx_word' id='word_1_193' title='bbox 1381 1648 1486 1702; x_wconf 77' lang='grc' dir='ltr'><strong><em>μετὰ</em></strong></span> <span class='ocrx_word' id='word_1_194' title='bbox 1517 1651 1686 1704; x_wconf 82' lang='grc' dir='ltr'><strong><em>χορείας</em></strong></span> 
     </span>
     <span class='ocr_line' id='line_1_24' title="bbox 266 1712 1686 1770; baseline -0.003 -12"><span class='ocrx_word' id='word_1_195' title='bbox 266 1713 484 1770; x_wconf 72' lang='grc' dir='ltr'><strong><em>ἑταιρίδων</em></strong></span> <span class='ocrx_word' id='word_1_196' title='bbox 511 1715 584 1754; x_wconf 86' lang='grc' dir='ltr'><em>καί</em></span> <span class='ocrx_word' id='word_1_197' title='bbox 604 1715 826 1755; x_wconf 80' lang='grc' dir='ltr'><strong><em>παλλακῶν</em></strong></span> <span class='ocrx_word' id='word_1_198' title='bbox 854 1714 1100 1768; x_wconf 79' lang='grc' dir='ltr'><strong><em>ἐφιλοκρίνει</em></strong></span> <span class='ocrx_word' id='word_1_199' title='bbox 1127 1712 1179 1755; x_wconf 80' lang='grc' dir='ltr'><strong>τοὶ</strong></span> <span class='ocrx_word' id='word_1_200' title='bbox 1207 1715 1289 1755; x_wconf 77' lang='grc' dir='ltr'><strong>τῶν</strong></span> <span class='ocrx_word' id='word_1_201' title='bbox 1319 1714 1454 1756; x_wconf 83' lang='grc' dir='ltr'><strong><em>τόπων</em></strong></span> <span class='ocrx_word' id='word_1_202' title='bbox 1482 1712 1686 1769; x_wconf 76' lang='grc' dir='ltr'><strong><em>ἐρημικοό-</em></strong></span> 
     </span>
     <span class='ocr_line' id='line_1_25' title="bbox 266 1774 1686 1836; baseline -0.001 -13"><span class='ocrx_word' id='word_1_203' title='bbox 266 1796 364 1836; x_wconf 86' lang='grc' dir='ltr'><strong><em>τερα</em></strong></span> <span class='ocrx_word' id='word_1_204' title='bbox 394 1781 464 1821; x_wconf 82' lang='grc' dir='ltr'><em>καί</em></span> <span class='ocrx_word' id='word_1_205' title='bbox 489 1774 549 1827; x_wconf 84' lang='grc' dir='ltr'><strong><em>οἷς</em></strong></span> <span class='ocrx_word' id='word_1_206' title='bbox 574 1778 600 1832; x_wconf 84' lang='grc' dir='ltr'><em>ἦ</em></span> <span class='ocrx_word' id='word_1_207' title='bbox 630 1778 710 1819; x_wconf 79' lang='grc' dir='ltr'><strong>τῶν</strong></span> <span class='ocrx_word' id='word_1_208' title='bbox 739 1778 873 1832; x_wconf 82' lang='grc' dir='ltr'><strong><em>α’έρων</em></strong></span> <span class='ocrx_word' id='word_1_209' title='bbox 902 1776 1144 1828; x_wconf 76' lang='grc' dir='ltr'><strong><em>ἐπλεόναζεν</em></strong></span> <span class='ocrx_word' id='word_1_210' title='bbox 1172 1777 1371 1834; x_wconf 72' lang='grc' dir='ltr'><strong><em>εὐκρασία</em></strong></span> <span class='ocrx_word' id='word_1_211' title='bbox 1387 1811 1400 1832; x_wconf 84' lang='grc'>,</span> <span class='ocrx_word' id='word_1_212' title='bbox 1431 1781 1502 1822; x_wconf 84' lang='grc' dir='ltr'>καί</span> <span class='ocrx_word' id='word_1_213' title='bbox 1527 1782 1686 1835; x_wconf 76' lang='grc' dir='ltr'><strong><em>θηρίων</em></strong></span> 
     </span>
    </p>
   </div>
   <div class='ocr_carea' id='block_1_3' title="bbox 366 1889 1333 1936">
    <p class='ocr_par' dir='ltr' id='par_1_3' title="bbox 366 1889 1333 1936">
     <span class='ocr_line' id='line_1_26' title="bbox 366 1889 1333 1936; baseline -0.002 -11"><span class='ocrx_word' id='word_1_214' title='bbox 366 1901 416 1925; x_wconf 91' lang='lat'><strong>12.</strong></span> <span class='ocrx_word' id='word_1_215' title='bbox 439 1889 590 1936; x_wconf 81' lang='grc' dir='ltr'><strong><em>αἱμύλα]</em></strong></span> <span class='ocrx_word' id='word_1_216' title='bbox 614 1889 722 1936; x_wconf 80' lang='grc' dir='ltr'><strong><em>λόγοι</em></strong></span> <span class='ocrx_word' id='word_1_217' title='bbox 748 1889 1006 1936; x_wconf 86' lang='grc' dir='ltr'><strong><em>μετριαστικοὶ</em></strong></span> <span class='ocrx_word' id='word_1_218' title='bbox 1034 1890 1097 1923; x_wconf 78' lang='grc' dir='ltr'><strong><em>καὶ</em></strong></span> <span class='ocrx_word' id='word_1_219' title='bbox 1128 1890 1274 1935; x_wconf 79' lang='grc' dir='ltr'><strong><em>γελοῖοι</em></strong></span> <span class='ocrx_word' id='word_1_220' title='bbox 1297 1892 1333 1925; x_wconf 88' lang='lat' dir='ltr'><strong>B.</strong></span> 
     </span>
    </p>
   </div>
   <div class='ocr_carea' id='block_1_4' title="bbox 269 1994 1687 2780">
    <p class='ocr_par' dir='ltr' id='par_1_4' title="bbox 269 1994 1687 2780">
     <span class='ocr_line' id='line_1_27' title="bbox 271 1994 1685 2043; baseline 0.003 -15"><span class='ocrx_word' id='word_1_221' title='bbox 271 2008 346 2029; x_wconf 89' lang='lat' dir='ltr'><strong>rum</strong></span> <span class='ocrx_word' id='word_1_222' title='bbox 372 1994 538 2034; x_wconf 83' lang='lat' dir='ltr'><strong>dicebat,</strong></span> <span class='ocrx_word' id='word_1_223' title='bbox 577 1994 874 2039; x_wconf 83' lang='lat' dir='ltr'>quemadmodum</span> <span class='ocrx_word' id='word_1_224' title='bbox 909 1999 1094 2028; x_wconf 83' lang='lat' dir='ltr'>venatores</span> <span class='ocrx_word' id='word_1_225' title='bbox 1129 1996 1324 2040; x_wconf 81' lang='lat' dir='ltr'>singulares</span> <span class='ocrx_word' id='word_1_226' title='bbox 1357 2008 1470 2043; x_wconf 78' lang='lat' dir='ltr'><strong>apros.</strong></span> <span class='ocrx_word' id='word_1_227' title='bbox 1508 2008 1567 2031; x_wconf 87' lang='lat' dir='ltr'><strong>eos</strong></span> <span class='ocrx_word' id='word_1_228' title='bbox 1592 1999 1685 2032; x_wconf 86' lang='lat' dir='ltr'><strong>enim</strong></span> 
     </span>
     <span class='ocr_line' id='line_1_28' title="bbox 269 2040 1686 2087; baseline 0.003 -13"><span class='ocrx_word' id='word_1_229' title='bbox 269 2042 442 2087; x_wconf 78' lang='lat' dir='ltr'><strong>paulatim</strong></span> <span class='ocrx_word' id='word_1_230' title='bbox 466 2052 486 2073; x_wconf 83' lang='lat' dir='ltr'>a</span> <span class='ocrx_word' id='word_1_231' title='bbox 507 2040 600 2073; x_wconf 84' lang='lat' dir='ltr'><strong>saltu</strong></span> <span class='ocrx_word' id='word_1_232' title='bbox 626 2040 829 2073; x_wconf 82' lang='lat' dir='ltr'><strong>recedentes</strong></span> <span class='ocrx_word' id='word_1_233' title='bbox 855 2046 891 2074; x_wconf 82' lang='lat' dir='ltr'><strong>et</strong></span> <span class='ocrx_word' id='word_1_234' title='bbox 910 2051 1022 2073; x_wconf 81' lang='lat' dir='ltr'><strong>escam</strong></span> <span class='ocrx_word' id='word_1_235' title='bbox 1045 2048 1299 2086; x_wconf 80' lang='lat' dir='ltr'><strong>persequentes</strong></span> <span class='ocrx_word' id='word_1_236' title='bbox 1328 2043 1366 2077; x_wconf 88' lang='lat' dir='ltr'><strong>in</strong></span> <span class='ocrx_word' id='word_1_237' title='bbox 1389 2044 1537 2077; x_wconf 81' lang='lat' dir='ltr'><strong>insidias</strong></span> <span class='ocrx_word' id='word_1_238' title='bbox 1563 2050 1600 2078; x_wconf 88' lang='lat' dir='ltr'><strong>et</strong></span> <span class='ocrx_word' id='word_1_239' title='bbox 1623 2045 1686 2078; x_wconf 88' lang='lat' dir='ltr'><strong>de-</strong></span> 
     </span>
     <span class='ocr_line' id='line_1_29' title="bbox 270 2086 1687 2132; baseline 0.003 -12"><span class='ocrx_word' id='word_1_240' title='bbox 270 2089 426 2132; x_wconf 80' lang='lat' dir='ltr'><strong>cipulam</strong></span> <span class='ocrx_word' id='word_1_241' title='bbox 449 2086 593 2131; x_wconf 86' lang='lat' dir='ltr'><strong>pellici,</strong></span> <span class='ocrx_word' id='word_1_242' title='bbox 626 2098 667 2119; x_wconf 83' lang='lat' dir='ltr'><strong>ac</strong></span> <span class='ocrx_word' id='word_1_243' title='bbox 688 2087 866 2119; x_wconf 81' lang='lat' dir='ltr'><strong>venabulo</strong></span> <span class='ocrx_word' id='word_1_244' title='bbox 893 2088 1049 2131; x_wconf 82' lang='lat' dir='ltr'><strong>transfigi</strong></span> <span class='ocrx_word' id='word_1_245' title='bbox 1077 2093 1140 2121; x_wconf 81' lang='lat' dir='ltr'><strong>aut</strong></span> <span class='ocrx_word' id='word_1_246' title='bbox 1164 2089 1379 2132; x_wconf 86' lang='lat' dir='ltr'><strong>profundum</strong></span> <span class='ocrx_word' id='word_1_247' title='bbox 1413 2091 1540 2123; x_wconf 81' lang='lat' dir='ltr'><strong>vulnus</strong></span> <span class='ocrx_word' id='word_1_248' title='bbox 1572 2092 1609 2123; x_wconf 92' lang='lat' dir='ltr'><strong>in</strong></span> <span class='ocrx_word' id='word_1_249' title='bbox 1634 2093 1687 2124; x_wconf 78' lang='lat' dir='ltr'><strong>vi-</strong></span> 
     </span>
     <span class='ocr_line' id='line_1_30' title="bbox 271 2132 1686 2178; baseline 0.002 -11"><span class='ocrx_word' id='word_1_250' title='bbox 271 2134 428 2167; x_wconf 86' lang='lat' dir='ltr'><strong>sceribus</strong></span> <span class='ocrx_word' id='word_1_251' title='bbox 443 2133 612 2176; x_wconf 83' lang='lat' dir='ltr'><strong>accipere.</strong></span> <span class='ocrx_word' id='word_1_252' title='bbox 626 2133 735 2166; x_wconf 84' lang='lat' dir='ltr'><strong>Italos</strong></span> <span class='ocrx_word' id='word_1_253' title='bbox 753 2133 877 2165; x_wconf 90' lang='lat' dir='ltr'><strong>eodem</strong></span> <span class='ocrx_word' id='word_1_254' title='bbox 898 2132 1016 2172; x_wconf 87' lang='lat' dir='ltr'><strong>modo,</strong></span> <span class='ocrx_word' id='word_1_255' title='bbox 1033 2135 1135 2178; x_wconf 85' lang='lat' dir='ltr'><strong>quasi</strong></span> <span class='ocrx_word' id='word_1_256' title='bbox 1157 2135 1344 2168; x_wconf 83' lang='lat' dir='ltr'><strong>resistente</strong></span> <span class='ocrx_word' id='word_1_257' title='bbox 1359 2137 1501 2169; x_wconf 88' lang='lat' dir='ltr'><strong>nemine</strong></span> <span class='ocrx_word' id='word_1_258' title='bbox 1525 2147 1686 2178; x_wconf 85' lang='lat' dir='ltr'><strong>securos,</strong></span> 
     </span>
     <span class='ocr_line' id='line_1_31' title="bbox 269 2178 1686 2224; baseline 0.002 -11"><span class='ocrx_word' id='word_1_259' title='bbox 269 2186 307 2214; x_wconf 88' lang='lat' dir='ltr'><strong>et</strong></span> <span class='ocrx_word' id='word_1_260' title='bbox 333 2178 486 2212; x_wconf 85' lang='lat' dir='ltr'><strong>subinde</strong></span> <span class='ocrx_word' id='word_1_261' title='bbox 521 2179 665 2211; x_wconf 82' lang='lat' dir='ltr'><strong>maioris</strong></span> <span class='ocrx_word' id='word_1_262' title='bbox 698 2179 851 2223; x_wconf 86' lang='lat' dir='ltr'><strong>praedae</strong></span> <span class='ocrx_word' id='word_1_263' title='bbox 876 2179 1072 2224; x_wconf 80' lang='lat' dir='ltr'><strong>cupiditate</strong></span> <span class='ocrx_word' id='word_1_264' title='bbox 1106 2180 1390 2224; x_wconf 83' lang='lat' dir='ltr'><strong>progredientes,</strong></span> <span class='ocrx_word' id='word_1_265' title='bbox 1421 2183 1458 2215; x_wconf 91' lang='lat' dir='ltr'><strong>in</strong></span> <span class='ocrx_word' id='word_1_266' title='bbox 1492 2188 1686 2217; x_wconf 84' lang='lat' dir='ltr'><strong>extremum</strong></span> 
     </span>
     <span class='ocr_line' id='line_1_32' title="bbox 270 2225 1687 2272; baseline 0.003 -14"><span class='ocrx_word' id='word_1_267' title='bbox 270 2232 308 2260; x_wconf 80' lang='lat' dir='ltr'><strong>et</strong></span> <span class='ocrx_word' id='word_1_268' title='bbox 339 2225 569 2270; x_wconf 88' lang='lat' dir='ltr'><strong>improvisum</strong></span> <span class='ocrx_word' id='word_1_269' title='bbox 595 2225 779 2258; x_wconf 85' lang='lat' dir='ltr'><strong>interitum</strong></span> <span class='ocrx_word' id='word_1_270' title='bbox 796 2226 1002 2270; x_wconf 87' lang='lat' dir='ltr'><strong>delapsuros</strong></span> <span class='ocrx_word' id='word_1_271' title='bbox 1021 2231 1057 2258; x_wconf 87' lang='lat' dir='ltr'><strong>et</strong></span> <span class='ocrx_word' id='word_1_272' title='bbox 1078 2226 1249 2258; x_wconf 87' lang='lat' dir='ltr'><strong>scelerum</strong></span> <span class='ocrx_word' id='word_1_273' title='bbox 1275 2239 1416 2260; x_wconf 89' lang='lat' dir='ltr'><strong>suorum</strong></span> <span class='ocrx_word' id='word_1_274' title='bbox 1433 2240 1564 2272; x_wconf 82' lang='lat' dir='ltr'><strong>poenas</strong></span> <span class='ocrx_word' id='word_1_275' title='bbox 1581 2229 1687 2263; x_wconf 82' lang='lat' dir='ltr'><strong>datu-</strong></span> 
     </span>
     <span class='ocr_line' id='line_1_33' title="bbox 269 2270 1687 2319; baseline 0.004 -16"><span class='ocrx_word' id='word_1_276' title='bbox 269 2284 336 2306; x_wconf 84' lang='lat' dir='ltr'><strong>ros.</strong></span> <span class='ocrx_word' id='word_1_277' title='bbox 362 2282 454 2316; x_wconf 82' lang='lat' dir='ltr'><strong>quae</strong></span> <span class='ocrx_word' id='word_1_278' title='bbox 476 2270 583 2304; x_wconf 80' lang='lat' dir='ltr'><strong>verba</strong></span> <span class='ocrx_word' id='word_1_279' title='bbox 608 2270 700 2303; x_wconf 90' lang='lat' dir='ltr'><strong>nihil</strong></span> <span class='ocrx_word' id='word_1_280' title='bbox 728 2277 827 2304; x_wconf 81' lang='lat' dir='ltr'><strong>erant</strong></span> <span class='ocrx_word' id='word_1_281' title='bbox 851 2271 949 2304; x_wconf 87' lang='lat' dir='ltr'><strong>aliud</strong></span> <span class='ocrx_word' id='word_1_282' title='bbox 972 2273 1041 2304; x_wconf 89' lang='lat' dir='ltr'><strong>nisi</strong></span> <span class='ocrx_word' id='word_1_283' title='bbox 1066 2272 1187 2304; x_wconf 85' lang='lat' dir='ltr'><strong>futiles</strong></span> <span class='ocrx_word' id='word_1_284' title='bbox 1215 2274 1370 2306; x_wconf 83' lang='lat' dir='ltr'><strong>rationes</strong></span> <span class='ocrx_word' id='word_1_285' title='bbox 1395 2275 1472 2314; x_wconf 89' lang='lat' dir='ltr'><strong>viri,</strong></span> <span class='ocrx_word' id='word_1_286' title='bbox 1496 2276 1559 2319; x_wconf 89' lang='lat' dir='ltr'><strong>qui</strong></span> <span class='ocrx_word' id='word_1_287' title='bbox 1584 2287 1687 2319; x_wconf 79' lang='lat' dir='ltr'><strong>aper-</strong></span> 
     </span>
     <span class='ocr_line' id='line_1_34' title="bbox 269 2318 1686 2364; baseline 0.002 -12"><span class='ocrx_word' id='word_1_288' title='bbox 269 2325 307 2352; x_wconf 86' lang='lat' dir='ltr'><strong>te</strong></span> <span class='ocrx_word' id='word_1_289' title='bbox 332 2320 482 2352; x_wconf 67' lang='lat' dir='ltr'><strong>naturae</strong></span> <span class='ocrx_word' id='word_1_290' title='bbox 510 2327 626 2349; x_wconf 89' lang='lat' dir='ltr'><strong>rerum</strong></span> <span class='ocrx_word' id='word_1_291' title='bbox 653 2318 872 2362; x_wconf 84' lang='lat' dir='ltr'><strong>repugnabat</strong></span> <span class='ocrx_word' id='word_1_292' title='bbox 895 2323 931 2350; x_wconf 85' lang='lat' dir='ltr'><strong>et</strong></span> <span class='ocrx_word' id='word_1_293' title='bbox 956 2318 1170 2351; x_wconf 79' lang='lat' dir='ltr'><strong>concitatum</strong></span> <span class='ocrx_word' id='word_1_294' title='bbox 1195 2325 1317 2351; x_wconf 86' lang='lat' dir='ltr'><strong>contra</strong></span> <span class='ocrx_word' id='word_1_295' title='bbox 1339 2331 1376 2352; x_wconf 88' lang='lat' dir='ltr'><strong>se</strong></span> <span class='ocrx_word' id='word_1_296' title='bbox 1399 2321 1569 2364; x_wconf 86' lang='lat' dir='ltr'><strong>populum</strong></span> <span class='ocrx_word' id='word_1_297' title='bbox 1593 2322 1686 2355; x_wconf 89' lang='lat' dir='ltr'><strong>leni-</strong></span> 
     </span>
     <span class='ocr_line' id='line_1_35' title="bbox 271 2363 1687 2407; baseline 0.002 -9"><span class='ocrx_word' id='word_1_298' title='bbox 271 2376 309 2398; x_wconf 89' lang='lat' dir='ltr'><strong>re</strong></span> <span class='ocrx_word' id='word_1_299' title='bbox 332 2363 520 2406; x_wconf 77' lang='lat' dir='ltr'><strong>studebat3</strong></span> <span class='ocrx_word' id='word_1_300' title='bbox 542 2373 614 2395; x_wconf 90' lang='lat' dir='ltr'><strong>non</strong></span> <span class='ocrx_word' id='word_1_301' title='bbox 643 2369 762 2396; x_wconf 86' lang='lat' dir='ltr'><strong>autem</strong></span> <span class='ocrx_word' id='word_1_302' title='bbox 780 2374 821 2396; x_wconf 88' lang='lat' dir='ltr'><strong>eo</strong></span> <span class='ocrx_word' id='word_1_303' title='bbox 846 2364 1076 2407; x_wconf 82' lang='lat' dir='ltr'><strong>pertinebant</strong></span> <span class='ocrx_word' id='word_1_304' title='bbox 1106 2370 1146 2397; x_wconf 85' lang='lat' dir='ltr'><strong>ut</strong></span> <span class='ocrx_word' id='word_1_305' title='bbox 1171 2375 1213 2396; x_wconf 80' lang='lat' dir='ltr'><strong>ex</strong></span> <span class='ocrx_word' id='word_1_306' title='bbox 1242 2365 1308 2398; x_wconf 87' lang='lat' dir='ltr'><strong>viri</strong></span> <span class='ocrx_word' id='word_1_307' title='bbox 1331 2366 1431 2399; x_wconf 84' lang='lat' dir='ltr'><strong>sortis</strong></span> <span class='ocrx_word' id='word_1_308' title='bbox 1457 2367 1570 2400; x_wconf 80' lang='lat' dir='ltr'><strong>ossicio</strong></span> <span class='ocrx_word' id='word_1_309' title='bbox 1593 2367 1687 2401; x_wconf 84' lang='lat' dir='ltr'><strong>nihil</strong></span> 
     </span>
     <span class='ocr_line' id='line_1_36' title="bbox 271 2409 1687 2457; baseline 0.002 -13"><span class='ocrx_word' id='word_1_310' title='bbox 271 2409 489 2444; x_wconf 68' lang='lat' dir='ltr'><strong>intentatum</strong></span> <span class='ocrx_word' id='word_1_311' title='bbox 526 2409 765 2453; x_wconf 82' lang='lat' dir='ltr'><strong>relinqueret,</strong></span> <span class='ocrx_word' id='word_1_312' title='bbox 802 2420 872 2454; x_wconf 90' lang='lat' dir='ltr'><strong>quo</strong></span> <span class='ocrx_word' id='word_1_313' title='bbox 897 2410 1066 2443; x_wconf 81' lang='lat' dir='ltr'><strong>barbaros</strong></span> <span class='ocrx_word' id='word_1_314' title='bbox 1101 2410 1312 2454; x_wconf 78' lang='lat' dir='ltr'><strong>profligaret.</strong></span> <span class='ocrx_word' id='word_1_315' title='bbox 1342 2423 1422 2444; x_wconf 80' lang='lat' dir='ltr'><strong>nam</strong></span> <span class='ocrx_word' id='word_1_316' title='bbox 1449 2414 1606 2457; x_wconf 78' lang='lat' dir='ltr'><strong>quamvis</strong></span> <span class='ocrx_word' id='word_1_317' title='bbox 1631 2419 1687 2448; x_wconf 84' lang='lat' dir='ltr'><strong>tot</strong></span> 
     </span>
     <span class='ocr_line' id='line_1_37' title="bbox 273 2455 1687 2502; baseline 0.002 -11"><span class='ocrx_word' id='word_1_318' title='bbox 273 2463 309 2491; x_wconf 89' lang='lat' dir='ltr'><strong>et</strong></span> <span class='ocrx_word' id='word_1_319' title='bbox 333 2462 433 2490; x_wconf 78' lang='lat' dir='ltr'><strong>tanta</strong></span> <span class='ocrx_word' id='word_1_320' title='bbox 459 2455 551 2488; x_wconf 82' lang='lat' dir='ltr'><strong>mala</strong></span> <span class='ocrx_word' id='word_1_321' title='bbox 572 2455 765 2494; x_wconf 80' lang='lat' dir='ltr'><strong>instarent,</strong></span> <span class='ocrx_word' id='word_1_322' title='bbox 799 2461 838 2488; x_wconf 89' lang='lat' dir='ltr'><strong>ut</strong></span> <span class='ocrx_word' id='word_1_323' title='bbox 863 2466 983 2488; x_wconf 85' lang='lat' dir='ltr'><strong>omnes</strong></span> <span class='ocrx_word' id='word_1_324' title='bbox 1007 2457 1223 2489; x_wconf 85' lang='lat' dir='ltr'><strong>atrocissima</strong></span> <span class='ocrx_word' id='word_1_325' title='bbox 1245 2468 1408 2502; x_wconf 86' lang='lat' dir='ltr'><strong>quaeque</strong></span> <span class='ocrx_word' id='word_1_326' title='bbox 1433 2459 1602 2493; x_wconf 84' lang='lat' dir='ltr'><strong>timerent</strong></span> <span class='ocrx_word' id='word_1_327' title='bbox 1622 2461 1687 2494; x_wconf 86' lang='lat' dir='ltr'><strong>iis-</strong></span> 
     </span>
     <span class='ocr_line' id='line_1_38' title="bbox 273 2501 1685 2552; baseline 0.004 -17"><span class='ocrx_word' id='word_1_328' title='bbox 273 2514 344 2548; x_wconf 86' lang='lat' dir='ltr'><strong>que</strong></span> <span class='ocrx_word' id='word_1_329' title='bbox 367 2502 498 2536; x_wconf 49' lang='lat' dir='ltr'><strong>veluti*</strong></span> <span class='ocrx_word' id='word_1_330' title='bbox 519 2501 588 2533; x_wconf 86' lang='lat' dir='ltr'><strong>iam</strong></span> <span class='ocrx_word' id='word_1_331' title='bbox 621 2501 827 2544; x_wconf 83' lang='lat' dir='ltr'><strong>urgentibus</strong></span> <span class='ocrx_word' id='word_1_332' title='bbox 860 2507 1091 2544; x_wconf 81' lang='lat' dir='ltr'><strong>angerentur,</strong></span> <span class='ocrx_word' id='word_1_333' title='bbox 1123 2503 1186 2536; x_wconf 89' lang='lat' dir='ltr'><strong>ille</strong></span> <span class='ocrx_word' id='word_1_334' title='bbox 1211 2514 1265 2535; x_wconf 89' lang='lat' dir='ltr'><strong>res</strong></span> <span class='ocrx_word' id='word_1_335' title='bbox 1300 2503 1546 2539; x_wconf 84' lang='lat' dir='ltr'><strong>intolerabiles</strong></span> <span class='ocrx_word' id='word_1_336' title='bbox 1569 2517 1685 2552; x_wconf 81' lang='lat' dir='ltr'><strong>aequo</strong></span> 
     </span>
     <span class='ocr_line' id='line_1_39' title="bbox 273 2547 1686 2596; baseline 0.003 -13"><span class='ocrx_word' id='word_1_337' title='bbox 273 2549 413 2583; x_wconf 78' lang='lat' dir='ltr'><strong>serebat</strong></span> <span class='ocrx_word' id='word_1_338' title='bbox 435 2548 574 2588; x_wconf 86' lang='lat' dir='ltr'><strong>animo,</strong></span> <span class='ocrx_word' id='word_1_339' title='bbox 601 2551 637 2579; x_wconf 86' lang='lat' dir='ltr'><strong>et</strong></span> <span class='ocrx_word' id='word_1_340' title='bbox 661 2548 698 2579; x_wconf 91' lang='lat' dir='ltr'><strong>in</strong></span> <span class='ocrx_word' id='word_1_341' title='bbox 724 2547 849 2580; x_wconf 81' lang='lat' dir='ltr'><strong>alienis</strong></span> <span class='ocrx_word' id='word_1_342' title='bbox 873 2547 976 2580; x_wconf 82' lang='lat' dir='ltr'><strong>malis</strong></span> <span class='ocrx_word' id='word_1_343' title='bbox 1000 2547 1331 2593; x_wconf 51' lang='lat' dir='ltr'><strong>philosophabatur,</strong></span> <span class='ocrx_word' id='word_1_344' title='bbox 1358 2551 1466 2596; x_wconf 85' lang='lat' dir='ltr'><strong>idque</strong></span> <span class='ocrx_word' id='word_1_345' title='bbox 1491 2553 1528 2585; x_wconf 91' lang='lat' dir='ltr'><strong>in</strong></span> <span class='ocrx_word' id='word_1_346' title='bbox 1551 2564 1686 2586; x_wconf 80' lang='lat' dir='ltr'><strong>summa</strong></span> 
     </span>
     <span class='ocr_line' id='line_1_40' title="bbox 274 2593 1686 2644; baseline 0.003 -15"><span class='ocrx_word' id='word_1_347' title='bbox 274 2595 470 2629; x_wconf 82' lang='lat' dir='ltr'><strong>ambitione</strong></span> <span class='ocrx_word' id='word_1_348' title='bbox 500 2598 537 2626; x_wconf 88' lang='lat' dir='ltr'><strong>et</strong></span> <span class='ocrx_word' id='word_1_349' title='bbox 573 2593 769 2637; x_wconf 84' lang='lat' dir='ltr'><strong>cupiditate</strong></span> <span class='ocrx_word' id='word_1_350' title='bbox 803 2594 962 2638; x_wconf 89' lang='lat' dir='ltr'><strong>imperii,</strong></span> <span class='ocrx_word' id='word_1_351' title='bbox 997 2605 1066 2639; x_wconf 83' lang='lat' dir='ltr'><strong>qua</strong></span> <span class='ocrx_word' id='word_1_352' title='bbox 1109 2595 1153 2627; x_wconf 82' lang='lat' dir='ltr'><strong>ad</strong></span> <span class='ocrx_word' id='word_1_353' title='bbox 1183 2595 1477 2631; x_wconf 78' lang='lat' dir='ltr'><strong>inhumanitatem</strong></span> <span class='ocrx_word' id='word_1_354' title='bbox 1513 2599 1686 2644; x_wconf 82' lang='lat' dir='ltr'><strong>impulsus</strong></span> 
     </span>
     <span class='ocr_line' id='line_1_41' title="bbox 275 2640 1684 2685; baseline 0.002 -10"><span class='ocrx_word' id='word_1_355' title='bbox 275 2653 397 2675; x_wconf 89' lang='lat' dir='ltr'><strong>omnes</strong></span> <span class='ocrx_word' id='word_1_356' title='bbox 428 2646 594 2685; x_wconf 79' lang='lat' dir='ltr'><strong>tyrannos</strong></span> <span class='ocrx_word' id='word_1_357' title='bbox 617 2640 679 2684; x_wconf 85' lang='lat' dir='ltr'><strong>qui</strong></span> <span class='ocrx_word' id='word_1_358' title='bbox 704 2650 859 2683; x_wconf 82' lang='lat' dir='ltr'><strong>unquam</strong></span> <span class='ocrx_word' id='word_1_359' title='bbox 898 2640 996 2672; x_wconf 82' lang='lat' dir='ltr'><strong>suere</strong></span> <span class='ocrx_word' id='word_1_360' title='bbox 1020 2642 1208 2684; x_wconf 80' lang='lat' dir='ltr'><strong>superavit.</strong></span> <span class='ocrx_word' id='word_1_361' title='bbox 1234 2642 1278 2674; x_wconf 80' lang='lat' dir='ltr'><strong>ad</strong></span> <span class='ocrx_word' id='word_1_362' title='bbox 1303 2641 1407 2683; x_wconf 82' lang='lat' dir='ltr'><strong>haec,</strong></span> <span class='ocrx_word' id='word_1_363' title='bbox 1431 2650 1472 2677; x_wconf 85' lang='lat' dir='ltr'><strong>ut</strong></span> <span class='ocrx_word' id='word_1_364' title='bbox 1496 2652 1571 2679; x_wconf 78' lang='lat' dir='ltr'><strong>emt</strong></span> <span class='ocrx_word' id='word_1_365' title='bbox 1599 2647 1684 2678; x_wconf 81' lang='lat' dir='ltr'><strong>luxu</strong></span> 
     </span>
     <span class='ocr_line' id='line_1_42' title="bbox 275 2687 1685 2732; baseline 0.003 -11"><span class='ocrx_word' id='word_1_366' title='bbox 275 2692 459 2732; x_wconf 86' lang='lat' dir='ltr'><strong>corruptus</strong></span> <span class='ocrx_word' id='word_1_367' title='bbox 474 2712 483 2727; x_wconf 88' lang='lat'>‚</span> <span class='ocrx_word' id='word_1_368' title='bbox 507 2697 586 2719; x_wconf 85' lang='lat' dir='ltr'><strong>cum</strong></span> <span class='ocrx_word' id='word_1_369' title='bbox 610 2691 714 2718; x_wconf 90' lang='lat' dir='ltr'><strong>coetu</strong></span> <span class='ocrx_word' id='word_1_370' title='bbox 741 2692 935 2719; x_wconf 80' lang='lat' dir='ltr'><strong>scortorum</strong></span> <span class='ocrx_word' id='word_1_371' title='bbox 958 2691 994 2718; x_wconf 80' lang='lat' dir='ltr'><strong>et</strong></span> <span class='ocrx_word' id='word_1_372' title='bbox 1020 2687 1187 2730; x_wconf 88' lang='lat' dir='ltr'><strong>pellicum</strong></span> <span class='ocrx_word' id='word_1_373' title='bbox 1212 2689 1248 2720; x_wconf 92' lang='lat' dir='ltr'><strong>in</strong></span> <span class='ocrx_word' id='word_1_374' title='bbox 1276 2688 1351 2721; x_wconf 83' lang='lat' dir='ltr'><strong>loca</strong></span> <span class='ocrx_word' id='word_1_375' title='bbox 1376 2690 1514 2723; x_wconf 79' lang='lat' dir='ltr'><strong>deserta</strong></span> <span class='ocrx_word' id='word_1_376' title='bbox 1538 2697 1574 2725; x_wconf 86' lang='lat' dir='ltr'><strong>et</strong></span> <span class='ocrx_word' id='word_1_377' title='bbox 1595 2697 1685 2724; x_wconf 84' lang='lat' dir='ltr'><strong>tem-</strong></span> 
     </span>
     <span class='ocr_line' id='line_1_43' title="bbox 275 2732 1683 2780; baseline 0.003 -12"><span class='ocrx_word' id='word_1_378' title='bbox 275 2740 398 2780; x_wconf 74' lang='lat' dir='ltr'><strong>perata</strong></span> <span class='ocrx_word' id='word_1_379' title='bbox 420 2732 584 2768; x_wconf 84' lang='lat' dir='ltr'><strong>secedere</strong></span> <span class='ocrx_word' id='word_1_380' title='bbox 610 2737 646 2766; x_wconf 86' lang='lat' dir='ltr'><strong>et</strong></span> <span class='ocrx_word' id='word_1_381' title='bbox 669 2732 822 2767; x_wconf 81' lang='lat' dir='ltr'><strong>serarum</strong></span> <span class='ocrx_word' id='word_1_382' title='bbox 846 2743 943 2767; x_wconf 86' lang='lat' dir='ltr'><strong>more</strong></span> <span class='ocrx_word' id='word_1_383' title='bbox 969 2733 1145 2770; x_wconf 80' lang='lat' dir='ltr'><strong>convalles</strong></span> <span class='ocrx_word' id='word_1_384' title='bbox 1170 2740 1205 2768; x_wconf 88' lang='lat' dir='ltr'><strong>et</strong></span> <span class='ocrx_word' id='word_1_385' title='bbox 1231 2734 1400 2770; x_wconf 76' lang='lat' dir='ltr'><strong>herbosos</strong></span> <span class='ocrx_word' id='word_1_386' title='bbox 1425 2738 1534 2772; x_wconf 81' lang='lat' dir='ltr'><strong>saltus</strong></span> <span class='ocrx_word' id='word_1_387' title='bbox 1561 2749 1683 2773; x_wconf 80' lang='lat' dir='ltr'><strong>conse-</strong></span> 
     </span>
    </p>
   </div>
  </div>
 </body>
</html>
