1878 3230
265 164 379 232 480
692 178 921 221 NICETAE
959 175 1269 220 cnomATAE

263 298 324 333 μα
363 281 457 322 τότε
499 276 746 331 πληροῦντες
771 274 1075 331 ἐπευφήμησαν
1104 281 1190 326 τοῖς
1217 277 1506 331 λελαλημένοις
1535 278 1695 329 τούτοις

265 348 339 388 καί
369 341 658 399 ἐπερρόθησαν
686 337 743 389 ὥς
767 342 920 395 μικροῦ
950 342 1092 396 φωνῆς
1119 338 1335 398 ἀκηκοότες
1360 345 1488 395 θεοῦ,
1519 346 1591 386 καί
1615 346 1697 393 πᾶς

263 411 481 464 ἐνηχηθείς
519 404 562 448 τὸ
593 406 710 462 ῥῆμα
743 405 864 447 τουτὶ
900 406 1077 461 δώρημα
1105 409 1210 448 θεοῦ
1236 407 1307 450 τὸν
1333 409 1509 461 βασιλέα
1542 411 1696 452 τέλειον

261 474 401 528 ἔλεγε,
429 470 533 528 πρὸς
561 471 634 527 τὴν
660 474 735 513 τοῦ
756 473 1058 526 ἐπηγγελμένον
1090 473 1293 527 ἐργωδιῖιν
1318 473 1428 528 ὅρῶν
1457 472 1528 514 καί
1556 471 1600 514 τὸ
1626 477 1696 528 τῆς

126 549 162 583 P.
181 552 247 586 236
260 537 488 592 πραότητος
516 538 621 579 πολύ
665 536 1007 592 ἐκπληττόμενος·
1071 540 1179 593 μηδὲ
1206 538 1282 593 γὰρ
1312 540 1467 590 ἐξεῖναί
1487 554 1569 580 τινι
1586 571 1600 592 ‚
1626 538 1733 584 καὶὸ

256 602 439 656 μάλιστα
485 603 771 657 βασιλεύοντι,
824 605 1064 658 μοχθηρίαν
1111 604 1277 659 φύσεως
1326 606 1470 660 φέρειν
1507 604 1698 659 ἀκίνητον

257 668 362 723 πρὸς
389 667 435 709 τὸ
467 674 649 722 κρεῖττον
680 665 710 723 ἢ
741 666 1072 722 δυσμετάθετον,
1103 665 1132 723 ἢ
1160 671 1314 723 στέγειν
1343 664 1564 724 ἄνθρωπον
1592 669 1696 710 (ino-

257 732 452 775 στατικὸν
474 735 545 775 καί
572 732 821 791 λῃστεύοντα
849 732 921 788 τὴν
951 735 1115 789 α’ρχήν,
1144 732 1221 776 κιῖν
1248 734 1400 790 ἀρετῆς
1429 738 1694 786 μεταποιοῖτο

256 798 442 851 μάλιστα
469 801 541 841 καί
565 797 668 852 μετοὶ
699 800 842 851 Δαβίδ
868 800 942 839 ου’κ
972 799 1262 855 οἷνταποδιδοίη
1281 805 1365 850 τοῖς
1394 799 1695 841 α’νταποδιδοῧ-

256 880 299 906 σι
331 864 462 918 κακά,
492 859 517 919 ἢ
546 862 720 917 ψάλλων
747 862 812 918 εἴη
842 867 931 905 κατ’
965 866 1115 907 ἐκεῖνον
1141 867 1185 907 ἐν
1214 871 1373 918 καιροῖς
1399 864 1694 906 κινδυνώδεσιν
1713 881 1757 907 ιο

254 928 520 982 ,,ε’κύκλωσα’ν
540 945 593 982 με
621 928 724 972 ὦσεί
747 932 944 982 μέλισσαι
983 931 1146 984 κηρίον,
1175 931 1246 971 καί
1268 932 1326 986 τῷ
1350 926 1522 982 ὄνόματι
1547 927 1693 984 κυρίου

256 993 480 1049 ἠμυνάμην
521 992 717 1042 αὕτούς.”
762 992 890 1044 αὐτὸς
916 996 1056 1048 μέντοι
1082 994 1282 1049 βασιλευς
1312 994 1694 1050 α’ντιφθεγγομένην

257 1060 474 1114 προδήλως
501 1062 551 1117 τῇ
577 1059 734 1116 γλώττῃ
762 1062 1034 1116 καθυπέφηνε
1060 1059 1164 1114 μετὰ
1183 1058 1320 1115 βραχύ
1339 1058 1412 1115 τήν
1438 1061 1694 1115 προαίρεσιν,

215 1126 325 1167 nnat*
355 1123 493 1179 ὥσπερ
523 1127 565 1166 ἐν
587 1127 641 1181 τῷ
677 1126 809 1179 λέγειν
837 1126 891 1166 ου’
934 1127 1209 1178 διεστείλατο,
1240 1122 1349 1167 οὕτω
1380 1124 1457 1166 κᾶν
1481 1126 1537 1182 τῷ
1563 1124 1695 1180 πράτ-

253 1206 336 1232 τειν
364 1187 412 1230 οὗ
445 1189 745 1242 συνεστείλατο,
774 1189 880 1232 ἀλλὰ
907 1193 1060 1244 μικροῦ
1090 1188 1344 1246 διημιλλήθη
1374 1190 1617 1247 Ἀνδρονίκῳ
1644 1188 1689 1232 ui
1709 1190 1756 1232 15

254 1253 585 1310 προσκεκρουκὸς
616 1253 848 1308 σινόμενος,
888 1254 946 1310 μὴ
975 1254 1020 1296 τὸ
1064 1257 1136 1297 τοῦ
1147 1257 1410 1308 Σολομῶντος
1435 1256 1639 1311 ἐπῃνεκώς
1667 1251 1693 1295 ὅ

253 1337 380 1377 φησιν
397 1318 585 1374 ,,α’γαθὸν
603 1320 646 1362 τὸ
672 1322 731 1374 μὴ
747 1315 954 1370 εὔξασθαι
975 1317 1003 1375 ἢ
1031 1316 1236 1372 εὔξασθαι
1256 1320 1327 1363 καί
1344 1320 1402 1374 μὴ
1423 1321 1690 1362 α’ποδοῦναι.”

358 1385 406 1427 Ὁ
434 1387 480 1427 δέ
507 1400 551 1439 γε
581 1387 656 1428 τοῦ
677 1381 845 1428 Ἰκονίου
874 1386 1100 1435 σουλτάνος
1130 1382 1200 1442 (ἦν
1229 1387 1275 1427 δὲ
1303 1385 1430 1427 εἰσέτι
1457 1383 1479 1426 ὅ
1507 1387 1692 1437 Κλιτζα-

254 1451 412 1502 σθλὰν,
442 1450 641 1505 εὕγηρίαν
683 1446 794 1506 ἄγων
823 1453 895 1493 καί
929 1450 1102 1505 γεγονώς
1129 1451 1234 1505 ὑπὲρ
1264 1448 1333 1506 ἔτη
1360 1449 1410 1492 τὰ
1439 1445 1692 1504 ἑβδομήκον-

251 1516 322 1570 τα)
355 1512 428 1556 τὸν
464 1515 729 1571 Ἀνδρονίκου
772 1517 1011 1565 ἐνωτισθείς
1047 1513 1231 1558 θάνατον
1257 1516 1328 1557 καί
1357 1513 1432 1569 τήν
1459 1514 1752 1570 α’νὰρρησινςιο

345 1660 372 1682 ι.
406 1647 674 1694 ἐπευφημισαν
703 1653 781 1686 τοῖς
815 1649 1079 1692 λαληθεῖσιᾋ.
1256 1648 1288 1691 4.
1316 1646 1606 1693 ἐπαγγέλματος
1643 1649 1686 1686 Δ.

338 1697 372 1727 6.
397 1693 544 1741 φέρειν]
572 1695 740 1739 ἐνεγκεῖν
764 1696 805 1728 Α.
925 1699 957 1731 8.
983 1693 1249 1742 μεταποιοΐτο]
1277 1692 1472 1738 α’ντέχοιτο
1492 1693 1686 1735 δαυῖιικῆς

340 1740 410 1774 οὐκ
438 1735 719 1778 ἀνταποδιδοὺς
744 1742 783 1774 Α.
861 1753 910 1776 ιο.
936 1743 1068 1785 ψάλλει
1106 1753 1139 1778 κ.
1166 1743 1205 1775 Α.
1306 1750 1354 1774 12.
1379 1738 1684 1785 ἐπιφθεγγόμε-

339 1799 387 1821 ιά
414 1807 460 1813 -—-
482 1789 537 1831 βρ.
562 1781 606 1820 τὰ
634 1788 876 1834 πραττόμενα
905 1789 944 1821 Α.
1043 1789 1094 1823 15.
1117 1788 1166 1832 τῷ
1193 1785 1297 1832 dude·
1317 1788 1354 1820 A.
1457 1796 1506 1832 ¹7.
1533 1784 1554 1828 ἢ
1581 1788 1620 1820 τὸ
1643 1788 1682 1821 A.

345 1836 394 1867 18.
424 1830 586 1870 σουλτοῖν
608 1834 649 1869 Α.

248 1956 340 1979 nem.
367 1956 407 1978 ac
440 1945 466 1978 ii
494 1946 557 1991 qui
595 1950 670 1979 tum
694 1947 732 1979 in
758 1946 909 1979 consilio
943 1945 1113 1986 aderant,
1139 1957 1179 1979 ea
1204 1944 1312 1978 verba
1340 1948 1381 1978 ut
1403 1942 1575 1977 divinitus
1599 1954 1683 1989 pro-

248 1993 320 2024 lata
345 1993 489 2025 summis
511 1992 678 2025 laudibus
702 1998 738 2026 et
758 1993 861 2025 laetis
888 1992 1205 2025 acclamationibus
1231 1997 1315 2024 sunt
1339 1990 1532 2035 prosecuti..
1559 2001 1683 2024 omnes

248 2038 294 2070 ad
321 2049 472 2082 quorum
511 2050 613 2071 aures
641 2050 682 2071 ea
707 2039 871 2083 pervenit
903 2039 1034 2079 oratio,
1061 2038 1270 2071 difficultate
1299 2036 1375 2070 eius
1400 2037 1451 2069 rei
1476 2036 1682 2069 considera-

247 2089 303 2124 ta,
332 2089 369 2117 et
391 2085 528 2128 ingenti
553 2085 831 2118 mansuetudine
856 2085 1108 2129 obstupefacti,
1134 2084 1339 2117 absolutum
1363 2083 1422 2116 dei
1457 2082 1589 2115 donum
1609 2083 1678 2114 im-

246 2135 447 2174 peratorem
471 2131 572 2163 illum
608 2142 684 2164 esse
721 2131 949 2164 affirmarunt.
976 2142 1094 2176 neque
1122 2131 1217 2163 enim
1241 2141 1345 2175 posse
1373 2139 1589 2173 quenquam,
1611 2129 1680 2161 im-

247 2181 448 2220 peratorem
472 2178 700 2221 praesertim,
725 2177 991 2222 improbitatem
1010 2183 1159 2210 naturae
1187 2175 1490 2209 inemendabilem
1512 2174 1680 2215 tolerare,

247 2227 311 2254 aut
336 2222 427 2254 serre
445 2222 661 2256 desertorem
688 2229 724 2256 et
746 2224 887 2268 imperii
911 2229 1148 2263 vastatorem,
1172 2223 1241 2256 etsi
1269 2221 1438 2254 Davidica
1471 2220 1606 2252 virtute
1631 2222 1679 2254 sit

246 2267 453 2312 praeditus,
490 2270 553 2313 qui
588 2270 723 2302 malum
761 2270 855 2302 malo
884 2282 956 2302 non
984 2275 1111 2314 penset
1135 2275 1198 2302 aut
1219 2267 1430 2312 periculosis
1453 2267 1678 2310 temporibus

247 2319 352 2347 canat
370 2315 705 2354 „circumdederunt
719 2327 775 2348 me
789 2321 829 2349 ut
845 2327 928 2360 apes
947 2316 1076 2356 favum,
1100 2326 1163 2359 ego
1187 2325 1271 2348 vero
1291 2314 1436 2346 nomine
1452 2311 1588 2344 domini
1615 2323 1676 2346 eos

245 2361 485 2405 propulsavi.”
510 2367 690 2394 caeterum
705 2362 781 2406 ipse
805 2363 998 2406 imperator
1021 2362 1119 2395 brevi
1135 2366 1259 2405 postea
1284 2360 1356 2403 egit
1379 2369 1471 2403 quae
1495 2369 1572 2390 cum
1598 2359 1676 2392 eius

246 2407 410 2440 oratione
444 2406 590 2440 minime
616 2408 909 2449 consentiebant;
937 2413 973 2440 et
996 2412 1036 2440 ut
1058 2408 1095 2439 in
1120 2406 1271 2440 dicendo
1296 2405 1397 2437 nulla
1423 2404 1675 2446 distinctione,

246 2454 298 2486 ita
322 2453 429 2486 etiam
454 2453 492 2485 in
518 2454 654 2497 agendo
680 2454 769 2486 adeo
794 2454 895 2486 nulla
919 2453 1164 2486 moderatione
1189 2463 1273 2485 usus
1299 2456 1363 2490 est,
1390 2456 1431 2483 ut
1457 2462 1581 2495 parum
1609 2451 1674 2484 ab·-

247 2504 342 2532 esset
364 2500 452 2544 quin
477 2499 690 2532 ulciscendis
716 2500 870 2532 inimicis
895 2499 1137 2532 Andronicum
1161 2499 1380 2537 imitaretur,
1416 2498 1579 2540 neglecto
1607 2497 1673 2529 illo

247 2545 467 2586 Solomonio‚
497 2556 568 2591 quo
597 2545 727 2579 dicitur
751 2551 931 2590 praestare
946 2557 1017 2578 non
1048 2545 1164 2578 facere
1184 2550 1305 2578 votum
1331 2554 1437 2588 quam
1455 2548 1576 2576 votum
1599 2554 1673 2576 non

266 2591 334 2623 edd
400 2616 408 2624 .

248 2603 264 2624 ¹·
338 2603 484 2671 {nterim
509 2638 623 2671 Iconii
654 2637 824 2672 Sultanus
853 2637 1102 2671 Clizasthlanis
1126 2636 1224 2670 felici
1252 2641 1394 2669 senecta
1420 2636 1514 2668 ultra
1539 2646 1670 2668 annum

249 2684 337 2716 Lxx
364 2695 591 2729 progressus,
617 2695 695 2717 cum
723 2684 915 2718 Andronici
941 2684 1147 2723 interitum,
1173 2683 1229 2715 cui
1255 2683 1481 2716 successisset
1504 2682 1670 2721 Isaacius,

248 2730 466 2772 audivisset,
490 2736 527 2765 et
549 2742 589 2764 ea
613 2742 705 2776 quae
731 2731 769 2764 iu
796 2731 1048 2776 imperatorum
1072 2730 1331 2765 mutationibus
1357 2729 1517 2763 accidere
1542 2728 1670 2768 solent,
