1878 3230
0 2677 11 2820 *man-:w'

334 180 406 222 DE
443 179 641 221 Ammo
681 177 875 221 isAAcn
916 178 1113 223 ANGEm
1153 178 1237 220 ra.
1279 179 1377 220 Lm.
1416 183 1450 222 1.
1530 160 1640 219 615

207 277 382 332 δόρατος
401 278 722 333 ἀπαιωρούμενοι
741 278 813 319 καί
830 278 1091 331 α’νεμούμενα
1110 278 1298 334 διάφορα
1313 285 1405 330 ταῖς
1413 286 1592 336 χροιαῖς,
1607 282 1647 323 εἰ

205 345 278 384 καί
295 343 352 396 μή
375 350 466 393 ταῖς
486 342 629 400 ὖφαῖς,
650 343 830 400 νήματα.
857 347 988 385 ταῦτα
1015 346 1116 395 μιᾶς
1132 345 1210 394 μὲν
1229 345 1512 400 προελήλυθεν
1527 346 1642 400 ὕλης,

206 412 278 450 καί
305 405 365 458 εἷς
392 407 577 465 ὑφάντης
607 406 718 451 αὕτα
749 410 1008 464 ἐμηρύσατο·
1039 415 1125 458 τοῖς
1148 411 1194 450 δὲ
1216 409 1415 465 χρώμασι
1449 410 1682 456 &andr-B

206 490 324 516 τοντα
358 475 574 517 διεστάναι
595 475 762 517 δοκοῦσι
779 477 853 516 καί
869 474 973 515 κατά
992 473 1039 516 τὸ
1056 477 1129 516 τοῦ
1150 471 1256 516 εἶναι
1275 475 1485 531 ποιητικὸν
1501 475 1643 520 αἴτιον.

170 535 295 584 5ἆλλ’
326 541 402 581 οὐκ
429 537 516 582 ἔστι
545 541 667 582 τοῦτο
687 573 699 592 ‚
729 542 804 581 οὐκ
834 538 961 582 ἐστιν.
1024 539 1231 589 Ἰσαάκιος
1261 537 1336 581 οὖν
1366 541 1437 583 καί
1465 542 1645 592 Ἀλέξιος

205 603 245 646 οἱ
275 604 516 659 ὅμαιζαονες,
545 600 603 646 ὧν
633 604 657 645 ὅ
684 607 762 657 μὲν
787 607 859 660 τῆς
887 607 1106 658 βασιλείας
1135 600 1215 660 ἤδη
1245 604 1509 662 καθῄρηται,
1541 606 1562 647 ό
1598 609 1644 649 δὲ

204 673 502 726 τηβεννοφορεῑ·
535 673 610 711 νῦν
645 672 720 711 καί
765 672 973 712 δίαδεῐται
1013 669 1175 726 ἀρχικῷ
1206 670 1528 727 στεφανώματι,
1569 673 1643 715 ἕνα

203 738 326 778 τοκέα
354 735 500 789 ἔσχον,
528 737 599 791 τῆς
632 737 764 790 αὐτῆς
807 736 959 791 νηδύος
987 735 1241 789 ἐξώλισθον,
1272 735 1372 778 κατὰ
1407 736 1482 791 τήν
1513 736 1646 791 αιῖτὴν

202 803 440 856 γεγένηνται
473 801 572 855 γῆν,
601 800 653 843 τά
696 798 822 844 πάνθ’
861 798 987 854 ὅμοια
1034 800 1347 857 ἐκληρώσαντο,
1389 798 1466 844 κᾶν
1494 800 1646 858 ἅτερος

146 877 191 903 10
203 867 358 908 τούτων
379 866 565 917 Ἀλέξιος
595 869 652 924 τῷ
677 867 815 924 χρόνῳ
844 866 1037 922 προήκων
1061 863 1259 923 ἑώραται.
1314 864 1410 909 ὅθεν
1440 869 1540 910 ου’δὲ
1569 886 1643 911 κα..

201 931 254 974 τά
281 931 379 981 τούς
416 934 625 985 πολέμους
662 933 902 988 διαφέροιεν
941 927 1019 986 ἅν,
1060 932 1116 982 ὥς
1139 931 1277 987 ἔμοιγε
1302 935 1404 986 γοῦν
1431 936 1548 976 δοκεῖ
1573 934 1647 985 καὶ

201 997 259 1046 ὥς
287 999 332 1040 ἐν
378 998 502 1055 πείρα
546 999 694 1047 πάντες
720 996 983 1052 γνωσόμεθα.
1048 1000 1206 1053 χρῆναι
1234 1001 1375 1041 τοίνυν
1402 1002 1514 1055 φημί
1539 1001 1642 1052 μετὰ

201 1064 274 1118 τῆς
307 1065 436 1118 αὐτῆς
466 1062 540 1105 καί
565 1065 773 1119 προτέρας
800 1066 1039 1119 προθέσεως
1066 1063 1137 1105 καί
1164 1062 1290 1106 πάλιν
1317 1065 1401 1106 τῶν
1427 1063 1534 1107 κατὰ
1565 1064 1641 1106 πό·

201 1131 327 1180 λεμον
372 1126 605 1182 ἅπτεσθαι,
643 1127 809 1176 εἰδότας
851 1126 909 1177 ὥς
949 1125 1010 1177 οἷς
1036 1131 1109 1170 καί
1141 1128 1343 1183 πρότερον
1374 1130 1418 1180 ἐξ
1446 1131 1640 1178 ἐναντίας

143 1191 189 1231 15
199 1194 350 1248 μοίρας
391 1196 464 1236 καί
502 1195 576 1236 νῦν
622 1192 890 1248 στησόμεθα,
934 1194 1001 1235 ἵνα
1037 1192 1094 1248 μή
1138 1196 1211 1235 καί
1245 1196 1436 1248 χείροσιν
1481 1192 1681 1247 dhonne

200 1261 373 1314 α’φορῶν
399 1260 477 1312 μὲν
503 1258 576 1301 καί
587 1258 693 1313 πρὸς
719 1257 764 1300 τό
790 1260 1150 1313 καταβεβλημένον
1181 1261 1254 1300 και*
1280 1258 1531 1313 ἀτονώτερον
1557 1254 1637 1314 ἤδη

200 1324 397 1380 φρόνημα
429 1326 511 1368 τῶν
536 1323 774 1378 Ῥωμαίων,
818 1325 862 1366 oi*
883 1323 1081 1378 πολλάκις
1106 1324 1182 1380 ὑφ’
1212 1323 1329 1378 ἡμῶν
1355 1326 1640 1380 τροπωθέντες

198 1389 289 1431 οὐδ’
328 1385 442 1441 ἅπαξ
475 1389 528 1432 τά
558 1395 648 1431 κατ’
689 1388 844 1438 αὐτοὺς
879 1390 1108 1442 ἀναλαβεῖν
1143 1388 1348 1444 ἐσχήκασι
1374 1390 1600 1445 πράγματα
1623 1422 1637 1444 ,

199 1457 350 1497 ἐννοῶν
378 1456 424 1498 δὲ
455 1454 528 1498 καί
563 1454 615 1510 ἢν
652 1454 803 1497 θεόθεν
847 1455 1135 1497 ἐπεσπάσαντο
1165 1455 1252 1496 οἵδε
1277 1457 1432 1510 μῆνιν,
1462 1453 1533 1496 τὸν
1561 1456 1640 1496 αιῖ-

137 1537 188 1565 20
200 1519 297 1569 τούς
323 1524 498 1576 βαρείας
518 1522 760 1576 τυραννίδος
804 1520 1076 1575 οἷπηλλαχότα
1098 1518 1305 1564 Ἰσαάκιον
1326 1523 1544 1573 βασιλείας
1574 1522 1639 1562 ἐν·

200 1583 329 1637 νόμου
359 1586 663 1642 καθῃρηκότες·
695 1584 733 1626 οἱ
754 1585 833 1640 γάρ
864 1582 975 1626 οὕτω
1002 1584 1106 1626 κατὰ
1137 1588 1219 1626 τιδι’·
1247 1584 1487 1626 σεσωκότων
1518 1585 1636 1626 ὅπλι-

199 1649 371 1702 σάμενοι
400 1652 474 1691 οὐκ
513 1648 565 1692 ἂν
602 1650 805 1706 φθάνοιεν
834 1648 918 1691 zinci
948 1651 1029 1691 ταῖν
1073 1651 1243 1704 ἐχθρῶν
1270 1648 1327 1699 ὦς
1351 1651 1637 1704 παράσπονδοι

201 1711 536 1770 ἆναιρούμενοι.”
602 1713 812 1765 τοιαύταις
854 1715 1038 1769 γνώμαις
1073 1712 1095 1757 ὃ
1122 1714 1335 1771 βάρβαρος
1372 1716 1424 1758 τὰ
1456 1719 1538 1759 τῶν
1567 1718 1638 1759 ὑπ’

200 1932 377 1973 quantum
404 1927 508 1967 licet,
535 1926 774 1960 similitudine
803 1926 994 1971 depingam
1020 1931 1057 1959 et
1080 1936 1191 1970 genus
1218 1926 1294 1959 eius
1321 1925 1510 1966 declarem,
1534 1927 1640 1960 vide-v

198 1976 247 2009 tis
271 1975 332 2007 fila
370 1974 501 2007 diversi
527 1974 657 2006 coloris
675 1999 685 2014 ,
716 1973 784 2006 etsi
810 1984 884 2006 non
917 1972 1078 2005 diversae
1103 1973 1222 2012 telae,
1248 1972 1293 2005 de
1318 1972 1420 2005 hasta
1443 1984 1523 2006 mea
1546 1985 1636 2018 pen-

200 2020 349 2054 dentia?
375 2021 463 2054 haec
489 2032 561 2053 una
598 2019 796 2064 eademque
819 2020 969 2053 materia
997 2024 1186 2059 constant,
1211 2018 1259 2051 ab
1284 2029 1354 2052 uno
1381 2025 1522 2052 textore
1547 2031 1635 2053 con·

198 2067 294 2101 fecta
318 2072 412 2102 sunt.
437 2066 501 2100 sed
525 2068 610 2112 quia
635 2066 815 2099 coloribus
836 2066 1062 2110 discrepant,
1089 2076 1133 2098 ex
1158 2066 1229 2098 alia
1255 2066 1404 2098 materia
1430 2071 1467 2098 et
1490 2066 1535 2098 ab
1561 2067 1638 2100 alio

198 2112 335 2148 artifice
360 2114 523 2147 confecta
545 2119 740 2158 putantur,
781 2124 861 2145 cum
891 2123 944 2145 res
973 2111 1079 2145 aliter
1106 2123 1183 2145 sese
1222 2111 1366 2145 habeat.
1403 2112 1529 2144 eodem
1557 2124 1635 2146 mo-

199 2161 246 2193 do
270 2161 428 2194 Isaacius
469 2165 506 2193 et
528 2159 673 2193 Alexius
709 2160 837 2192 fratres
853 2184 862 2199 ,
897 2170 1050 2203 quorum
1076 2158 1168 2191 alter
1191 2159 1344 2204 imperio
1370 2158 1532 2191 deiectus
1557 2158 1634 2200 est,

197 2208 290 2240 alter
311 2218 470 2252 purpura
495 2211 532 2240 et
555 2206 760 2240 diademate
785 2205 934 2249 insignis
960 2205 1202 2249 conspicitur,
1228 2205 1381 2238 eundem
1405 2206 1543 2249 patrem
1569 2205 1636 2238 ha·-

197 2253 375 2294 buerunt,
412 2253 542 2292 eodem
570 2258 672 2286 utero
698 2257 782 2286 sunt
817 2252 926 2291 editi,
962 2251 1087 2284 eadem
1120 2257 1215 2284 terra
1238 2252 1334 2292 nati,
1360 2252 1479 2285 omnia
1509 2251 1638 2286 eadem

198 2306 282 2333 sunt
304 2300 507 2340 consecuti,
533 2300 693 2345 quamvis
718 2299 864 2332 Alexius
889 2299 938 2331 sit
961 2303 1048 2331 natu
1074 2299 1196 2331 maior.
1225 2310 1357 2343 quare,
1383 2309 1462 2330 mea
1487 2298 1636 2343 quidem

198 2348 397 2387 sententia,
413 2356 490 2380 'nec
513 2347 551 2379 in
568 2357 604 2380 re
627 2346 776 2379 militari
802 2345 993 2390 quicquam
1016 2345 1111 2377 inter
1135 2356 1196 2378 eos
1224 2345 1407 2388 intererit3
1432 2345 1577 2390 iamque
1597 2356 1636 2377 re

198 2392 276 2436 ipsa
301 2404 422 2426 omnes
451 2404 713 2437 cognoscemus.
738 2393 861 2436 itaque
887 2392 1061 2424 rationem
1087 2391 1176 2425 belli
1198 2391 1388 2436 pristinam
1413 2391 1635 2436 sequendam

199 2449 277 2471 esse
299 2440 404 2472 nubis
444 2439 598 2480 affirmo,
633 2451 713 2473 cum
740 2439 869 2471 iisdem
895 2449 991 2471 arma
1016 2437 1204 2470 inferenda
1228 2438 1302 2471 sint
1328 2449 1417 2483 quos
1444 2438 1544 2482 prius
1569 2449 1635 2480 op-

197 2486 450 2529 pugnavimus,
481 2497 527 2519 ne
551 2485 793 2520 deterioribus
827 2484 956 2519 dicam.
994 2496 1075 2517 nam
1102 2486 1341 2518 Romanorum
1364 2485 1475 2518 animi
1499 2482 1637 2515 crebris

199 2529 362 2563 cladibus
399 2532 502 2565 fracti
535 2538 572 2566 et
607 2532 767 2566 enervati
792 2537 876 2565 sunt
893 2557 902 2572 ,
939 2536 977 2564 et
1000 2530 1126 2564 crebro
1159 2543 1179 2563 a
1204 2531 1310 2564 nobis
1335 2531 1371 2563 in
1397 2531 1515 2572 sugam
1538 2529 1635 2563 versi

197 2588 243 2610 ne
270 2577 380 2609 semel
404 2577 548 2621 quidem
578 2580 670 2612 vires
696 2589 776 2611 suas
802 2588 1011 2622 recuperare
1036 2583 1244 2621 potuerunt.
1267 2589 1333 2609 nec
1359 2576 1449 2608 iuml
1474 2579 1633 2618 praeter-

198 2622 376 2662 eundum,
409 2634 469 2656 eos
504 2626 593 2658 iram
636 2625 695 2658 dei
733 2630 855 2657 contra
891 2636 927 2657 se
957 2622 1179 2663 concitas⁸se3
1215 2624 1369 2661 isaacio,
1398 2622 1497 2653 cuius
1524 2631 1631 2663 opera

197 2670 293 2713 gravi
307 2668 501 2709 Andronici
524 2672 714 2713 tyrannide
740 2671 885 2703 liberati
911 2671 1023 2710 suere,
1046 2670 1207 2714 legitimo
1233 2670 1383 2713 imperio
1407 2667 1522 2711 pulso.
1549 2677 1634 2699 nam

201 2716 263 2761 qui
288 2720 484 2750 servatores
510 2727 592 2751 suos
618 2718 670 2751 ita
695 2723 911 2758 tractarunt,
942 2717 1057 2762 primo
1086 2727 1234 2761 quoque
1254 2721 1413 2760 tempore
1438 2712 1483 2746 ab
1510 2711 1631 2748 inimi-
