1838 3210
222 174 292 227 62
360 229 364 234 ,
394 153 397 155 ’
644 188 872 231 ΝιοΕΤΑΕ
911 185 1219 228 ειιοΝιΑτΑΕ

107 294 147 328 V.
165 296 206 330 25
220 305 364 347 φυρον.
423 287 493 329 ἐπὶ
520 287 565 328 δὲ
597 283 759 333 τούτοις
791 286 1149 338 συναθροισθέντα
1180 284 1284 327 κατὰ
1314 282 1564 341 πρόσκλησιν
1593 286 1644 328 τοὶ

218 353 507 410 στρατεύματα
546 351 722 403 βασιλέα
748 348 965 411 Ῥωμαίων
993 349 1161 392 οἷιέἴπον
1191 350 1262 392 τὸν
1288 348 1524 405 Μανουήλ,
1556 348 1650 393 ἑκά-

216 436 313 461 στου
344 421 425 459 τῶν
452 413 706 469 μεγιστάνων
722 411 827 466 μετὰ
856 414 929 469 τῆς
957 414 1110 464 οἰκείας
1137 415 1288 464 τάξεως
1316 414 1532 469 διακριδὸν
1557 417 1650 472 ἔφι-

216 486 421 536 σταμένου
461 479 532 520 καί
569 479 887 532 διατρανοῦντος
925 476 998 532 τήν
1038 479 1250 535 εὐφημίαν
1285 481 1344 538 τῷ
1383 481 1459 537 νέῳ
1493 475 1652 522 ἄνακτι.

217 548 365 603 ἑφεξῆς
385 547 430 587 δὲ
457 544 530 585 καί
553 546 635 584 τῶν
661 544 789 584 θείων
820 544 1100 598 προτεθέντων
1128 543 1290 598 λογίων,
1322 546 1388 587 ἐπ’
1416 545 1558 586 αὐτῶν
1575 547 1687 598 «ἐμ-5

216 613 436 652 ηεδοῦνται
465 609 524 666 τῷ
538 606 747 661 ,Μανουηλ
768 606 819 649 τοὶ
839 609 912 662 τῆς
928 607 1093 657 εὐνοίας
1119 608 1191 650 καί
1215 608 1391 658 πίστεως
1415 607 1519 663 πρὸς
1546 626 1650 651 παν-

216 675 294 723 τός.
351 670 399 728 ἦν
429 675 476 715 δὲ
506 668 537 714 ’ὅ
565 675 649 715 τῶν
691 674 914 728 δρωμένων
961 671 1115 715 τούτων
1155 675 1370 730 εἰσηγητής
1395 690 1437 717 τε
1465 672 1553 728 ἅμα
1582 677 1654 716 καί

215 739 468 796 τελετάρχης
494 737 516 779 ὅ
544 741 674 793 μέγας
702 740 955 792 δομέστικος,
986 740 1158 780 ἐκλῦσαι
1188 739 1480 793 διανοούμενος
1509 741 1651 782 ἐντεῦ-

218 810 291 847 θεν
329 808 400 847 καί
438 804 697 858 διαχαλάσαι
740 806 813 845 τοῦ
839 807 1127 859 μετεωρισμοῦ
1163 807 1236 846 καί
1270 807 1342 860 τῆς
1369 806 1548 855 στάσεως
1574 805 1652 855 τοὶς

181 872 301 913 (ὶτῶν
328 868 548 926 φιλάρχων
584 870 749 924 ἐφέσεις
777 870 849 910 καί
883 867 960 918 τοὶς
986 871 1066 910 τῶν
1087 871 1287 911 πλείστων
1315 870 1524 924 οἷμβλῧναι
1551 887 1649 913 συνα-
1668 888 1715 914 io

219 933 375 990 δρομὰς
402 933 506 987 πρὸς
533 936 669 984 ένίους
687 937 769 976 τῶν
786 933 889 989 πρὸς
912 937 1054 988 γένους
1075 936 1132 992 τῷ
1157 937 1330 988 βασιλεῖ’,
1360 936 1402 977 οἳ
1440 936 1516 990 τήν
1552 951 1651 991 πρε-

215 1003 460 1054 σβυγένειαν
504 997 561 1048 ὥς
599 1001 707 1053 μέγα
739 1017 778 1041 τι
805 998 877 1040 καί
902 1001 1116 1053 αἰδέσιμον
1144 1003 1469 1054 προβαλλόμενοι
1506 1000 1577 1042 καί
1603 999 1648 1043 τὸ

213 1067 334 1121 κῆδος
358 1064 653 1119 μεγεθύνοντες
681 1063 727 1107 τό
757 1066 968 1118 βασίλειον
994 1063 1158 1114 ἑαυτοῖς
1187 1063 1234 1105 τὸ
1266 1061 1412 1121 ἄρχειν
1440 1065 1496 1115 ὥς
1527 1067 1653 1116 α’ξιω-

214 1133 346 1185 τέροις
376 1123 595 1183 ἀπένεμον.

329 1194 496 1238 Τούτων
524 1197 560 1236 δ’
585 1194 738 1237 οὖτωσί
765 1195 1043 1237 τελεσθέντων
1072 1194 1095 1236 ὅ
1115 1194 1314 1247 βασιλευς
1339 1194 1531 1251 Ἰωάννης
1554 1199 1650 1249 μεθ’
1669 1199 1716 1239 15

217 1263 374 1317 ἡμέρας
413 1260 486 1302 τὸν
527 1261 619 1314 βίον
661 1261 894 1312 ἐκλέλοιπε,
940 1259 1194 1312 βασιλεύσας
1234 1258 1304 1315 ἔτη
1334 1263 1519 1316 τέσσαρα
1547 1260 1653 1317 πρὸς

216 1333 301 1376 τοῖς
338 1326 467 1368 εἴκοσι
510 1324 584 1367 καὶ
625 1328 762 1380 μῆνας
813 1323 948 1378 ὀκτώ,
995 1323 1100 1380 ἀνὴρ
1130 1326 1203 1367 καί
1231 1325 1308 1380 τήν
1337 1324 1474 1381 α’ρχὴν
1499 1322 1652 1381 ἄριστα

217 1390 427 1449 διῳκηκιὸς
468 1392 540 1431 καί
565 1391 650 1446 θεῷ
693 1387 927 1445 εὐαρέστως
969 1393 1203 1443 βεβιωκώς,
1243 1392 1315 1432 καί
1337 1390 1387 1432 τοὶ
1418 1389 1522 1446 πρὸς
1548 1386 1653 1444 ἦθος

215 1457 290 1498 οὔκ
324 1455 491 1504 ἔκλυτος
520 1455 608 1496 οὐδ’
647 1453 895 1507 ἀκόλαστος,
941 1455 1045 1497 κάπὶ
1086 1461 1174 1504 ταῖς
1204 1456 1380 1510 δωρεαῖς
1407 1471 1451 1497 τε
1479 1457 1552 1497 καί
1577 1457 1653 1496 δα-

213 1521 362 1569 πάναις
389 1517 650 1573 μεταδιώξας
677 1523 1058 1574 μεγαλοπρέπειαν·
1117 1521 1190 1561 καί
1216 1521 1412 1574 δηλοῦσιν
1431 1520 1546 1562 αἵτε
1579 1519 1650 1561 διὰ
1664 1534 1720 1560 20

212 1589 422 1644 χρυσίνων
449 1585 554 1641 πρὸς
582 1585 677 1635 τοὺς
702 1587 775 1640 τῆς
801 1585 958 1635 πόλεως
998 1586 1213 1641 οἰκήτορας
1236 1588 1391 1639 συχναί
1416 1583 1648 1637 διαδόσεις,

169 1664 200 1697 I)
214 1654 285 1694 καί
310 1654 392 1693 τῶν
426 1653 538 1693 ναῶν
585 1648 767 1700 ὁπόσους
794 1651 1037 1698 καλλίστους
1064 1652 1138 1692 καί
1163 1652 1381 1703 μεγίστους
1406 1652 1459 1692 ἐκ
1476 1649 1651 1706 βάθρων

211 1719 423 1771 ἕδειζιιατο.
482 1714 589 1758 ἀλλὰ
619 1714 691 1757 καί
718 1715 838 1770 δόξης
864 1715 1043 1770 ἐραστής
1067 1715 1170 1771 ὑπὲρ
1186 1711 1319 1757 ’ἄλλον
1346 1711 1512 1757 ἅπαντα
1533 1729 1649 1770 γεγο-

213 1866 258 1887 na
284 1853 491 1887 confirmata
515 1853 600 1885 est.''
627 1852 714 1885 haec
728 1851 887 1884 Iohanne
916 1851 1048 1893 locuto,
1074 1851 1263 1884 consilium
1287 1862 1368 1884 cum
1409 1851 1545 1885 eiulatu
1572 1862 1651 1885 ver-

213 1901 269 1933 bis
300 1901 376 1932 eius
401 1910 583 1932 assensum
608 1899 812 1931 Manuelem
837 1904 1007 1942 tanquam
1040 1904 1135 1931 sorte
1163 1898 1372 1942 suffragiove
1396 1898 1529 1930 lectum
1549 1899 1650 1943 cupi-

214 1947 258 1979 de
284 1946 534 1990 imperatorem
560 1946 707 1989 accepit.
737 1944 869 1977 deinde
893 1944 939 1976 ad
970 1945 1084 1977 filium
1108 1955 1296 1978 conversus
1322 1949 1443 1988 pater,
1466 1949 1550 1989 post
1577 1946 1650 1978 uti-

215 1994 266 2025 les
302 1991 585 2031 admonitiones,
618 2001 699 2023 eum
733 1991 964 2034 imperatorio
1003 1990 1206 2024 diademate
1245 1996 1349 2023 ornat
1386 1995 1423 2023 et
1462 1990 1649 2034 chlamyde

214 2043 400 2084 praetexta
426 2036 557 2069 induit.
575 2036 630 2069 his
655 2037 809 2081 peractis
823 2039 1001 2069 Romanae
1024 2037 1182 2080 legiones
1211 2041 1425 2070 convocatae
1443 2036 1648 2070 Mauuelem

215 2087 453 2118 Romanorum
491 2083 742 2127 imperatorem
778 2084 998 2123 salutarunt,
1023 2093 1244 2126 unoquoque
1270 2093 1455 2127 procerum
1480 2094 1559 2115 cum
1585 2095 1647 2116 sua

215 2131 361 2164 cohorte
387 2129 532 2162 seorsim
559 2134 688 2169 stante,
713 2133 750 2162 et
765 2140 896 2162 novum
914 2129 1165 2173 imperatorem
1190 2129 1285 2161 clara
1309 2139 1394 2161 voce
1419 2129 1651 2162 consalutan-

215 2183 263 2210 te.
289 2176 422 2209 deinde
455 2176 605 2219 prolatis
642 2175 774 2208 divinis
812 2175 965 2207 oraculis
996 2175 1153 2208 studium
1178 2175 1332 2219 quisque
1356 2186 1458 2207 suum
1482 2182 1518 2208 et
1542 2175 1649 2209 fidem

217 2224 410 2256 confirmat.
436 2222 561 2254 harum
585 2233 703 2255 rerum
729 2222 886 2254 omnium
914 2221 987 2253 dux
1008 2227 1045 2254 et
1069 2227 1193 2253 auctor
1214 2221 1285 2253 suit
1307 2232 1453 2265 magnus
1478 2221 1651 2256 domesti-

217 2282 300 2310 cus,
344 2280 387 2302 eo
424 2268 574 2301 consilio
606 2273 649 2301 ut
686 2267 956 2300 ambitiosorum
983 2267 1167 2300 hominum
1190 2268 1386 2300 vanitatem
1412 2273 1448 2301 et
1469 2273 1588 2301 motus
1613 2275 1651 2303 et

217 2315 451 2361 plurimorum
477 2325 685 2347 concursum
720 2314 766 2346 ad
797 2313 970 2358 quosdam
1008 2314 1094 2357 regii
1135 2314 1272 2357 generis
1297 2313 1460 2346 homines
1485 2313 1651 2358 sedaret3

217 2363 281 2407 qui
307 2361 588 2406 praerogativam
622 2361 749 2393 aetatis
782 2365 824 2393 ut
856 2371 1021 2403 magnum
1049 2359 1220 2404 quiddam
1249 2365 1285 2392 et
1312 2359 1517 2393 venerabile
1541 2372 1650 2405 prae-

217 2409 432 2448 tendentes,
459 2412 495 2440 et
516 2407 783 2451 imperatoriam
807 2406 1015 2439 affinitatem
1043 2411 1315 2451 exaggerantes,
1341 2417 1378 2440 se
1404 2406 1556 2451 imperio
1582 2407 1640 2440 ‹li-

219 2455 360 2499 gniores
383 2453 659 2486 arbitrabantur.

311 2501 413 2546 Quae
439 2511 518 2532 cum
542 2503 720 2533 transacta
745 2503 875 2539 essent,
900 2498 1040 2542 aliquot
1064 2497 1191 2530 diebus
1219 2502 1301 2542 post
1323 2498 1517 2542 imperator
1539 2499 1650 2532 mori-

211 2554 278 2580 ‘tur
293 2572 303 2584 ,
327 2557 420 2580 anno
443 2546 586 2591 imperii
612 2545 910 2589 vigesimoquarto
925 2569 933 2584 ‚
963 2555 1083 2576 mense
1122 2549 1267 2584 octavo,
1290 2544 1344 2576 vir
1368 2545 1431 2588 qui
1456 2550 1492 2578 et
1513 2545 1648 2590 princi-

219 2599 342 2637 patum
367 2593 502 2637 optime
525 2591 788 2625 administravit
813 2596 849 2624 et
870 2590 978 2623 vitam
1003 2590 1099 2634 piam
1127 2590 1198 2634 egit
1213 2615 1222 2630 ‚
1246 2589 1405 2622 moribus
1431 2601 1550 2635 neque
1575 2591 1649 2625 dis-

222 2640 348 2672 solutis
385 2649 503 2684 neque
538 2636 882 2682 intemperantibus,
925 2637 1060 2681 quique
1098 2642 1134 2669 et
1167 2637 1203 2668 in
1243 2636 1499 2669 donationibus
1540 2642 1576 2670 et
1609 2638 1647 2670 in

222 2685 422 2730 sumptibus
446 2684 729 2729 magnificentiae
765 2683 913 2716 studuit.
938 2682 1048 2727 idque
1073 2682 1257 2716 declarant
1291 2687 1327 2714 et
1350 2682 1495 2716 crebrae
1520 2693 1647 2716 aureo-

224 2743 298 2764 rum
327 2732 362 2764 in
381 2731 515 2777 populo
544 2731 679 2763 urbano
707 2729 979 2763 distributiones
995 2755 1003 2770 ,
1030 2735 1065 2761 e&
1089 2729 1221 2773 templa
1245 2728 1483 2773 pulcherrima
1508 2735 1546 2763 et
1570 2740 1646 2764 maa
