1878 3230
291 158 399 230 764
704 175 932 216 NlcETAE
971 176 1279 220 cnomATAr:

284 272 443 327 πρεπής
460 270 516 312 «τό
544 266 678 323 εἶδος,
708 271 1056 329 ἆξιοπρεπεστέρα
1083 275 1127 317 τὸ
1157 278 1343 329 μέγεθος,
1371 277 1462 320 νυνὶ
1487 278 1533 320 δὲ
1557 296 1703 333 κατερ-

285 339 464 392 ραγμένη
505 335 576 376 καί
613 337 883 392 διερρηγμένη
925 338 1024 388 τούς
1057 342 1286 393 χλιδῶντας
1325 343 1502 395 χιτῶνας
1540 346 1612 386 καί
1649 345 1702 386 τοὶ

283 399 423 454 κομψά
442 398 514 441 καί
541 399 694 454 α’ρχικοὶ
716 400 937 457 κρήδεμνα,
959 403 1032 445 καί
1057 401 1174 458 ὄμμα
1203 407 1484 462 ιῖπεσβεσμένη
1510 406 1557 448 τὸ
1577 425 1705 463 χαρο-

282 468 380 519 πόν,
410 468 482 507 καί
504 467 605 520 γρηῒ
632 473 803 519 καμινοῖ
830 467 898 523 ἴση
933 470 977 511 ἐκ
999 472 1076 511 τοῦ
1109 473 1451 525 κατησβολαῖσθαι
1482 475 1607 528 πυρί,
1631 474 1704 516 καί

285 532 418 586 ῥυτίσι
446 535 652 584 χαλαραῖς
677 528 956 589 ηὖλακισμένη
981 533 1055 589 τήν
1083 534 1277 590 στιλπνήν
1305 538 1375 579 καί
1401 536 1575 592 τερπνὴν
1607 533 1741 592 ὅψινό

282 597 496 650 πρότερον.
531 598 588 637 ἐῶ
613 595 693 651 γὰρ
729 601 860 651 λέγειν
890 599 989 648 τούς
1018 599 1118 655 πρὸς
1151 598 1279 655 λύραν
1305 601 1550 652 ἑντείνοντάς
1568 619 1611 646 τε
1636 603 1708 646 καὶ

281 659 514 714 ψάλλοντας
531 660 582 702 τὰ
601 660 655 703 σά
683 663 1024 718 δυσπραγήματα,
1043 667 1116 706 καί
1136 667 1352 724 κωμῳδίαν
1373 671 1616 720 τιθεμένους
1631 667 1707 724 τήν

281 725 356 782 σήν
375 725 603 784 τραγῳδίαν
617 728 661 768 ἐν
676 729 733 785 τῷ
750 727 817 771 τὸν
838 725 945 772 οἶνον
963 730 1224 786 προσίεσθαι,
1245 734 1318 773 καί
1334 731 1428 785 βίου
1449 735 1598 788 τέχνην
1613 750 1707 776 ποι.-

282 795 481 844 ουμένους
505 790 576 845 τήν
602 790 801 847 γελοιαὶδη
831 797 914 836 τῶν
942 798 1078 838 κακῶν
1105 810 1182 837 σου
1213 795 1420 851 ιῖφήγησιν
1437 830 1448 848 ,
1480 798 1579 847 τούς
1613 815 1707 842 κον,

242 856 505 909 Βδυλισμοιῖς
533 872 578 897 τε
612 859 684 898 καί
708 858 1002 913 πτερνισμούς,
1029 858 1090 901 ἔτι
1123 861 1169 902 δὲ
1204 860 1280 910 τὰς
1310 862 1523 918 ἀθετήσεις
1551 867 1623 906 καί
1653 863 1704 907 τὰ
1722 880 1771 906 1⁰

279 920 448 963 ὑπώπια
476 918 506 962 ἅ
533 937 600 964 σοι
627 926 724 963 καθ’
751 921 866 977 α’)’ραν
903 926 1044 966 πᾶσαν
1070 928 1400 981 προστριβονται.
1465 931 1706 984 παρεζηλω..

278 991 380 1042 μένη
407 986 558 1028 θεόθεν
584 987 654 1029 ε’πί
676 986 734 1043 μή
763 990 987 1044 ε’χέφροσιν
1018 989 1213 1043 ἔθνεσιν,
1240 988 1268 1046 ἢ
1296 993 1384 1034 ου’δ’
1412 991 1577 1036 ἔθνεσιν
1605 994 1707 1049 (22²7-

279 1053 366 1101 θῶς
380 1054 518 1104 εἰπεῖν,
538 1051 625 1093 ἄλλ’
644 1052 846 1107 ἀμυδροῖς
860 1053 933 1095 καί
948 1057 1212 1108 σποραδικοῖς
1228 1057 1399 1110 γένεσιν,
1421 1052 1481 1100 ὧν
1507 1057 1560 1100 τὰ
1577 1062 1705 1102 πλείω

281 1118 320 1158 εἰ
330 1115 387 1171 μή
410 1118 637 1171 ἐγέννησας,
658 1115 748 1159 ἄλλ’
766 1115 940 1171 ὕψωσάς
963 1135 1006 1160 τε
1024 1122 1097 1162 καί
1116 1122 1281 1170 στέατος
1302 1124 1440 1177 πυροῦ
1458 1125 1707 1177 μετέδωκας,

281 1184 344 1231 τίς
367 1180 493 1224 σώσει
513 1198 574 1234 σε,·
604 1179 632 1236 ἢ
654 1182 716 1231 τίς
735 1186 1012 1237 παρακαλέσει
1039 1200 1100 1236 σε,·
1125 1187 1187 1234 τίς
1210 1189 1397 1242 φείσεται
1417 1187 1488 1229 ἐπὶ
1505 1189 1585 1240 σοι’,·
1601 1185 1629 1244 ἢ
1643 1193 1706 1240 τίς
1720 1193 1770 1234 ’15

279 1244 572 1300 σκυθρωπάσει
584 1246 653 1288 ἐπὶ
669 1249 750 1300 σοι’,·
767 1244 794 1302 ἢ
810 1248 870 1297 τίς
884 1251 1174 1303 ἑπανακοέμψει
1187 1253 1392 1306 ἐρωτῆσαι
1403 1251 1455 1294 τιὶ
1471 1255 1531 1302 εἰς
1542 1255 1706 1309 εἰρήνην
1753 1251 1756 1254 ’

279 1327 346 1353 σοι
370 1312 582 1366 (Ἱερεμίου
598 1314 670 1353 καί
692 1311 792 1354 τάδε
811 1314 884 1354 τοῦ
902 1315 1212 1370 πολυθρηνήτου
1233 1314 1285 1357 w*
1304 1314 1505 1374 ῥήματα),
1525 1317 1606 1360 εἴτε
1619 1317 1704 1374 μήν

278 1375 350 1431 τήν
368 1379 572 1431 προτέραν
598 1377 743 1431 στολήν
769 1378 985 1419 ἐπενδύσει
1013 1394 1085 1430 σε,·
1110 1380 1209 1421 πότε
1236 1381 1390 1423 θεόθεν
1422 1383 1590 1439 ἐνωτίσῃ
1619 1383 1701 1434 ἑξε-

277 1444 417 1495 γείρου
434 1474 445 1492 ,
477 1440 679 1496 α’νιίστηθι
711 1439 736 1496 ἦ
765 1445 919 1484 πιοῦσα
950 1442 995 1485 τὸ
1025 1444 1220 1499 ποτήριον
1252 1448 1331 1487 τοῦ
1358 1448 1502 1498 θυμοῦ
1526 1464 1607 1500 μου
1632 1447 1706 1490 καὶ

277 1507 324 1546 τὸ
351 1505 474 1547 κόνδυ
502 1507 576 1561 τῆς
596 1504 799 1556 πτώσεως.
856 1507 1029 1550 ἔνδυσαι
1056 1509 1130 1562 τὴν
1158 1508 1282 1563 ἰσχύν
1310 1526 1401 1563 σου,
1427 1510 1598 1554 ἔνδυσαι
1625 1513 1700 1567 τήν
1714 1531 1767 1558 20

278 1570 401 1622 δόξαν
421 1586 512 1613 σου.
549 1573 753 1623 ε’κτίναξαι
771 1571 841 1614 τόν
858 1574 966 1626 χοῦν
983 1575 1056 1615 καί
1076 1573 1291 1630 ἀνάστηθι.
1333 1574 1505 1618 ἕκδυσαι
1533 1575 1602 1619 τόν
1633 1580 1700 1620 δε·-

372 1671 399 1695 1.
436 1661 667 1706 κατηραμένη
701 1671 744 1705 pr
777 1662 813 1694 B.
953 1663 984 1696 3.
1018 1662 1084 1694 καὶ
1115 1661 1233 1710 ὄμμα]
1271 1665 1334 1697 καὶ
1377 1663 1443 1702 οὓς
1474 1664 1701 1711 ὀφθαλμοὺς

366 1705 461 1749 εἶχες
487 1704 689 1752 χαρωποὺς
718 1708 780 1740 καὶ
805 1707 974 1751 γλυκεῖς,
1006 1707 1251 1754 ἐσβεσμένους
1289 1711 1359 1744 νῦν
1387 1712 1450 1744 καὶ
1474 1710 1701 1758 α’πημαυρω-

364 1755 502 1797 μένους
542 1747 619 1785 α’πό
663 1754 726 1794 τῆς
761 1756 982 1798 καμινιαίου
1020 1755 1185 1799 φλογός,
1239 1758 1303 1788 καὶ
1342 1754 1387 1798 ἢν
1429 1756 1521 1801 ὄψιν
1556 1758 1701 1803 οἶραίαν

367 1800 430 1831 καὶ
455 1794 619 1843 τερπνὴν
653 1798 749 1852 εἶχες
783 1799 997 1845 πρότερον,
1032 1799 1166 1846 ἀρτίως
1203 1796 1349 1847 χαλαραὶ
1382 1806 1447 1836 καὶ
1489 1805 1698 1850 κακόγραια

365 1847 428 1880 καὶ
452 1845 660 1901 ἐζιιρωμένη
691 1857 735 1879 τα
770 1847 947 1890 μα’)ουλα
970 1847 1006 1879 Β.
1147 1860 1201 1883 21.
1237 1848 1437 1896 ἐκτίναξαι]
1470 1852 1620 1891 τίναξον
1654 1850 1695 1886 τό

364 1893 476 1936 χῶμα
498 1891 573 1924 α’πο
600 1893 674 1926 τῶν
697 1891 826 1927 ποδῶν
852 1902 922 1926 σου
946 1894 984 1926 Β.

278 1969 360 2003 altis
383 1969 551 2003 incedens
574 1969 759 2014 passibus,
781 1977 928 2015 augusto
950 1973 1064 2014 vultu,
1090 1978 1224 2006 statura
1246 1974 1441 2018 magnifica,
1458 1985 1558 2009 vnnnc
1580 1975 1699 2009 humi·

276 2016 320 2048 lis
347 2022 382 2049 et
405 2016 579 2060 depressa.
605 2017 782 2050 laceratae
808 2024 891 2051 sunt
914 2025 997 2051 tuae
1031 2019 1207 2053 delicatae
1228 2027 1365 2062 vestes3
1396 2022 1619 2065 elegantibus
1643 2028 1696 2056 at-

277 2073 346 2106 que
370 2063 567 2107 imperiosis
592 2063 744 2107 spoliata
772 2074 808 2096 es
833 2064 1061 2098 redimiculis.
1097 2067 1251 2099 extincta
1278 2073 1332 2100 est
1363 2067 1426 2099 lux
1463 2069 1695 2112 gratiosorum

275 2109 477 2150 oculorum3
504 2109 667 2144 aniculae
691 2110 901 2143 caminariae
927 2112 1053 2144 similis
1086 2123 1130 2144 ex
1156 2112 1315 2145 incendii
1340 2113 1487 2157 fuligine
1523 2115 1698 2157 extitisti;

272 2155 459 2198 profundis
486 2156 579 2199 rugis
607 2156 797 2199 splendida
820 2158 916 2201 prius
944 2164 980 2191 et
1002 2159 1119 2191 suavis
1141 2164 1203 2191 tua
1227 2160 1333 2191 facies
1359 2165 1412 2192 est
1436 2167 1542 2193 arata.
1574 2171 1694 2205 neque

274 2201 341 2231 iam
371 2201 448 2233 dico
474 2212 550 2234 esse
573 2203 636 2246 qui
659 2208 739 2235 tuas
763 2202 881 2236 clades
913 2204 959 2237 ad
983 2205 1151 2237 citharam
1178 2206 1384 2246 cantillent,
1412 2206 1474 2250 qui
1500 2211 1595 2239 tuam
1620 2212 1694 2239 tra-

274 2246 434 2290 goediam
468 2258 532 2291 pro
570 2248 752 2282 comoedia
783 2249 930 2290 ludant,
970 2262 1041 2295 quo
1077 2251 1225 2284 artificio
1265 2251 1436 2284 ridiculae
1474 2252 1693 2287 recitationis

273 2293 446 2325 malorum
468 2298 609 2325 tuorum
633 2299 669 2327 et
693 2295 873 2338 alaparum
897 2296 1056 2339 alantur3
1082 2298 1143 2342 qui
1174 2298 1293 2342 lapsus
1320 2303 1357 2330 et
1384 2297 1517 2331 vibices
1543 2304 1580 2331 et
1607 2309 1693 2331 con-

274 2339 461 2379 tumelias,
490 2339 620 2383 quibus
644 2341 682 2373 in
704 2341 808 2374 horas
831 2342 988 2383 afficeris,
1013 2354 1078 2387 per
1100 2344 1215 2376 iocum
1239 2350 1522 2376 commemorent.
1549 2355 1614 2389 per
1636 2345 1693 2378 in-

272 2384 404 2418 vidiam
426 2385 592 2429 depressa
622 2396 657 2418 es
686 2398 705 2418 a
729 2388 870 2420 vecordi
897 2389 1054 2433 populo,
1077 2401 1117 2421 ac
1140 2391 1259 2434 potius
1285 2389 1329 2421 ab
1363 2388 1504 2422 obscuri
1528 2396 1565 2424 et
1587 2402 1693 2434 vaga-

273 2430 388 2464 bundi
413 2432 538 2476 populi
561 2431 731 2474 colluvie;
757 2435 855 2466 cuius
881 2446 1040 2478 magnam
1067 2441 1202 2479 partem
1226 2435 1343 2467 sinon
1367 2437 1532 2478 genuisti,
1556 2442 1592 2470 at
1609 2448 1693 2470 eve-

273 2478 356 2510 xisti
380 2483 416 2510 et
440 2478 617 2521 saginasti.
654 2479 733 2522 quis
760 2485 795 2511 te
820 2480 998 2513 servabit?
1033 2482 1111 2525 quis
1141 2487 1177 2513 te
1205 2481 1472 2515 consolabitur?
1515 2483 1595 2527 quis
1620 2483 1690 2516 tibi

272 2524 418 2569 parcet?
444 2525 523 2569 quis
547 2524 659 2557 vicem
689 2530 785 2557 tuam
811 2525 978 2559 dolebit?
1002 2528 1080 2570 quis
1108 2532 1312 2568 revertetur,
1339 2533 1378 2560 ut
1394 2529 1472 2571 paci
1497 2533 1580 2562 tuae
1604 2539 1690 2561 con-

272 2570 393 2603 sulat?
430 2575 530 2614 (sunt
557 2576 594 2603 et
625 2570 714 2603 haec
743 2571 918 2604 lacrimosi
945 2573 1143 2605 Hieremiae
1179 2573 1313 2618 verba).
1342 2575 1419 2618 quis
1453 2574 1565 2619 priori
1597 2575 1690 2608 stola

272 2622 307 2649 te
334 2616 482 2650 induet?
518 2616 661 2662 quando
687 2617 853 2650 divinitus
888 2617 1033 2650 audies:
1072 2619 1226 2662 erigere,
1252 2630 1378 2663 surge,
1414 2631 1507 2665 quae
1542 2621 1688 2654 calicem

273 2662 399 2696 suroris
422 2663 490 2695 mei
522 2663 645 2696 bibisti
675 2669 711 2697 et
734 2664 898 2708 poculum
923 2665 1048 2701 ruinae
1073 2664 1275 2700 exhausisti.
1310 2666 1419 2698 indue
1457 2667 1548 2700 vires
1584 2673 1686 2706 tuas,

272 2708 381 2742 indue
407 2708 563 2754 gloriam?
581 2715 697 2752 tuam3
722 2720 868 2744 excusso
895 2709 1041 2756 pulvere
1067 2711 1223 2756 surgito;
1252 2712 1374 2746 exuito
1395 2712 1575 2747 vinculum
1600 2713 1687 2747 colli
