1838 3210
427 214 499 255 DE
546 214 798 257 MANUELE
847 213 1111 256 COMNENO
1153 216 1250 255 LlB.
1281 215 1352 255 Vl.
1489 214 1595 269 227

169 311 244 354 καί
267 313 382 367 θῆρα
410 311 607 367 ὠμηστὴν
634 310 950 369 ἐφυπνώττοντα
979 314 1233 367 ἐξηγρίαινεν
1258 309 1503 354 ὖπονύσσων
1533 311 1607 353 καί

167 378 244 420 τοῦ
270 378 410 420 κοίτου
440 378 586 433 ἀνίστη
613 379 686 419 καί
710 375 814 432 πρὸς
841 377 982 432 μάχην
1010 376 1215 432 ἠρέθιζεν.
1244 376 1347 432 ἀτὰρ
1381 377 1468 418 οὐδ’
1501 377 1603 416 ἀνα-

167 444 307 496 κωχαί
346 445 536 494 πολέμων
578 443 666 484 οὐδ’
709 444 934 496 ἐκεχειριὶιι
971 442 1327 492 τῶνάντιτιὲξεων
1353 443 1535 484 σπονδαί
1557 455 1603 482 τε

169 510 243 550 καί
282 510 486 562 ’ξυνθῆκαι
523 506 596 549 καί
638 507 1003 563 διακηρυκεύματα
1039 509 1253 562 πρέσβεων
1296 508 1492 561 ἀπεῖργον
1527 505 1602 555 τάς

129 572 254 614 5κατ’
280 569 468 627 ἀλλήλων
499 571 736 624 ἑπελεύσεις
774 574 846 614 καί
878 574 1164 626 ἀπετείχιζον·
1223 575 1310 614 ἀλλ’
1340 567 1470 628 ἄμφω
1498 570 1604 626 πρὸς

163 638 451 693 θερμουργίαν
472 630 586 685 ὄντες
611 640 845 692 ἐπιρρεπεῖς
872 638 945 679 καί
979 636 1083 692 πρὸς
1113 635 1292 690 πόλεμον
1316 634 1502 686 εὖπετεῖς
1531 639 1605 678 καί

162 704 318 758 μικρᾶς
346 704 480 744 ἐνίοτε
507 701 881 759 παρεισφρησάσης
911 704 1048 752 αἰτίας
1077 699 1270 756 ἀλλήλοις
1288 701 1599 759 ἀντεπεξῄεσαν,

161 770 235 810 καί
263 763 316 822 ἦν
342 766 462 823 ἔργον
486 768 630 816 αυ’τοῖς
658 767 712 809 τά
733 769 916 821 μάλιστα
939 765 1299 822 περισπούδαστον
1327 767 1353 822 ἦ
1372 769 1601 817 πανοπλίας

159 834 378 888 περίδυσις
404 834 478 874 καί
503 833 528 887 ἦ
559 835 640 875 τῶν
667 834 892 887 ταγμάτων
917 830 1132 886 συναγωγὴ
1163 835 1234 873 καί
1257 831 1304 874 τὸ
1332 835 1463 874 ταῦτα
1493 850 1600 886 συμ-
1612 841 1646 874 Ρ.
1666 841 1731 887 ιι4

99 898 340 940 ιοπεσόντα
375 899 758 953 διαπληκτίζεσθαι.
823 896 928 939 κατὰ
972 900 1091 938 τοῦτο
1121 899 1166 938 δὲ
1187 897 1373 951 ἀλλήλων
1404 897 1599 951 διήλλατ-

158 977 254 1016 τον,
285 958 350 1005 ὅτι
377 962 398 1005 ὅ
425 964 503 1016 μὲν
531 963 752 1012 σουλτάνος
777 962 847 1005 ἀεὶ
870 961 1205 1018 προμηθευτικὸς
1233 965 1305 1004 καί
1328 962 1598 1016 βουλευτικὸς

156 1028 292 1070 ἐδόκει
333 1045 396 1078 τις
434 1026 544 1071 εἶναι
570 1030 644 1070 καί
686 1027 739 1070 τὰ
781 1027 882 1084 ἔργα
915 1030 1044 1069 ποιῶν
1083 1028 1187 1080 μετὰ
1234 1030 1488 1082 σκέμματος,
1527 1028 1600 1070 καὶ

154 1092 380 1135 ἐτολύπευε
407 1092 483 1144 τὰς
510 1093 651 1149 μάχας
681 1092 751 1136 διὰ
781 1096 863 1135 τῶν
883 1093 956 1134 ὕπ’
984 1091 1109 1134 αὐτὸν
1139 1095 1381 1147 στρατηγῶν
1408 1098 1597 1149 πεφυλα-

154 1160 313 1212 γμένως
342 1158 413 1215 <025
451 1161 531 1213 γάρ
562 1158 642 1200 πού
669 1174 733 1208 τις
771 1156 899 1200 αὐτὸν
926 1157 1134 1200 ἐθεάσατο
1160 1159 1231 1200 ἐπί
1254 1157 1449 1211 μετώπου
1480 1157 1595 1201 ἱστά-

96 1226 143 1268 «5
155 1238 280 1277 μενον
306 1224 536 1280 ,φάλαγγος
564 1220 592 1279 ἢ
619 1223 691 1266 τὸν
732 1221 920 1277 κάματον
945 1228 1032 1272 τοῖς
1059 1222 1337 1279 στρατιώταις
1365 1225 1595 1279 συνδιαφέ-

154 1292 325 1346 poma),
367 1287 392 1331 ὅ
430 1291 477 1332 δὲ
506 1288 705 1343 βασιλεῦς
743 1287 937 1344 γενναίαν
963 1287 1073 1343 ἔχων
1102 1287 1177 1344 τὴν
1205 1287 1335 1345 φύσιν
1363 1288 1596 1343 ὀξύρροπος

151 1355 197 1397 ἐν
223 1359 308 1404 τοῖς
343 1358 540 1410 πολέμοις
566 1355 786 1409 ἐδείκνυτο,
817 1354 888 1396 καί
914 1353 988 1404 τὰς
1015 1353 1086 1396 διὰ
1119 1353 1265 1410 χειρὸς
1292 1353 1461 1409 πράξεις
1489 1356 1594 1410 δρα-

149 1417 320 1475 στήριος
345 1416 420 1475 ἦν,
459 1421 533 1462 καί
571 1418 712 1476 φήμης
739 1419 1018 1475 ’διαδοθείσης
1059 1418 1255 1468 πολλάκις
1292 1421 1482 1472 ἐσβαλεῖν
1509 1435 1590 1461 που

148 1483 250 1534 τούς
270 1485 495 1539 πολεμιόυς
521 1487 593 1528 καί
616 1489 755 1535 ,κακῶς
770 1488 933 1528 τιθέναι
958 1484 1031 1541 την
1056 1483 1129 1526 ὑπ’
1151 1484 1290 1543 ἐκείνῳ
1318 1483 1454 1540 ἀρχὴν
1474 1487 1589 1540 πρῶ-

85 1563 214 1600 2οτος
238 1549 309 1592 τὸν
339 1552 466 1594 ἵππον
498 1553 689 1605 ἀνέβαινε
717 1553 792 1593 καί
818 1551 1057 1606 ἀπεθάρρει
1082 1549 1159 1606 την
1189 1550 1344 1601 ἔξοδον.
1399 1550 1623 1604 θελήσαςΒ

147 1609 222 1657 οὖν
245 1614 288 1658 τό
317 1616 555 1672 Δορύλαιον
582 1613 825 1669 ἀνακτίσαι,
855 1617 1097 1672 προσεξῆψέ
1125 1631 1168 1657 τε
1195 1618 1268 1657 καί
1294 1618 1505 1670 παρέθηξε
1536 1615 1580 1657 τό
1600 1627 1636 1662 v,
1650 1627 1694 1672 93

143 1679 360 1737 βάρβαρον
400 1683 461 1730 εἰς
482 1681 663 1735 πόλεμον
693 1683 910 1735 ἐντεῦθεν,
940 1677 1010 1722 ὅτε
1037 1680 1110 1722 καί
1135 1679 1208 1734 την
1234 1683 1439 1732 βασιλέως
1466 1682 1509 1729 ἐς
1536 1681 1581 1723 τὸ

144 1746 378 1801 Δορύλαιον
420 1742 562 1802 ἄφιξιν
602 1748 770 1800 ἀγνοεῖν
797 1744 1100 1798 πλαττόμενος,
1148 1742 1583 1800 διαπρεσβευσάμενος

143 1809 217 1865 τὴν
243 1812 382 1854 αἰτίαν
411 1811 664 1853 ἐπυνθάνετο
707 1813 782 1853 καί
805 1816 1024 1868 παρῃτεῖτο
1067 1809 1194 1852 αὐτὸν
1224 1812 1384 1851 ἐκεῖθεν
1417 1811 1581 1852 ἀπανα-

78 1876 323 1920 25στεῦσαι.
394 1875 418 1918 ὅ
459 1878 506 1919 δὲ
527 1877 728 1934 κέρτομόν
753 1893 792 1919 τι
838 1878 911 1918 καί
938 1874 1112 1932 σεσηρὸς
1147 1877 1301 1931 ἐνορῶν
1328 1870 1388 1925 οἷς
1419 1874 1471 1918 τὰ
1500 1879 1577 1919 τοῦ

235 1999 286 2024 ιι.
312 1987 477 2025 σουλτᾶν
497 1989 538 2023 A.
632 2000 688 2023 21.
712 1986 908 2034 παρέθηξε]
944 1987 1104 2034 ἐπέθηρε
1128 1986 1196 2023 τὸν
1221 1990 1252 2031 β.
1276 1986 1454 2022 ἐντεῦθεν
1477 1985 1575 2034 πρὸς

228 2035 398 2082 πόλεμον
419 2036 461 2069 Α.
561 2037 617 2070 25.
645 2035 803 2083 ἐνορῶν]
833 2036 976 2070 ἐννοῶν
1002 2035 1041 2068 A.

137 2124 208 2158 dax
231 2130 268 2159 et
289 2125 379 2159 belli
404 2126 554 2171 cupidus
579 2126 758 2159 levissima
780 2125 824 2159 de
853 2137 958 2158 causa
974 2125 1018 2158 ad
1043 2136 1139 2158 arma
1155 2124 1260 2157 alteri
1285 2123 1470 2157 inferenda
1494 2137 1573 2158 mo-

135 2177 288 2206 veretur.
311 2172 405 2206 nihil
428 2174 538 2218 igitur
557 2174 608 2206 eis
635 2179 712 2206 erat
737 2173 921 2217 antiquius
952 2183 1060 2217 quam
1083 2177 1257 2216 perpetuo
1285 2172 1323 2203 in
1351 2172 1456 2204 armis
1481 2183 1569 2214 esse,

135 2218 294 2263 legiones
317 2219 538 2261 contrahere,
561 2220 655 2253 inter
677 2231 754 2253 sese
781 2219 974 2252 decertare.
1001 2218 1068 2251 hoc
1093 2224 1231 2252 tantum
1252 2218 1347 2250 iuter
1371 2228 1431 2251 eos
1456 2219 1570 2251 inter-

135 2270 236 2306 erat,
259 2265 358 2311 quod
389 2266 558 2300 Sultanus
589 2277 715 2310 magno
751 2266 902 2299 consilio
939 2271 976 2299 et
1012 2265 1239 2310 providentia
1269 2264 1389 2296 omnia
1413 2264 1568 2298 admini-

134 2311 289 2353 strabat,
312 2323 380 2346 nec
406 2318 540 2346 temere
564 2313 603 2346 in
627 2314 703 2345 acie
727 2313 946 2353 versabatur,
974 2311 1037 2345 sed
1059 2322 1124 2356 per
1149 2311 1255 2344 duces
1281 2321 1363 2343 suos
1388 2322 1461 2344 rem
1486 2311 1568 2345 bel-

133 2357 240 2391 licam
264 2358 546 2393 administrabat.
574 2365 610 2392 at
630 2360 825 2404 imperator
851 2369 1020 2403 generoso
1043 2357 1227 2403 praeditus
1252 2357 1395 2398 animo,
1421 2367 1502 2390 acer
1524 2359 1566 2392 in.

133 2405 260 2448 pugnis
287 2410 324 2439 et
337 2417 445 2438 manu
468 2411 652 2447 strenuus,
678 2407 820 2451 quoties
844 2406 964 2438 hostes
985 2405 1150 2449 ingruere
1186 2410 1222 2437 et
1244 2404 1443 2448 provincias
1468 2405 1563 2438 male

134 2455 287 2484 tractare
314 2451 503 2494 audiebat,
531 2454 666 2498 primus
701 2463 793 2497 equo
818 2462 1009 2485 conscenso
1043 2453 1082 2484 in
1106 2451 1273 2483 militiam
1299 2450 1560 2494 egrediebatur.

134 2495 351 2539 Dorylaeum
376 2504 495 2532 autem
518 2500 778 2532 instauraturus
798 2499 987 2531 Sultanum
1009 2497 1056 2530 ad
1089 2497 1225 2530 bellum
1252 2498 1466 2539 concitavit3
1495 2499 1559 2541 qui

135 2542 239 2586 quasi
261 2543 440 2587 ignoraret
464 2545 554 2591 quid
577 2545 630 2578 ibi
655 2550 794 2589 ageret,
820 2556 884 2589 per
915 2545 1050 2588 legatos
1077 2555 1218 2576 causam
1242 2543 1341 2576 illius
1364 2544 1558 2588 profectio-

135 2587 191 2620 nis
215 2589 429 2632 sciscitatur,
454 2597 603 2637 oratque
627 2597 668 2625 ut
693 2591 778 2624 inde
803 2590 974 2625 discedat.
998 2591 1201 2635 imperator,
1227 2590 1286 2622 cui
1311 2589 1452 2623 Sultani
1482 2589 1560 2622 dis-

134 2634 316 2668 simulatio
351 2647 395 2669 ex
421 2637 464 2672 iis
491 2639 607 2672 literis
630 2637 840 2678 subolebat,
867 2638 1022 2671 vicissim
1061 2648 1099 2671 se
1123 2648 1196 2670 non
1217 2647 1342 2681 parum
1363 2636 1484 2668 mirari
1507 2637 1557 2668 si-

134 2680 297 2714 mulabat
338 2682 441 2716 illum
473 2689 613 2719 tantum
641 2696 743 2718 suum
765 2685 835 2718 iter
871 2684 1020 2729 eiusque
1047 2683 1187 2716 itineris
1212 2694 1354 2715 causam
1380 2683 1554 2726 ignorare.

134 2726 233 2759 urbis
259 2731 378 2761 autem
402 2729 696 2764 instaurationem
722 2742 903 2775 aggressus
929 2730 1006 2774 ipse
1031 2730 1166 2774 primus
1192 2741 1276 2762 saxa
1297 2728 1453 2761 humeris
1472 2738 1554 2770 por-

132 2777 209 2808 tare
235 2774 372 2821 coepit;
404 2785 519 2821 eaque
550 2787 588 2811 re
613 2777 762 2811 aliorum
793 2777 1014 2811 alacritatem
1047 2776 1099 2809 ita
1140 2775 1326 2815 excitavit,
1367 2780 1408 2807 ut
1431 2784 1551 2807 murus
