1878 3230
475 206 699 249 ALExms
739 205 1007 249 MANUEms
1046 205 1287 249 coMNEM
1334 205 1378 247 F.
1534 185 1643 260 347

215 304 288 360 τήν
306 307 350 348 ἰν
370 307 536 360 γυναιξί
560 306 820 359 ταλαίπωρον
845 299 1031 358 ἤμελλον.
1064 306 1138 347 καί
1155 302 1178 358 ἧ
1193 306 1273 356 μὲν
1287 301 1344 353 ὥς
1361 300 1429 345 τ’ὁν
1445 302 1511 343 ἐπ’
1527 301 1649 343 cide).-

215 373 275 427 φῇ
313 369 504 425 γαμβρόν
535 369 606 412 τὸν
653 370 762 425 (iq-‘yut
792 366 1001 423 Οὖγγρίας
1029 368 1102 411 τὸν
1128 371 1267 412 Βελᾶν
1294 365 1548 410 ἅνασειόυσα
1577 369 1652 408 καί

213 440 389 491 πορθεῖν
415 434 467 478 τά
497 434 601 477 κατὰ
632 435 922 490 Βρανίτζοβαν
963 437 1037 475 καί
1063 433 1315 490 Βελάγραδα
1343 438 1530 489 γραφαῖς
1557 431 1647 474 evd-

212 517 343 555 γουσα
372 500 447 543 καί
476 501 624 555 ἁδραῖς
652 501 887 555 ἐπαίρουσα
916 498 1204 552 ὑποσχέσεσιν,
1235 501 1296 550 εἷς
1320 499 1394 554 τήν
1421 501 1496 540 τοῦ
1525 495 1647 551 ἁγίου

178 564 455 621 5Διομὴδους
479 565 614 620 μονήν
640 567 743 619 περί
761 581 853 608 τινα
881 565 970 606 ἐκεῖ
983 580 1064 606 που
1101 565 1354 620 στενωτάτην
1394 559 1523 606 οὖσαν
1561 562 1650 617 εἱρ-

214 630 316 687 κτὴν
365 628 524 680 ἇκλειὸς
564 629 794 684 ἀπάγεται,
822 628 927 672 ἔνθα
956 629 1007 685 δη
1037 632 1112 672 καί
1137 632 1205 686 ἐφ’
1249 629 1387 672 ἱκανὸν
1423 628 1538 684 παρά
1567 630 1649 671 τῶν

215 694 415 753 φυλάκων
453 697 785 751 ἑρεσχελούντων
829 697 1135 750 παροινουμένη
1177 697 1250 737 καί
1285 696 1392 751 λιμῷ
1428 694 1501 736 καί
1530 696 1645 744 δίψει

212 763 506 817 τετρυχωμένη
543 760 616 803 τὸν
657 763 823 817 σφαγέα
863 762 1060 816 διηνεκῶς
1105 758 1360 817 ἑφαντάζετο
1406 762 1452 803 ἐκ
1501 762 1690 812 &agnano

212 825 373 869 ἑστῶτα
414 824 661 879 τομώτατον.
732 824 754 867 ὅ
786 829 822 868 δ’
850 824 1111 882 Ἀνδρόνικος
1148 828 1249 868 ου’δὲ
1276 826 1416 882 βραχύ
1447 827 1548 880 γοῦν
1572 827 1645 867 τοῦ

156 908 203 935 ιο
215 888 445 947 οἷγριαίνειν
470 890 797 946 ὖποκεχοίλαστο,
827 892 934 934 aum
964 891 1010 935 τὰ
1031 894 1110 934 τοῦ
1123 893 1285 945 Δαβίδ,
1314 891 1438 933 πόνον
1466 893 1539 932 καί
1565 893 1645 932 θυ-

213 956 292 1012 μὸν
317 958 530 1000 κατανοῶν
572 956 647 999 καί
670 959 938 1012 παραδοῦναι
965 956 1156 1000 σπεύδων
1183 956 1316 1012 αὐτὴν
1346 959 1406 1006 εἰς
1433 955 1643 1007 θάνατον,

213 1022 354 1079 καιρὸς
393 1019 511 1066 οὔπω
539 1021 668 1072 πολῦς
711 1023 785 1065 καὶ
811 1029 896 1072 τοῖς
922 1025 1047 1075 ζῶσιν
1075 1021 1139 1065 ὅτι
1165 1022 1331 1066 σύνεστι
1361 1021 1647 1075 δυσχεραίνων

212 1089 404 1144 α’θροίζει
439 1087 564 1132 πάλιν
600 1087 699 1139 τούς
731 1091 785 1146 τῇ
822 1088 963 1147 ἀδικίᾳ
1008 1087 1293 1143 βραβεύοντας
1321 1086 1547 1139 δικαστάς,
1574 1086 1647 1129 καὶ

213 1150 273 1196 ὧν
303 1154 328 1209 ἧ
361 1154 474 1205 δεξιά
499 1154 613 1206 δεξιοὶ
634 1155 821 1207 α’δικίας,
849 1154 922 1196 καί
947 1153 1153 1210 ἐρώτησιν
1178 1153 1492 1207 προτεινάμενος
1521 1151 1646 1195 ὁποία

154 1220 201 1262 15
214 1236 276 1270 τις
298 1221 344 1262 ἐκ
367 1222 449 1262 τῶν
472 1218 610 1273 νόμων
626 1219 854 1276 ἐπήρτηται
882 1219 1002 1276 ποινὴ
1030 1223 1113 1268 τοῖς
1139 1218 1364 1274 προδόταις
1393 1218 1552 1261 πόλεων
1576 1217 1650 1261 καὶ

210 1286 384 1341 χωρῶν,
413 1285 485 1328 καί
511 1285 727 1342 α’πόφασιν
755 1285 964 1342 ἔγγραφον
991 1287 1158 1344 θανάτῳ
1186 1284 1524 1336 ὖποδικάζουσαν
1547 1282 1649 1333 τούς

212 1347 320 1392 οὕτω
349 1352 536 1406 δρῶντας
563 1347 644 1394 ἇνά
674 1357 821 1406 χεῖρας
852 1350 1098 1405 δεξάμενος,
1127 1347 1181 1407 ἧν
1208 1348 1253 1394 τό
1287 1352 1334 1393 ἐκ
1360 1347 1511 1393 τούτου
1539 1349 1646 1391 κατὰ

209 1406 283 1470 ’τῆς
310 1416 491 1471 ἀνάσσης
516 1413 690 1471 ἄσχετος
717 1415 792 1472 την
820 1415 968 1472 ὁρμήν.
996 1418 1136 1459 τοίνυν
1158 1415 1232 1459 καί
1252 1416 1324 1472 τὴν
1352 1415 1499 1472 φωνήν
1525 1414 1649 1468 ὕψω-

212 1481 371 1524 σάντων
394 1482 468 1523 καί
494 1483 699 1539 διατόρως
724 1482 966 1539 βοησάντων
983 1484 1065 1526 τῶν
1091 1479 1347 1538 παρανόμων
1372 1482 1538 1523 ἐκείνων
1562 1490 1648 1534 ψη-

149 1562 201 1591 20
214 1546 417 1604 φηφόρων
465 1549 553 1590 δεῖν
581 1549 628 1591 ἐκ
666 1550 742 1592 τοῦ
765 1550 862 1603 βίου
889 1551 1085 1604 γενέσθαι
1112 1547 1189 1604 τὴν
1219 1546 1460 1600 δύσποτμον
1490 1547 1650 1600 ἐκείνην

211 1614 257 1655 ἐν
287 1616 566 1667 βασιλίσσαις,
590 1613 752 1670 χάρτης
770 1612 904 1664 εὖθιὶς
923 1612 1039 1669 παρὰ
1069 1615 1148 1656 τοῦ
1173 1611 1325 1662 παιδὸς
1345 1611 1415 1653 καὶ
1442 1611 1649 1663 βασιλέως

211 1677 553 1733 ὑποσημαίνεται,
580 1681 766 1733 α’τεχνῶς
793 1680 950 1733 ψεκάδι
981 1681 1057 1722 τοῦ
1081 1681 1287 1734 μητρικοῦ
1302 1675 1649 1728 διεκτυπούμενος

213 1742 400 1797 αἳματος,
421 1740 578 1800 ταύτην
594 1745 835 1797 μετατιθεὶς
852 1746 922 1800 τῆς
945 1746 1068 1800 ζωῆς.
1097 1745 1331 1798 ἐκλέγονται
1357 1743 1493 1784 τοίνυν
1521 1741 1580 1789 εἰς
1596 1738 1644 1783 τό

304 1861 336 1894 3.
361 1851 452 1893 κατὰ
478 1851 545 1903 τῆν
569 1863 624 1907 βρ.
648 1861 711 1894 καὶ
735 1856 939 1904 βελέγραδα
963 1860 1001 1893 Α.
1116 1862 1151 1895 6.
1173 1859 1235 1905 ἐφ’
1261 1851 1395 1894 ἱκανὸν
1417 1868 1474 1890 om
1499 1858 1540 1890 A.
1608 1869 1643 1903 9.

303 1907 404 1953 γοῦν
427 1918 484 1939 om
508 1909 548 1940 A.
648 1917 699 1940 ιι.
722 1906 910 1953 σπεύδων]
937 1908 1062 1942 θέλων
1083 1907 1123 1940 A.
1243 1907 1293 1940 ¹5.
1317 1904 1531 1950 ἐπήρτηται]
1553 1903 1645 1937 ἔπα-

300 1960 489 1997 ναιρεῐται
511 1955 550 1986 Α.
645 1963 700 1986 21.
724 1954 964 1996 βασιλίσσαις
987 1954 1037 1994 A,
1068 1953 1219 1998 γυναιξὶ
1242 1952 1323 1986 PW.
1418 1961 1474 1984 22.
1498 1950 1643 1984 διεντυ-

299 2000 493 2046 πούμενος
516 1999 598 2033 PW.
691 2000 748 2032 23.
770 2002 901 2034 τοίνυν
938 2001 1002 2043 τῆς
1030 2002 1205 2047 μυσαρᾶς
1231 1998 1364 2041 ταύτης
1388 1999 1455 2032 καὶ
1480 1996 1643 2032 α’νοσιω-

300 2046 409 2089 τάτης
429 2045 604 2082 διάκονοι
626 2044 796 2091 πράξεως
820 2046 843 2081 o‘
866 2046 906 2080 Δ.

208 2148 273 2183 sed
300 2148 503 2182 damnaturi
527 2153 628 2181 eraut
645 2174 654 2189 ‚
681 2147 899 2193 proditionis
925 2154 1084 2182 accusat:
1114 2159 1192 2181 eam
1217 2147 1263 2180 ad
1291 2146 1412 2179 Belam
1438 2145 1644 2189 Hungariae

208 2207 347 2240 regem,
371 2195 502 2228 sororis
527 2195 715 2235 maritum,
741 2195 881 2228 crebras
910 2194 1052 2228 dedisse
1077 2195 1238 2235 litteras,
1277 2198 1314 2227 et
1337 2193 1473 2236 magnis
1499 2191 1644 2236 pollici-

206 2242 408 2276 tationibus
444 2253 525 2274 eum
559 2241 747 2286 impulisse
774 2247 815 2274 ut
851 2242 1084 2275 Branizobam
1124 2247 1161 2274 et
1195 2239 1436 2284 Belligradum
1474 2242 1642 2271 vastaret.

207 2290 332 2333 itaque
355 2289 394 2321 in
426 2288 714 2332 angustissimum
745 2299 921 2321 carcerem
960 2300 1072 2334 prope
1109 2288 1142 2321 S.
1169 2287 1355 2320 Diomedis
1385 2285 1643 2318 monasterium

207 2335 445 2379 ignominiose
470 2334 672 2368 abducitur.
699 2334 763 2367 ubi
789 2340 826 2367 et
849 2336 1037 2368 custodum
1064 2334 1232 2368 ludibriis
1265 2345 1306 2366 ac
1339 2332 1569 2366 contumeliis
1606 2338 1643 2365 et

207 2382 300 2415 same
324 2382 458 2427 sitique
476 2381 617 2420 afflicta,
639 2381 836 2415 saevissimi
858 2382 1031 2415 carnificis
1054 2393 1199 2415 manum
1224 2380 1452 2413 continenter
1476 2382 1642 2422 expecta-

207 2427 280 2460 bat.
303 2428 526 2462 Andronicus
551 2440 634 2461 vero
654 2428 746 2461 nihil
771 2429 960 2462 imminuta
985 2428 1141 2470 feritate,
1165 2427 1259 2462 nihil
1284 2427 1355 2460 nisi
1379 2432 1480 2459 atrox
1504 2431 1542 2458 et
1561 2435 1641 2456 cru-

208 2473 290 2506 dele
317 2475 476 2518 cogitans
503 2480 540 2508 et
567 2476 685 2507 vivere
720 2476 819 2508 illam
853 2476 1006 2519 graviter
1031 2477 1173 2516 serens,
1200 2485 1274 2507 non
1298 2474 1411 2506 multo
1436 2477 1519 2517 post
1542 2470 1641 2503 iniu-

209 2520 340 2552 riarum
363 2521 545 2555 ministros
567 2521 703 2554 iudices
730 2528 923 2562 convocat,
948 2534 1040 2567 quae
1063 2533 1180 2567 poena
1204 2521 1343 2565 legibus
1366 2520 1406 2552 in
1432 2518 1575 2558 urbium
1601 2521 1640 2548 et

207 2566 469 2611 provinciarum
493 2567 695 2612 proditores
720 2573 853 2602 statuta
888 2569 936 2601 sit
962 2575 1073 2613 rogat.
1106 2573 1252 2612 accepto
1286 2567 1441 2610 script0‚
1475 2574 1548 2609 quo
1566 2565 1639 2611 *re-

208 2612 454 2656 spondebatur
476 2615 628 2659 capitale
656 2614 694 2648 id
718 2626 794 2648 esse
818 2615 981 2656 facinus,
1006 2615 1169 2648 cohiberi
1197 2626 1271 2647 non
1301 2613 1422 2658 potuit
1453 2611 1542 2655 quin
1572 2608 1639 2640 im-

208 2663 296 2703 petu
321 2658 360 2690 in
384 2659 642 2703 imperatricem
670 2662 833 2695 serretur.
871 2674 950 2694 cum
979 2668 1098 2696 autem
1131 2661 1270 2694 iudices
1307 2660 1363 2692 illi
1394 2657 1511 2701 iniqui
1543 2655 1640 2687 clara

208 2715 296 2737 voce
323 2705 578 2739 exclamassent
599 2708 831 2741 miserrimam
854 2709 954 2741 illam
979 2709 1241 2753 imperatricem
1259 2718 1279 2740 e
1301 2705 1420 2738 medio
1441 2700 1638 2736 tollendam

209 2761 310 2795 esse,
333 2751 455 2787 statim
481 2752 623 2787 chartae
649 2753 694 2787 ab
722 2755 958 2800 imperatore,
985 2755 1062 2789 filio
1086 2755 1181 2795 eius,
1215 2753 1318 2799 quasi
1354 2755 1453 2796 gutta
1485 2749 1638 2783 materni
