1878 3230
349 173 457 230 332
757 188 989 231 NlCETAE
1041 189 1356 234 CnoNlA‘rAE

348 292 543 345 ἐκτρίβων
578 286 650 329 καί
677 287 924 341 θεραπεύων
959 287 1035 344 τὴν
1063 292 1243 344 γαστέρα
1273 297 1357 342 τοῖς
1382 295 1463 336 τῶν
1483 291 1623 351 ἄρτων
1649 296 1774 351 τεμά-

345 371 487 408 χεσιν,
528 349 637 393 ἑάλω
671 351 721 394 τὰ
748 351 934 406 βιώσιμα
982 355 1110 397 αἰτῶν
1148 356 1261 410 α’ωρί
1287 359 1369 399 τῶν
1393 362 1551 402 νυκτῶν
1577 363 1675 417 περὶ
1701 363 1776 418 τὴν

310 417 620 471 ε’Λνδρονίκου
659 416 811 472 σκηνὴν
850 417 1114 474 εἱλούμενος,
1143 422 1322 475 ἐξωμίας
1350 418 1571 479 ἅνθρωπος
1600 425 1673 468 καὶ
1695 444 1776 470 πα-

348 481 548 537 ραβλιόψ,
576 481 648 524 καὶ
671 481 722 525 τὰ
752 485 829 535 μὲν
866 487 1013 539 πρῶτα
1042 483 1123 526 ὑπὸ
1153 489 1224 541 τῆς
1249 488 1478 543 θεραπείας
1504 490 1777 546 Ἀνδρονίκου

349 549 405 596 ὥς
432 550 640 603 γοητείαις
687 546 908 591 εὐθύνεται
932 548 1170 605 χριόμενος,
1209 549 1353 594 ἔπειτα
1380 555 1452 596 καί
1478 556 1534 611 τῷ
1562 553 1679 613 δήμῳ
1704 559 1813 612 τῆς5

346 611 503 663 πόλεως
542 612 748 655 ἐκδίδοται
789 615 1045 670 παραλόγως.
1111 615 1151 658 οῖ
1179 618 1226 658 δὲ
1268 614 1347 660 ὅσα
1374 617 1447 661 καί
1486 622 1607 670 θείας
1639 615 1776 674 ὅψεως

346 681 420 733 τῆς
444 681 715 734 Ἀνδρονίκου
755 682 860 729 θέας
904 680 1093 734 ἐχόμενοι
1109 715 1121 734 ,
1164 682 1454 738 οἶνεξελέγκτως
1483 684 1611 727 αὕτὸν
1638 686 1698 735 εἰς
1723 685 1772 728 τὸ

345 747 524 800 θέατρον
561 742 838 799 ἀπαγαγόντες
874 747 946 788 καί
972 749 1134 802 κραῦρα
1161 746 1262 797 ’ξύλα
1289 748 1361 790 καί
1387 748 1614 805 φακιόλους
1641 765 1777 808 φορυ·

343 812 424 853 τῶν
451 810 758 864 ξυναγείραντες
783 812 1076 854 κατακαίουσιν
1102 812 1353 871 Ἀνδρονίκῳ
1379 813 1665 870 χαριζόμενοι.

452 874 619 930 Συχνοὶς
659 878 696 918 δ’
739 874 999 931 ἐκμετρῆσας
1029 874 1188 932 ἡμέρας
1213 878 1483 932 Ἀνδρόνικος
1510 879 1588 923 σύν
1613 882 1671 938 τῷ
1695 883 1774 935 βα·
1790 895 1838 922 10

343 946 457 985 σιλεῖ
487 940 589 983 κατὰ
625 940 672 982 τὸ
718 939 988 993 Φιλοπάτιον,
1011 939 1150 995 ·ἐ’σχεν
1193 941 1287 998 ἔρον
1310 946 1368 993 εἰς
1395 943 1472 999 τὴν
1500 944 1775 999 μεγαλόπολιν

343 1009 515 1049 εἰσιέναι
556 1006 628 1048 καί
663 1005 734 1048 τὸν
772 1010 848 1048 τοῦ
890 1008 1094 1059 βασιλέως
1132 1008 1362 1064 ἐξαδέλφου
1390 1008 1603 1064 Mammia-
1645 1010 1777 1066 τάφον

344 1073 460 1115 ἰδεῖν.
516 1069 616 1113 ὅθεν
645 1069 750 1113 κατα
770 1069 844 1126 τήν
870 1073 945 1114 τοῦ
959 1072 1309 1128 Παντοκράτορος
1334 1072 1465 1129 μονὴν
1491 1072 1677 1128 γεγονώς,
1704 1077 1779 1118 καί

300 1139 427 1183 υποῦ
452 1139 655 1180 τέθαπται
690 1135 711 1178 ὃ
741 1134 883 1191 νεκρὸς
920 1134 1158 1192 ἐρωτήσας,
1195 1140 1268 1180 καί
1294 1138 1468 1189 ἐπιστὰς
1494 1141 1552 1196 τῷ
1579 1154 1774 1192 σωματο-

343 1203 597 1259 φυλακοῦντι
623 1201 812 1257 μνήματι
841 1204 997 1258 πικραῖς
1020 1201 1277 1258 ἐπεδάκρυσε
1303 1203 1376 1245 καί
1402 1206 1647 1259 περιπαθῶς
1673 1200 1838 1248 &zo-15

342 1267 514 1324 φύρετο,
549 1266 607 1317 ὥς
633 1270 707 1309 καί
731 1265 908 1316 πολλοὺς
936 1268 1020 1309 τῶν
1048 1268 1325 1323 παρεστώτων
1351 1267 1410 1323 μή
1440 1267 1514 1310 τὸν
1541 1270 1776 1325 κρυψίνουν

339 1330 448 1382 ὅλως
479 1335 624 1388 διορᾶν
645 1330 913 1387 Ἀνδρόνικον
958 1330 1129 1386 ἔχοντας
1148 1331 1370 1386 θαυμάσαι
1399 1335 1519 1386 λίαν,
1547 1334 1621 1375 καί
1646 1335 1776 1377 εἰπεῖν

339 1395 403 1453 „62¹
429 1401 505 1441 τοῦ
534 1396 774 1451 θαύματος,
800 1398 888 1447 πῶς
915 1398 1052 1453 ἐφίλει
1081 1396 1152 1440 τὸν
1178 1401 1385 1453 προσγενῆ
1413 1394 1597 1451 ἄνακτα,
1625 1401 1772 1455 καίπερ

340 1463 516 1520 διώκτην
560 1459 656 1505 ὄντα
697 1461 855 1518 θερμὸν
880 1467 953 1505 καί
984 1462 1296 1519 φιλανθρώπως
1334 1465 1447 1521 αύτῷ
1473 1462 1530 1518 μὴ
1559 1463 1774 1519 χρησάμε-

338 1533 449 1573 νον.”
503 1531 625 1571 τινῶν
664 1530 710 1570 δὲ
735 1529 819 1571 τῶν
861 1529 906 1571 ἐκ
939 1530 1017 1570 τοῦ
1053 1530 1195 1582 γένους
1235 1527 1517 1571 ἀποσπώντων
1543 1527 1670 1571 αὐτὸν
1700 1530 1839 1583 τῆςαο

337 1597 467 1651 σοροῦ
493 1596 564 1636 καί
580 1591 815 1648 α’ρκούντως
839 1590 1178 1649 ὖποφωνούντων
1204 1595 1515 1648 τεθρηνηκὲναι,
1544 1594 1635 1635 οὐδ’
1666 1591 1773 1643 ὅλως

337 1663 566 1710 καθυπεῖξε
611 1665 703 1708 ταῖς
745 1658 1081 1714 παραιφάσεσιν,
1109 1660 1203 1700 ἀλλ’
1234 1657 1406 1712 αἰτήσας
1436 1661 1509 1700 καί
1537 1657 1599 1700 ε”τι
1624 1657 1776 1713 μικρὸν

339 1726 569 1780 ἐνδοθῆναί
594 1723 633 1765 οἱ
662 1724 1027 1779 προσκαρτερῆσαι
1055 1725 1113 1781 τῷ
1135 1723 1267 1781 τάφῳ,
1297 1722 1408 1778 ἔχειν
1432 1723 1511 1777 γάρ
1540 1739 1580 1764 τι
1607 1724 1667 1780 τῷ
1690 1737 1774 1764 κει-

428 1828 461 1862 3.
487 1823 630 1868 σκηνὴν
657 1835 715 1858 om
735 1825 775 1857 A.
907 1823 1128 1869 παραβλιόψ]
1152 1824 1436 1870 μονόφθαλμος
1455 1823 1493 1856 Β.
1620 1825 1652 1859 8.
1676 1821 1775 1856 α’πα-

428 1873 610 1918 γαγόντες
634 1873 697 1904 καὶ
721 1882 779 1904 om
804 1870 843 1904 A.
941 1873 1088 1916 κραῦρα
1112 1869 1214 1917 ξύλα]
1253 1871 1343 1909 ξύλα
1370 1868 1459 1914 ξηρὰ
1484 1870 1547 1904 καὶ
1571 1869 1706 1909 τζάκνα
1735 1869 1774 1902 Β.

433 1932 483 1954 ιο.
511 1918 589 1965 ἅμα
614 1919 760 1962 βασιλεῖ
783 1918 821 1950 Δ.
922 1927 972 1950 12.
995 1916 1170 1964 εἰσιέναι]
1196 1917 1386 1963 εἰσελθεῖν
1408 1918 1449 1951 A.
1569 1917 1619 1961 ¹4·
1645 1924 1773 1962 σωμα-

426 1967 710 2012 τοφυλακοῦντι
736 1975 793 1997 om
821 1964 859 1997 A.

338 2055 490 2088 divitum
526 2055 653 2087 limina
689 2059 808 2087 terens
843 2058 884 2086 ut
917 2053 1038 2085 frustis
1076 2053 1179 2097 panis
1204 2053 1334 2085 famem
1359 2051 1520 2092 sedaret,
1546 2055 1670 2096 captus
1695 2055 1771 2093 est,

336 2112 416 2133 cum
441 2102 655 2145 intempesta
688 2106 794 2133 nocte
822 2100 923 2132 iuxta
946 2099 1141 2132 Andronici
1180 2099 1451 2132 tabernaculum
1474 2098 1605 2131 victum
1629 2098 1770 2131 mendi-

335 2153 454 2187 caret,
478 2147 532 2179 vir
559 2157 728 2190 procerus
755 2152 791 2179 et
810 2145 962 2179 strabus.
991 2157 1031 2178 ac
1044 2146 1198 2189 primum
1224 2145 1269 2177 ab
1287 2144 1483 2178 Andronici
1505 2144 1678 2176 ministris
1704 2155 1772 2188 pro

334 2204 437 2237 mago
471 2193 723 2233 insimulatur,
750 2192 882 2225 deinde
906 2192 1066 2224 urbanae
1091 2191 1192 2236 plebi
1214 2197 1357 2236 praeter
1381 2191 1589 2235 opinionem
1612 2189 1768 2224 deditur.

335 2250 377 2275 ea
404 2250 487 2273 vero
513 2239 708 2284 spectando
735 2238 960 2279 Andronico,
986 2243 1027 2270 ut
1053 2237 1174 2271 divino
1214 2238 1330 2270 vultui
1358 2237 1517 2277 intenta,
1558 2247 1639 2268 eum
1671 2236 1770 2269 indi-

333 2291 392 2323 cta
416 2296 533 2325 causa,
561 2285 736 2329 congestis
763 2286 802 2319 in
820 2285 961 2319 theatro
988 2284 1093 2328 lignis
1122 2282 1230 2317 aridis
1250 2289 1286 2317 et
1313 2283 1512 2323 sarmentis,
1535 2282 1574 2317 in
1588 2282 1768 2317 Androni-

333 2333 367 2371 ci
390 2331 539 2376 gratiam
567 2332 692 2365 exurit.
1220 2331 1223 2334 ’

301 2376 306 2381 “
426 2378 500 2423 Qui
530 2377 607 2410 dies
642 2378 841 2422 complures
874 2389 953 2410 cum
978 2378 1191 2421 imperatore
1216 2375 1255 2410 in
1277 2375 1479 2419 Philopatio
1506 2378 1767 2416 commoratus,

333 2435 497 2468 magnam
534 2423 660 2457 urbem
684 2425 816 2456 intrare
845 2423 1063 2456 desideravit
1105 2428 1141 2455 et
1163 2422 1342 2455 Manuelis
1365 2421 1537 2466 patruelis
1564 2421 1767 2467 sepulcrum

334 2476 506 2515 spectare.
530 2481 610 2503 cum
647 2471 685 2503 in
709 2470 969 2503 Pantocratoris
1001 2469 1256 2502 monasterium
1293 2468 1468 2508 venisset,
1499 2467 1678 2512 quaesivit
1702 2466 1768 2500 ubi

334 2518 424 2551 situs
452 2522 546 2550 esset
567 2517 779 2561 imperator3
805 2517 956 2561 eiusque
984 2515 1147 2560 sepulcro
1180 2520 1300 2548 astans
1325 2514 1451 2547 acerbe
1476 2513 1596 2554 flevit,
1618 2514 1768 2546 misera-

321 2563 460 2599 biliter
487 2563 646 2604 eiulans,
685 2568 725 2595 ut
760 2562 908 2607 quidam
944 2573 988 2594 ex
1023 2559 1224 2595 astantibus
1258 2561 1387 2594 artium
1413 2559 1609 2594 Andronici
1632 2560 1765 2604 ignari,

333 2620 420 2656 prae
445 2609 680 2643 admiratione
705 2609 867 2642 dicerent
893 2619 938 2650 „o
955 2618 1028 2640 rem
1056 2607 1198 2641 miram!
1225 2613 1266 2641 ut
1291 2608 1541 2652 imperatorem
1565 2611 1766 2650 cognatum,

334 2656 495 2702 quamvis
532 2667 648 2689 acrem
685 2661 722 2688 et
757 2654 991 2688 inhumanum
1018 2659 1305 2699 persecutorem,
1339 2653 1467 2687 dilexit
1481 2653 1511 2686 Ψ
1536 2664 1615 2686 cum
1643 2657 1764 2685 autem

335 2702 482 2747 quidam
516 2713 559 2736 ex
592 2702 751 2746 cognatis
791 2712 871 2734 eum
909 2713 929 2733 a
963 2701 1101 2734 tumulo
1127 2701 1340 2741 avellerent,
1378 2705 1415 2733 et
1437 2700 1551 2733 luctui
1576 2699 1661 2732 satis
1687 2709 1764 2731 esse

336 2749 460 2788 datum
488 2748 670 2791 dicerent,
695 2749 840 2783 monitis
871 2758 993 2782 eorum
1020 2757 1248 2794 nequaquam
1276 2747 1477 2793 acquievit,
1505 2745 1569 2781 sed
1596 2744 1764 2793 petiitnt
