1878 3230
243 152 355 220 462
666 164 897 210 NmETAE
934 164 1245 207 CHONIATAE

335 265 424 312 Ἵνα
455 267 502 307 δὲ
529 264 710 306 συνελών
734 262 834 304 εἴπω
859 262 905 305 τὸ
933 263 1027 315 πᾶν,
1053 264 1092 305 εἷ
1113 264 1190 305 τοῦ
1215 259 1375 305 ἐντόνου
1401 263 1470 317 τῆς
1497 263 1659 318 ἀπηνεί-

199 342 289 383 Βας
319 330 510 385 ὖπεχάλα
539 327 799 383 Ἀνδρόνικος
832 328 929 382 μηδ’
961 327 1089 377 εὐθὺς
1126 329 1251 382 ἐπῆγε
1277 326 1349 370 τὸν
1376 329 1562 381 καυτῆρα
1590 328 1662 370 καί

235 398 311 451 τὴν
336 393 487 447 τομήν,
531 394 599 434 αἐἰ
628 393 787 448 ῥανίσιν
826 391 1013 446 αἱμάτων
1041 394 1351 436 σννδιαπλέκων
1379 394 1450 433 καί
1478 393 1659 446 διαχρώ-

237 463 317 511 ζων
335 457 381 500 τὸ
403 455 575 513 ιίρχικόν
594 458 846 511 ἅμπεχόνιον
874 459 932 513 τῷ
960 454 1242 512 ἀπαραίτητος
1271 453 1377 498 εἶναι
1405 455 1510 511 πρὸς
1537 454 1658 498 κόλα-

233 541 322 577 σιν,
360 520 461 578 ὅπερ
501 523 546 565 ἐκ
583 525 664 565 τῶν
711 524 846 564 ἐθνῶν
887 518 947 572 οἷς
985 522 1231 578 προσέμιξεν
1268 519 1505 575 ἀπεμάξατο
1532 525 1698 568 πολύ-5

232 591 508 637 πλανέστατος
548 586 781 644 ἀνθρώπων
824 587 1058 642 γενόμενος,
1095 583 1147 642 ἦν
1173 584 1226 629 ἂν
1265 587 1342 628 ov'n
1369 584 1587 639 ἐλάχιστος
1615 588 1660 628 ἐν

231 659 315 703 τοῖς
342 655 387 694 ἐκ
415 655 645 708 Κομνηνῶν
689 649 884 707 ἄρξασιν,
913 654 981 694 ἵνα
1012 651 1072 707 μὴ
1102 654 1205 706 λέγω
1234 650 1290 701 ὥς
1315 654 1359 694 ἐν
1386 650 1453 708 ἴσῃ
1482 653 1531 708 τῇ
1559 648 1659 693 στά-

230 721 320 774 θμῃ
349 720 422 759 καί
447 718 577 775 πάντῃ
608 715 840 772 ἰσόρροπος,
869 715 1011 773 ἐπειδή
1042 732 1118 772 περ
1150 713 1202 772 ἧν
1227 717 1304 758 κάκ
1331 714 1480 758 τούτου
1513 717 1658 758 συλλέ-

229 798 318 835 γειν
342 782 586 838 ἀνθρώπινα
629 779 733 824 ι’ίττα
760 785 930 836 μέγιστα
965 782 1129 837 α’γαθά·
1188 783 1239 823 οὔ
1262 781 1342 837 γάρ
1368 779 1496 838 πάντῃ
1527 778 1657 835 α’πην-

229 848 464 901 θρώπιστο,
496 848 601 889 dna*
644 846 749 890 κατὰ
776 846 826 889 τά
867 849 997 903 διφυῆ
1024 844 1364 900 ἆναπλαττόμενα
1389 846 1654 903 μορφώματα
1674 861 1722 890 ω’

229 914 465 968 θηριωδίας
486 915 673 967 μετέχων
703 915 776 954 καί
804 915 979 970 βροτείῳ
1006 912 1106 954 εἴδει
1136 915 1342 958 ἐκέκαστο,

337 977 453 1033 Περὶ
480 979 521 1018 δ’
543 978 818 1032 Ἀνδρονίκου
847 976 919 1019 καὶ
946 977 1076 1032 ἕτεροι
1103 976 1146 1019 τὸ
1176 980 1326 1030 μέλλον
1339 977 1455 1034 αὐτῷ
1481 991 1657 1033 προφοι-

228 1039 422 1095 βάζοντες
477 1044 661 1096 ἰαμβεῖοι
710 1043 845 1096 στίχοι
878 1045 1036 1096 βιβλοις
1079 1044 1332 1099 ὲμφὲρονται
1369 1044 1440 1084 καί
1478 1040 1656 1096 στόμασι

230 1110 392 1150 πολλῶν
416 1107 707 1164 περιᾴδονται,
735 1107 816 1150 σύν
844 1104 985 1157 ἄλλοις
1013 1110 1058 1150 δὲ
1085 1109 1157 1149 καί
1184 1102 1306 1149 οὗτοί
1325 1109 1443 1153 εἰσιν.

192 1176 220 1209 C
391 1171 543 1228 αἴφνης
575 1173 611 1213 δ’
636 1171 815 1221 α’ναστοὶς
845 1175 889 1214 ἐκ
918 1172 1046 1214 τόπου
1078 1175 1261 1227 πλήρους
1289 1173 1414 1215 πότου
1674 1177 1722 1218 15

393 1235 499 1291 α’νὴρ
532 1235 739 1288 πελιδνός,
770 1238 981 1292 ἆγὲρωχος
1006 1236 1076 1279 τὸν
1104 1237 1256 1291 τρόπον
1273 1271 1285 1290 ,

391 1299 585 1355 στυγνός,
616 1299 783 1353 πολιός,
804 1306 984 1350 ποικίλος
1013 1305 1284 1356 χαμαιλέων,

391 1369 695 1409 ἐπεισπεσεῖται
723 1367 795 1408 καί
818 1369 978 1420 θερίσει
1004 1366 1206 1422 καλάμην.

388 1429 626 1486 πλήνᾶλλὰ
656 1429 809 1481 καύτὸς
849 1432 1142 1486 συνθερισθείς
1172 1433 1231 1490 τῷ
1259 1431 1394 1490 χρόνῳ

390 1497 611 1552 ἐσύστερον
636 1497 784 1538 τίσειεν
815 1496 965 1547 ἀθλίας
996 1498 1112 1546 δίκας
1666 1517 1718 1548 20

317 1646 350 1679 3.
373 1643 692 1688 προσδιαπλέκων
715 1644 756 1678 Α.
873 1646 903 1687 4.
932 1643 1042 1692 πρὸς]
1073 1647 1124 1684 εἰς
1151 1647 1189 1679 Α.
1263 1650 1296 1682 5.
1313 1648 1602 1694 πολύπλαγκτος
1614 1649 1653 1683 Α.

323 1703 376 1725 ιο.
391 1689 717 1736 ἄναπλαττόμενα]
742 1689 992 1735 ἀναφυόμενα
1006 1693 1046 1725 A.
1122 1704 1172 1725 ιι.
1195 1694 1361 1740 βροτείῳ]
1378 1695 1600 1741 ἄνθρωπείω
1613 1697 1651 1728 Α.

325 1747 375 1770 12.
398 1738 486 1781 περὶ
511 1735 550 1770 δὲ
575 1739 644 1769 τοῦ
668 1737 843 1769 τοιούτου
869 1736 1100 1782 ἄνδρονίκου
1115 1741 1177 1772 καὶ
1202 1732 1309 1774 οὗτοι
1334 1743 1504 1787 ἰαμβικοὶ
1529 1744 1654 1786 στίχοι

321 1783 362 1818 ἐν
393 1787 471 1819 τοῖς
493 1783 835 1828 βασιλογραφείοις
854 1782 946 1828 μετά
982 1789 1055 1819 τῶν
1080 1785 1198 1820 ἄλλων
1221 1787 1441 1832 γράφονται
1465 1785 1592 1825 οὕτως.
1618 1790 1652 1821 Β.

324 1830 373 1863 15.
396 1828 535 1875 πλήρης
550 1829 589 1862 Α.
666 1830 716 1863 ι6.
741 1827 809 1862 τὸν
832 1829 991 1877 τρόπον]
1022 1829 1088 1873 τὴν
1112 1833 1245 1875 κλῆσιν
1270 1834 1306 1866 Β.
1405 1845 1455 1879 ¹7·
1480 1833 1650 1881 στυγνός]

319 1872 468 1912 στικτός
490 1875 526 1907 Β.
665 1884 720 1909 20.
746 1873 889 1913 ἀθλίως
913 1877 951 1909 A.

321 1996 392 2030 Sed
415 2001 457 2030 ut
485 2007 559 2029 rem
582 1997 620 2030 in
644 2008 756 2041 pauca
791 1998 991 2032 conferam:
1015 2001 1045 2032 si
1070 2001 1114 2033 de
1140 2002 1286 2034 saevitia
1309 2002 1477 2034 nonnihil
1500 2001 1654 2036 remisis-

231 2049 286 2077 set
307 2043 558 2083 Andronicus„
588 2054 706 2087 neque
739 2045 859 2077 statim
884 2045 929 2079 ad
968 2047 1143 2080 sectiones
1168 2054 1204 2081 et
1229 2049 1388 2081 ustiones
1412 2055 1654 2093 properasset,

228 2100 346 2134 neque
373 2095 487 2122 vestes
515 2089 761 2134 imperatorias
775 2091 989 2124 inexorabili
1004 2094 1152 2127 saevitia
1178 2094 1330 2127 subinde
1355 2095 1543 2139 polluisset
1565 2095 1652 2140 (quo

226 2136 340 2170 veluti
366 2135 530 2178 contagio
554 2131 775 2169 crudelitatis
800 2148 843 2170 ex
864 2138 1125 2183 multiplicibus
1161 2140 1337 2173 erroribus
1366 2140 1460 2185 apud
1484 2141 1652 2174 barbaras

228 2188 351 2227 gentes
371 2182 526 2214 infectus
551 2182 635 2225 est),
660 2193 733 2215 non
756 2184 923 2218 minimus
950 2185 1045 2218 inter
1067 2186 1280 2220 Comnenios
1306 2188 1535 2231 imperatores
1562 2187 1651 2220 fuis-

229 2235 301 2269 set,
325 2238 371 2261 ne
403 2227 518 2259 dicam
552 2238 634 2259 eum
666 2229 802 2262 nemini
827 2231 1018 2276 quicquam
1047 2231 1092 2264 <le
1116 2233 1233 2277 palma
1259 2233 1367 2266 fuisse
1392 2244 1649 2266 concessurum.

228 2286 310 2307 nam
335 2285 380 2307 ex
402 2284 445 2306 eo
471 2284 615 2318 quoque
639 2276 793 2308 maxima
821 2276 915 2310 bona
940 2278 1061 2321 colligi
1082 2284 1258 2323 poterant.
1283 2290 1400 2323 neque
1429 2280 1522 2311 enim
1547 2280 1652 2324 peni-

230 2327 285 2354 tus
309 2320 490 2353 hominem
519 2325 681 2361 exuerat,
713 2321 795 2363 sed,
816 2328 858 2356 ut
882 2323 1069 2365 Centauri,
1103 2330 1240 2370 partem
1263 2325 1408 2358 belluae
1432 2325 1590 2360 habebat
1614 2331 1651 2359 et

224 2366 384 2400 humano
411 2366 513 2400 vultu
539 2371 682 2399 ornatus
707 2373 793 2400 erat.
1487 2385 1490 2388 >

323 2414 378 2447 De
401 2411 594 2446 Andronici
633 2413 730 2446 exitu
754 2426 832 2446 cum
868 2414 931 2446 alii
955 2414 1099 2448 iambici
1122 2427 1241 2451 versus
1280 2423 1316 2451 et
1353 2417 1391 2451 in
1422 2416 1523 2451 libris
1548 2427 1650 2463 repe-

232 2460 372 2496 riuntur
399 2464 435 2493 et
458 2457 579 2491 multis
605 2458 642 2491 in
670 2469 729 2492 ore
754 2466 859 2500 sunt,
884 2465 960 2494 tum
984 2460 1032 2493 hi.

487 2515 621 2548 vinosis
647 2515 797 2560 impiger
825 2518 1004 2561 profectus
1036 2530 1078 2552 ex
1102 2519 1189 2553 locis

487 2561 542 2594 vir
565 2560 768 2606 lividusque
793 2568 829 2595 et
852 2563 1039 2597 insolentis
1067 2565 1207 2609 ingeni,

490 2618 614 2647 canus,
641 2617 799 2649 severus,
826 2609 1014 2654 multiplex
1041 2611 1297 2654 Chamaeleon,

486 2658 566 2687 ruet
595 2659 630 2686 et
656 2665 798 2687 recurva
826 2656 959 2689 culmos
990 2657 1080 2690 falce
1109 2658 1277 2693 demetet.

489 2699 552 2734 sed
577 2705 715 2747 tempus
741 2701 857 2747 ipsum
882 2702 1038 2750 denique
1060 2703 1157 2738 haud
1183 2706 1302 2741 minus
1325 2713 1452 2749 metet,
