1878 3230
247 214 274 267 7
285 217 314 247 Ο
323 216 355 247 Ο
669 212 897 252 NICETAE
941 210 1252 252 CllONlATAE

240 310 316 359 μὲν
344 307 555 349 ἱκέτευσαν
590 304 694 359 ὑπὲρ
742 301 801 348 ὧν
844 306 957 359 παρὰ
998 308 1116 361 δίκην
1159 304 1441 360 πεπόνθασιν,
1487 308 1671 362 ἀρχείοις

240 370 472 426 προσιόντες
500 370 572 417 καί
597 374 731 420 θειόις
768 371 871 423 μετὰ
908 374 1056 428 φώτων
1083 375 1271 425 τεμένεσι
1313 372 1670 426 παραβάλλοντες,

200 440 316 478 Βου”κ
345 433 457 489 εἰχον
486 437 532 477 δὲ
560 435 632 478 τὸν
659 439 834 489 βασιλέα
865 436 970 493 πρὸς
1002 433 1137 478 οἶκτον
1169 438 1388 492 ἐπιρρεπῆ,
1418 437 1494 488 τὰς
1535 440 1673 480 αιῖτῶν

238 501 438 554 ἐμπορίας
467 501 664 552 καθάπαξ
693 503 1040 556 ἐξαργυρώσαντα
1067 505 1139 545 καί
1164 506 1220 561 τῷ
1246 500 1377 545 αὐτοῦ
1406 506 1580 561 ταμιείῳ
1609 505 1676 557 ἐγ·

238 569 535 619 καταθέμενον.
596 567 633 608 οἱ
661 569 705 618 ἐξ
731 568 904 610 Ἰκονίου
944 570 1083 610 τοίνυν
1126 567 1360 623 ὁρμώμενοι
1400 567 1577 623 ἔμποροι
1618 569 1676 626 τῷ
1687 568 1710 609 5

232 632 517 689 (Ρουκρατίνῳ
545 635 754 687 προσίασι,
785 632 857 675 καί
884 635 1055 686 πέμψας
1084 628 1204 683 οὗτος
1226 636 1269 682 ἐς
1297 636 1473 687 βασιλέα
1502 632 1553 675 τὰ
1580 632 1676 675 τού-

236 713 315 738 των
344 696 496 753 ἀπῄτει
522 697 746 751 χρήματα·
807 694 858 752 ἦν
889 700 933 740 δὲ
959 697 1030 740 καί
1057 696 1172 752 λόγος
1209 698 1299 741 τότε
1339 697 1438 753 περὶ
1473 700 1674 740 σπονδῶν.

236 760 437 814 βασιλεύς
460 764 506 804 δὲ
535 763 772 818 α’ποστοίτην
801 761 1019 817 ὀνομάζων
1050 760 1208 805 ἑαυτοῦ
1233 765 1306 806 τὸν
1337 763 1674 818 Φραγγόπουλον,

237 828 310 881 τῆς
341 828 495 876 οἰκείας
522 826 689 882 γνώμης
731 830 886 884 α’πῆγεν
929 826 1007 871 ὅσα
1055 823 1175 878 οὗτος
1213 827 1561 884 α’νοσιούργησεν,
1607 829 1677 870 ἐπί

237 891 388 944 ψεύδει
417 891 492 947 την
526 893 675 935 ἐλπίδα
706 895 920 946 τιθέμενος
955 894 1025 936 καί
1051 897 1101 951 τῇ
1128 896 1320 952 ἐναργείᾳ
1359 897 1442 936 τῶν
1482 892 1675 949 πραγμά-
1692 910 1738 936 ιο

235 973 317 999 των
349 957 690 1011 α’ντιμαχὸμενος.
747 959 1010 1014 τελεσθείσης
1041 961 1087 1001 δὲ
1110 961 1182 1014 τῆς
1210 960 1371 1015 οἷγοίπης
1398 959 1421 1000 ὅ
1447 961 1525 1012 μὲν
1547 959 1675 1002 ‘Pou-

237 1028 427 1078 κρατῖιός
457 1026 553 1076 μεθ’
594 1020 747 1079 ἑτέρων
784 1023 986 1079 αἰτήσεως
1029 1025 1172 1081 φόρων
1209 1028 1282 1067 καί
1327 1026 1434 1078 μνᾶς
1473 1025 1673 1080 ἀργυρίου

237 1087 516 1144 προσειλήφειΥ
543 1092 789 1144 πεντήκοντα
819 1092 878 1139 εἰς
913 1087 1109 1143 ἆπόὸομα
1138 1085 1196 1132 ὧν
1226 1089 1265 1132 οἱ
1301 1089 1474 1146 ἔμποροι
1513 1091 1675 1147 α’φῃρέ-

238 1157 401 1207 θησαν,
427 1153 447 1195 ὁ
477 1156 523 1195 δὲ
550 1155 751 1207 βασιλεῦς
780 1158 978 1211 φωρᾶται
1004 1159 1105 1209 μεθ’
1132 1154 1291 1211 ἡμέρας
1318 1159 1370 1213 τῇ
1398 1158 1555 1198 ἐκείνου
1585 1157 1675 1196 ἐπι-

201 1218 452 1270 (ἶβουλεύων
475 1221 572 1275 ζωῇ.
625 1222 842 1274 μεγίσταις
859 1219 940 1275 γάρ
970 1220 1221 1275 ὑποσχέσεσι
1245 1219 1451 1263 Χασίσιόν
1469 1237 1561 1262 τινα
1579 1222 1673 1262 ἐλα-
1692 1220 1739 1262 15

241 1286 416 1338 φρίσας,
449 1283 520 1325 καί
545 1284 672 1342 τούτῳ
703 1285 899 1338 α’μαθῶς,
930 1285 987 1334 ὥς
1025 1287 1068 1335 ἐς
1096 1286 1241 1342 φιλίαν
1279 1282 1567 1339 ἀστάθμητος,
1609 1287 1675 1338 ἐγ-

237 1351 428 1402 χειρίσας
454 1346 720 1404 γραμμάτιον
750 1350 1093 1406 ἐρυθρόγραφον,
1127 1352 1325 1402 ἐκπέμπει
1359 1349 1432 1391 τὸν
1463 1347 1673 1405 ζΡουκρα.

238 1419 346 1455 τΐνον
383 1413 674 1469 ἀναιρήσονται.
731 1417 1044 1471 συλληφθέντος
1080 1417 1126 1457 δὲ
1165 1417 1240 1456 τοῦ
1270 1417 1481 1457 Χασισιόυ
1516 1416 1591 1455 καί
1623 1414 1671 1456 τὸ

235 1480 409 1532 γράμμα
457 1482 530 1520 καί
563 1478 607 1521 τὸ
649 1481 794 1535 δρᾶμα
833 1479 1111 1536 ἐκφήναντος,
1157 1479 1463 1535 παρεβάθησαν
1511 1483 1589 1532 μὲν
1629 1478 1674 1520 αἱ

237 1546 437 1597 σπονδαί,
465 1546 620 1586 πολλαί
647 1547 686 1586 δ’
713 1547 758 1588 ἐκ
781 1548 864 1587 ταῖν
896 1545 1092 1600 Τούρκων
1116 1545 1343 1600 ἐπιδρομαὶ
1370 1543 1439 1586 διὰ
1479 1543 1555 1599 τήν
1589 1559 1673 1586 τοι-
1687 1561 1737 1586 20

240 1608 370 1663 αὐτην
388 1611 526 1651 αἰτίαν
553 1615 644 1659 ταῖς
675 1606 798 1667 ἒῴαις
825 1612 1093 1667 ἐπανέφυσαν
1121 1608 1277 1652 πόλεσι.
1331 1611 1404 1652 καί
1421 1609 1604 1664 Μιχαὴλ
1627 1611 1675 1651 δέ

102 1681 144 1715 V.
159 1683 220 1718 281
237 1690 298 1722 τις
326 1676 371 1716 ἐκ
395 1676 562 1723 νοθείας
591 1674 683 1724 υἱὸς
698 1675 901 1718 Ἰωάννου
929 1677 1005 1717 τοῦ
1030 1675 1418 1730 σεβαστοκράτορος,
1444 1677 1515 1730 τῆς
1542 1678 1672 1730 ἐπαρ-

235 1740 332 1792 χίας
361 1740 600 1795 Μυλάσσης
627 1739 854 1796 φορολόγος
884 1741 1146 1793 α’ποσταλείς,
1175 1742 1268 1790 νέος
1294 1736 1352 1782 ὢν
1381 1739 1454 1782 καί
1480 1737 1672 1794 αὖθιίδης

333 1888 359 1909 ι.
397 1876 577 1924 ἀρχείοις]
614 1880 829 1925 κατέφυγον
877 1880 939 1912 καὶ
976 1870 1074 1925 πρός
1108 1878 1346 1923 πατριάρχην
1380 1880 1444 1913 καὶ
1476 1877 1672 1926 μοναχούς

327 1925 607 2006 ἲὲεἴμλαὲξῧρύς
638 1926 673 1958 Β.
795 1936 844 1959 12.
873 1925 987 1973 μναῖς]
1022 1924 1191 1972 οἷσήμους
1215 1926 1342 1972 λίτρας
1367 1926 1404 1957 Β.
1524 1928 1574 1962 ι5.
1601 1926 1671 1970 χοὶ-

236 2098 342 2131 aedes
369 2100 651 2144 frequentarunt.
678 2101 740 2135 sed
765 2099 859 2134 nihil
884 2100 928 2133 ab
953 2100 1167 2146 imperatore
1193 2102 1447 2146 impetrarunt,
1475 2100 1538 2145 qui
1563 2099 1667 2132 bonis

235 2146 309 2178 illis
335 2147 405 2178 iam
421 2147 577 2180 venditis
604 2149 792 2192 pecuniam
816 2149 854 2180 in
880 2149 1002 2181 fiscum
1027 2148 1221 2192 redegerat.
1248 2159 1357 2192 quare
1376 2147 1579 2180 Iconienses
1603 2156 1668 2178 ne-

236 2192 428 2234 gotiatores
455 2194 684 2226 Ructatinum
706 2194 861 2235 adeunt,
887 2195 951 2239 qui
976 2205 1040 2238 per
1065 2195 1199 2238 legatos
1232 2205 1287 2227 res
1320 2204 1441 2226 eorum
1475 2192 1520 2224 ab
1555 2192 1668 2235 impe-

235 2244 350 2270 ratore
377 2239 583 2283 repetebat,
608 2241 705 2284 pacis
731 2251 876 2286 quoque
901 2241 1085 2274 mentione
1110 2241 1211 2274 facta.
1238 2241 1428 2284 imperator
1449 2248 1531 2270 vero
1557 2238 1667 2270 Fran-

234 2285 399 2328 copulum
426 2284 596 2318 defecisse
622 2293 781 2319 causatus
806 2287 942 2319 nefaria
964 2287 1060 2319 illius
1085 2287 1242 2319 facinora
1268 2298 1287 2318 a
1311 2297 1348 2318 se
1363 2283 1578 2324 removebat,
1604 2295 1667 2327 spe

233 2331 271 2362 in
302 2330 487 2363 mendacio
514 2332 686 2365 collocata
715 2338 752 2365 et
781 2344 897 2365 rerum
922 2334 1072 2366 veritate
1098 2333 1324 2366 dissimulata.
1356 2341 1444 2375 pace
1478 2330 1570 2363 facta
1595 2330 1666 2362 Ru-

233 2378 388 2409 cratinus
412 2383 554 2422 praeter
580 2379 687 2410 annui
714 2378 840 2412 tributi
864 2380 1064 2423 pactionem
1090 2381 1194 2412 etiam
1219 2379 1246 2411 L
1268 2378 1379 2410 minas
1405 2377 1540 2421 argenti
1566 2386 1667 2409 acce-

232 2424 303 2468 pit,
330 2434 417 2467 quas
444 2424 604 2468 spoliatis
628 2426 882 2458 mercatoribus
909 2426 1122 2458 restitueret.
1147 2426 1339 2469 imperator
1362 2433 1445 2455 vero
1476 2427 1557 2467 post
1590 2422 1666 2454 dies

233 2469 374 2514 aliquot
396 2470 574 2502 Rucratini
592 2470 684 2503 vitae
709 2471 868 2503 insidiari
895 2470 1134 2515 deprehensus
1161 2477 1223 2504 est.
1248 2481 1329 2503 nam
1353 2469 1517 2502 Chasium
1551 2479 1666 2513 quen-

235 2515 315 2548 dam
339 2516 495 2548 maximis
519 2516 839 2560 pollicitationibus
865 2517 1054 2561 impulsum
1078 2518 1164 2550 levis
1180 2517 1353 2549 amicitiae
1373 2516 1487 2548 cultor
1511 2526 1589 2547 cum
1606 2525 1665 2546 ru-

233 2561 377 2594 bricatis
403 2562 530 2595 litteris
554 2562 600 2594 ad
620 2573 699 2595 eum
724 2562 923 2596 tollendum
948 2563 1099 2607 ablegat.
1124 2574 1244 2597 verum
1269 2568 1371 2607 capto
1395 2561 1542 2602 chasia,
1566 2561 1665 2594 litte-

234 2609 280 2641 ris
306 2608 536 2652 deprehensis
562 2615 598 2642 et
623 2610 717 2642 omni
742 2608 864 2641 fabula
898 2609 1093 2653 explicata,
1120 2615 1261 2654 ruptum
1287 2615 1340 2642 est
1370 2607 1514 2650 foedu83
1550 2617 1663 2651 eaque

234 2653 280 2686 de
305 2666 409 2687 causa
438 2655 574 2687 Turcae
608 2656 734 2688 multas
764 2655 964 2688 Orientales
995 2655 1100 2688 urbes
1138 2657 1361 2689 infestarunt.
1397 2654 1442 2687 ad
1474 2653 1562 2686 haec
1594 2653 1663 2686 lui-

234 2700 335 2733 chael
362 2701 516 2745 quidam,
542 2700 708 2734 Iohannis
728 2702 1015 2735 sehastocratoris
1039 2701 1170 2736 nothus
1196 2703 1300 2743 filius,
1327 2701 1371 2734 ad
1399 2700 1570 2745 exigenda
1583 2699 1662 2741 My-

232 2746 392 2780 la-ssenae
421 2749 622 2792 provinciae
647 2748 780 2781 tributa
804 2749 939 2788 missus,
966 2747 1070 2781 homo
1098 2748 1301 2782 adolescens
1328 2755 1364 2782 et
1381 2754 1577 2787 contumax,
1598 2744 1661 2779 de-
