1838 3210
453 208 523 250 DE
562 206 815 251 MANUELE
852 206 1114 250 COMNENO
1152 209 1253 250 Lm.
1273 209 1344 249 lv.
1518 190 1613 246 181

191 308 250 364 τῷ
282 303 469 364 Τορούσῃ
497 305 692 363 λαμπροί·
748 311 832 355 τοῖς
860 304 939 361 γὰρ
963 305 1032 348 αἐἰ
1047 307 1344 362 ἐπιβοηθοῦσιν
1369 306 1523 362 ἀκμῆσι
1554 305 1628 350 καὶ

190 378 276 421 τοῖς
323 375 368 414 ἐκ
405 374 488 414 ταῖν
529 373 665 426 λόχων
705 370 920 426 λαθρηδὸν
962 373 1195 427 ἐκπηδῶσιν
1221 373 1452 428 Ἀρμενίοις
1476 370 1522 415 αῖ
1548 374 1626 414 τοῦ
1638 375 1725 421 P-91

185 437 453 493 Ἀνδρονίκου
482 438 689 479 ἐνέδωκαν
716 436 925 493 φάλαγγες
940 438 1012 478 καί
1038 438 1098 486 εἷς
1113 436 1274 492 τροπήν
1293 439 1500 480 ἐνέκλιναν
1528 433 1627 478 ἄκο·

191 519 311 554 σμον.
365 502 453 545 ’διὰ
488 505 622 545 ταῦτα
647 504 702 559 τῇ
728 501 838 559 λύπῃ
877 502 1131 552 καταποθείς
1156 503 1438 558 Ἀνδρόνικος,
1467 502 1542 545 καί
1565 501 1625 558 μή
1642 510 1680 544 V.
1696 511 1739 556 73

154 563 302 623 δὲ’χων
330 565 444 617 ὅπως
483 564 512 623 ἢ
545 566 619 622 τήν
655 561 783 622 ἧτταν
820 567 1132 620 οἷναμαχέσαιτο
1160 565 1186 622 ἢ
1222 571 1324 622 γοῦν
1353 570 1397 619 ἐξ
1426 568 1628 623 ὖπογυίου

192 631 362 688 δράσειέ
381 650 423 675 τι
437 638 622 688 γενναῖον
647 631 751 674 κατὰ
772 634 855 674 τῶν
883 631 1071 674 θυόντων
1098 628 1176 687 ἤδη
1203 632 1410 686 πολεμίων
1435 632 1489 675 τὰ
1516 650 1631 688 νικη-

189 698 335 753 τήρια,
362 703 444 747 τοῖς
465 695 586 752 ἕγγύς
614 697 843 754 α’νεφίκτων
862 698 1080 753 ἐπιχειρεῖ.
1136 696 1418 748 κατοπτεύσας
1445 698 1525 754 γάρ
1558 697 1633 741 τόν

194 762 409 818 Τοροόσην
436 760 542 814 μετὰ
569 763 651 805 τῶν
679 762 1025 818 δορυφορούντων
1053 762 1180 804 αὐτὸν
1209 762 1271 805 ἔτι
1302 778 1381 804 που
1411 760 1633 816 ἱστάμενον

187 827 383 884 ἔφιππον,
399 825 472 883 τὴν
496 829 580 868 τῶν
604 829 830 881 ταγμάτων
850 827 1054 884 συλλογήν
1070 830 1326 882 ἀναμένοντα
1344 830 1387 879 ε”ξ
1404 824 1454 884 ἧς
1470 827 1632 882 εἴχοντο

132 908 178 934 10
189 893 456 946 ἐπιδιώξεως,
488 890 568 950 ὅλῳ
600 889 750 949 ῥυτῆρι
784 893 853 934 τὸν
878 896 1004 934 ἵππον
1038 894 1151 942 α’νείς
1178 894 1324 937 ἐνσείει
1355 898 1446 936 κατ’
1474 895 1632 937 ἐκείνου

187 958 232 1003 τὸ
259 958 388 1014 δόρυ,
426 957 499 1000 καί
525 958 575 1013 δὴ
614 958 720 1000 κατὰ
743 960 820 1001 τοῦ
848 955 1007 1014 θυρεοῧ
1046 958 1188 1012 βαλών
1227 960 1448 1014 α’νατρέπει
1490 962 1633 1001 τοῦτον

187 1027 262 1069 τοῦ
280 1025 423 1076 ἵππου,
457 1023 530 1066 καί
557 1024 800 1074 διεκπαίσας
825 1022 870 1066 τὸ
902 1026 1003 1079 περὶ
1026 1025 1178 1067 ἐκεῖνον
1205 1026 1429 1078 ἐπίλεκτον,
1450 1023 1506 1075 ὥς
1527 1043 1631 1080 πτη-

188 1091 260 1142 νὸς
284 1090 457 1145 ἱππότης
478 1086 507 1145 ἢ
533 1085 740 1145 ὅλισθηρά
762 1105 824 1138 τις
851 1088 1034 1144 ἔγχελυς,
1061 1088 1137 1138 τοὶς
1167 1091 1251 1132 τῶν
1269 1089 1463 1132 ἁπάντων
1480 1098 1666 1144 χεῖραςΒ

190 1156 396 1213 ἔξηλυξεν.
423 1156 511 1198 ἀλλ’
533 1156 611 1204 ἕως
630 1155 773 1197 τούτου
791 1153 942 1208 σεμνὸν
958 1154 1004 1197 τὸ
1026 1156 1103 1197 τοῦ
1131 1155 1395 1211 Ἀνδρονίκου
1411 1155 1630 1211 κατόρθω-

71 1264 88 1282 s
132 1223 179 1266 15
192 1240 253 1277 μα
269 1239 281 1251 ·
311 1220 356 1264 τὸ
380 1223 427 1263 δὲ
443 1224 594 1263 παθεῖν
615 1218 685 1262 τόν
709 1221 921 1275 Τορούσην
936 1222 1073 1270 κακῶς
1093 1221 1366 1264 ἆπεκώλυσαν
1387 1224 1484 1264 οἵτε
1506 1221 1628 1276 σιδή-

74 1293 91 1309 ⁴
104 1288 121 1304 ³
192 1304 281 1345 ρεοι
301 1290 476 1342 χιτῶνες
500 1284 572 1336 οὓς
587 1287 816 1339 ἐνεδέδυτο,
833 1289 905 1328 καί
918 1285 1076 1342 θυρεὸς
1092 1285 1293 1343 ἐπιμήκης
1312 1287 1427 1342 παρὰ
1447 1286 1630 1344 πλευρὸν

191 1352 452 1407 καταβαίνων
480 1355 556 1394 τοῦ
578 1352 706 1394 ἵππου
729 1349 916 1406 πλάγιος.
944 1355 1010 1408 (5)
1045 1354 1109 1395 Ου’
1134 1353 1285 1395 πολλαὶ
1316 1356 1351 1395 δ’
1371 1351 1523 1407 ἡμέραι
1545 1371 1628 1395 πα-

191 1420 404 1474 ρήλθοσαν
440 1415 639 1473 ὕστερον,
677 1420 750 1460 κατ’
788 1420 1017 1472 λογίζονται
1057 1420 1116 1475 τῷ
1158 1419 1400 1476 Ἀνδρονίκῳ
1431 1421 1626 1474 δευτέρου

190 1483 314 1539 λόγου
351 1487 423 1527 καί
447 1483 637 1539 πάρεργα
665 1485 964 1539 α’νδροκτασίαι
997 1483 1070 1526 καί
1095 1481 1232 1538 μάχαι
1258 1485 1331 1526 καί
1351 1486 1525 1538 πόλεμοι
1552 1485 1628 1527 καί

128 1551 366 1605 αοσοίλπιγξ
400 1553 567 1605 η’χοῦσα
595 1549 642 1591 τό
673 1547 865 1592 ἐνυάλιον
887 1548 1043 1602 Δεῖμός
1076 1566 1119 1592 τε
1153 1549 1292 1604 Φόβος
1333 1567 1377 1592 τε
1403 1550 1476 1592 καί
1494 1546 1626 1606 ’Ἀρης

190 1614 582 1672 βροτολοιγός,.και“
606 1614 707 1670 ἔργα
737 1616 916 1668 πολέμια
960 1612 1263 1670 παρωσάμενος
1298 1614 1347 1657 τὰ
1378 1619 1451 1670 τῆς
1467 1616 1625 1671 Ἀφρο-

192 1684 306 1737 δίτης
354 1683 539 1734 μέτεισιν
593 1677 724 1736 ἷίργια.
807 1680 833 1735 ἦ
874 1681 919 1722 δὲ
945 1680 1109 1734 Ἑλένην
1138 1682 1215 1734 μὲν
1257 1682 1308 1722 ου’
1307 1698 1338 1734 χ
1375 1681 1664 1734 ὗποβάλλει,(;

192 1748 285 1790 οὐδ’
312 1744 399 1790 οἷον
437 1746 510 1788 ὑπ’
529 1742 627 1800 ὄψιν
654 1747 879 1802 παρίστησι
900 1749 995 1787 καθ’
1011 1745 1185 1788 Ἑλλάδα
1204 1745 1276 1788 καί
1300 1749 1428 1800 μέσον
1444 1743 1625 1802 Ἄργους

191 1814 267 1868 τὴν
295 1812 451 1869 οἴκησιν
470 1812 675 1867 ἔχουσαν,
704 1813 775 1854 καί
794 1814 940 1866 διαχεῖ
956 1814 1014 1870 τῷ
1029 1811 1182 1866 κάλλει,
1212 1815 1284 1855 καί
1309 1814 1495 1865 ε’κμαίνει
1521 1812 1624 1867 πρὸς

129 1880 181 1922 25
193 1878 347 1934 ἔρωτα,
397 1878 471 1921 καί
514 1879 686 1933 πηγνύει
713 1876 900 1933 σκάφην,
929 1878 1001 1919 καί
1024 1878 1238 1931 ναύαρχον
1266 1878 1459 1934 ἐφίστησι
1490 1880 1624 1934 Φέρε-

191 1949 310 1999 κλον,
351 1946 396 1987 ἐκ
432 1943 624 1999 γειτόνων
653 1945 700 1986 δὲ
728 1939 776 1986 ὂν
799 1942 846 1986 τὸ
876 1945 951 1999 τῆς
982 1946 1193 1993 Φιλίππας
1221 1939 1330 1992 εἶδος
1355 1940 1624 1999 καθυπογρά-

284 2061 317 2085 a.
343 2053 419 2086 τῶν
446 2061 504 2084 om
526 2050 566 2085 A.
682 2049 714 2084 3.
738 2049 919 2086 ἐνέδοσαν
945 2050 986 2084 Α.
1081 2059 1136 2083 20.
1164 2049 1350 2094 ἒνηχοῦσα
1373 2049 1413 2083 A.

194 2131 417 2174 eduxerunt,
451 2130 674 2163 Andronicus
709 2130 914 2166 universum
946 2129 1142 2163 exercitum
1166 2140 1269 2161 suum
1294 2129 1344 2164 ita
1371 2129 1559 2171 instruxit,
1584 2136 1626 2164 ut

194 2178 384 2212 animantis
409 2177 522 2211 instar
551 2178 668 2222 capite
693 2182 730 2210 et
753 2176 866 2210 cauda
890 2178 1113 2221 caeterisque
1137 2175 1299 2220 partibus
1326 2182 1515 2210 constaret.
1551 2178 1622 2211 To-

194 2236 292 2259 ruses
318 2229 442 2261 contra
469 2225 542 2257 suis
569 2225 608 2257 in
633 2224 765 2256 multos
796 2224 998 2269 manipulos
1026 2229 1062 2257 et
1087 2223 1251 2255 cohortes
1276 2223 1478 2256 distributis
1506 2235 1624 2256 rursus

194 2272 371 2305 illustrem
411 2271 596 2304 victoriam
634 2276 689 2303 est
718 2270 889 2316 adeptus:
924 2282 1008 2303 nam
1042 2269 1236 2303 Andronici
1270 2269 1464 2314 phalanges
1493 2270 1539 2302 iis
1562 2271 1625 2315 qui

193 2318 347 2356 subinde
390 2329 435 2351 ex
466 2317 608 2350 insidiis
640 2317 771 2362 integri
802 2317 939 2350 viribus
964 2316 1221 2362 prosiliebant,
1255 2322 1439 2349 cesserunt
1465 2327 1506 2349 ac
1527 2317 1626 2361 turpi

193 2366 298 2410 fugae
334 2375 372 2398 se
411 2364 637 2398 mandarunt.
675 2375 747 2409 qua
783 2363 827 2397 de
851 2375 957 2397 causa
978 2363 1200 2396 Andronicus
1240 2364 1359 2395 animo
1388 2374 1493 2407 aeger
1516 2369 1626 2408 atque

194 2412 297 2456 inops
323 2411 486 2451 consilii,
512 2422 583 2456 quo
620 2416 726 2455 pacto
752 2411 860 2444 rebus
887 2411 1026 2444 afflictis
1065 2410 1341 2443 succurrendum
1367 2415 1460 2445 esset
1483 2415 1546 2442 aut
1570 2410 1628 2441 ul-

195 2458 352 2491 ciscendi
376 2457 495 2491 hostes
521 2459 592 2491 iam
617 2469 682 2502 pro
705 2457 854 2491 victoria
878 2457 947 2490 diis
972 2457 1196 2493 immolantes
1211 2482 1220 2497 ,
1245 2467 1319 2491 rem
1342 2455 1546 2499 aggreditur
1569 2456 1627 2488 in-

197 2504 416 2537 credibilem.
441 2516 521 2538 cum
558 2505 654 2537 enim
674 2504 850 2537 Torusem
887 2516 966 2537 cum
990 2503 1209 2537 satellitibus
1235 2513 1327 2547 equo
1347 2502 1564 2535 insidentem
1590 2508 1627 2535 et

197 2550 350 2584 militum
377 2562 420 2584 ex
441 2551 598 2585 hostium
628 2552 878 2596 persecutione
901 2551 1056 2584 reditum
1092 2555 1338 2595 expectantem
1362 2549 1626 2593 conspexisset,

199 2607 294 2640 equo
318 2599 518 2640 concitam,
549 2598 653 2632 hasta
687 2597 823 2631 directa
858 2609 1098 2643 percussoque
1130 2603 1229 2630 scuto
1256 2606 1349 2641 equo
1376 2606 1456 2628 eum
1481 2594 1626 2635 deiicit3

0 2663 3 2682 ι
199 2648 236 2675 et
259 2653 324 2687 per
355 2654 494 2677 omnem
534 2645 611 2678 eius
649 2645 857 2678 comitatum
891 2645 1003 2677 instar
1031 2644 1187 2677 volucris
1224 2642 1357 2687 equitis
1381 2648 1444 2674 aut
1465 2640 1628 2674 lubricae

0 2687 3 2736 ξ
199 2689 380 2732 anguillae
403 2690 568 2724 elabitur.
593 2702 711 2736 neque
725 2697 846 2725 tamen
859 2691 1014 2732 Torusi,
1038 2691 1193 2733 oblongo
1218 2695 1319 2722 scuto
1342 2694 1378 2721 et
1402 2689 1517 2720 ferreo
1544 2686 1628 2719 tho-

0 2744 2 2751 ·
201 2746 281 2768 race
321 2736 480 2777 munito,
512 2737 704 2783 quicquam
735 2748 865 2771 nocere
889 2737 1018 2782 potuit.
1066 2736 1118 2782 (5)
1142 2737 1264 2769 Paucis
1292 2734 1419 2767 dicbus
1443 2738 1542 2776 post,
1572 2743 1628 2765 ⁵0-

201 2782 330 2827 positis
364 2781 503 2817 bellicis
541 2784 836 2829 occupationibus
853 2810 862 2825 ,
894 2788 992 2820 totus
1029 2782 1215 2828 philippae
1242 2789 1361 2815 amore
1388 2779 1631 2814 inflammatus.
