1878 3230
657 215 1008 257 GLOSSAMUM.
1415 218 1451 273 9
1462 220 1480 254 ι
1494 201 1524 254 5

123 314 206 352 xius
235 311 458 353 Rharturus
483 311 608 351 doctr.
637 311 711 352 ult.
730 314 1086 367 Pentecostarium‚
1114 315 1316 356 Panaetius
1340 316 1529 360 historiae

120 367 335 407 Lausiacae
362 381 450 420 cap.
478 367 531 406 86
554 369 592 405 in
620 367 712 407 fine.

227 418 576 484 κουνζασθλάν
594 435 664 473 ης.
702 422 792 462 vide
832 425 1057 464 Meursium
1096 425 1137 464 in
1172 425 1310 465 eadem
1334 428 1530 479 dictione,

120 482 162 516 et
187 475 364 524 κουτζος.

228 529 456 580 κρασιόν
483 527 644 579 vinum,
673 529 794 569 hodie
821 531 958 583 κρασί.

229 580 414 636 κώὸηξ.
445 582 580 622 codex.
612 584 784 623 Isidorus
810 585 1024 626 Pelusiotes
1054 588 1080 638 4
1109 587 1259 641 epistol.
1280 602 1326 641 9¹
1349 603 1360 627 :
1386 583 1425 628 οἷ
1451 587 1532 628 τῶν

121 637 354 688 νομοθετῶν
380 633 563 683 κώδικες.
589 652 625 676 v.
654 638 826 677 Glossar.
853 639 903 678 ad
931 641 1046 680 Cedr.

228 691 444 741 λαρδιά.
473 705 514 743 p.
547 692 622 730 322
651 706 672 730 c
700 689 795 731 ὕεια
823 694 947 745 κρέας
977 695 1098 734 codex
1127 696 1194 734 GB
1220 693 1387 745 λα’ρὸια.
1418 696 1534 735 Glos-

120 761 185 786 sae
212 745 348 799 Cyrilli
365 760 378 785 ε
404 740 571 794 λάρὸος,
603 745 765 785 lai-idus.
791 747 1055 801 Theophanes
1083 751 1120 788 in
1150 750 1391 790 Iustiniano:
1422 748 1531 788 οἴνου

121 804 197 851 μὲν
226 796 306 852 γὰρ
334 800 406 838 καί
428 795 583 850 λάρδου
611 801 685 839 καί
712 800 908 841 παντοίου
938 799 1074 850 εἴδους
1100 803 1276 843 amman
1315 796 1376 855 ἦν.
1412 804 1534 843 hodie

120 852 242 908 λάρδι
271 854 423 894 dicunt.

229 905 395 959 λεγεαί
408 922 430 948 ν
482 908 597 962 legi0.
629 908 672 947 S.
718 909 954 950 Athanasius
997 911 1038 951 in
1076 910 1318 964 Metaphrasi
1353 910 1535 950 Psalmo-

121 977 210 1002 rum
241 975 299 1024 gns
327 962 432 1001 Psal.
465 964 518 1017 76
547 976 648 1002 vers.
685 977 756 1017 ¹7:
786 962 829 1003 τὸ
859 965 1018 1016 πλῆθος
1043 964 1118 1004 τοῦ
1158 964 1350 1016 λεγεῶνος
1382 962 1427 1003 τὸ
1460 963 1535 1011 τὰς

121 1015 197 1068 τὴν
226 1011 410 1067 ἄβυσσον
437 1011 644 1055 ἀπελθών.
673 1018 890 1071 Procopius
917 1018 1013 1070 περὶ
1037 1033 1171 1068 κτισμ.
1207 1017 1413 1058 Ἰουστιν.ε
1469 1021 1536 1057 λε-

120 1067 227 1123 γεών
270 1070 315 1110 δὲ
357 1067 377 1110 ὃ
415 1068 535 1121 λόχος
579 1068 880 1121 ἐπωνομάζετο.
912 1072 1236 1125 Theophylactus
1273 1073 1325 1112 ad
1366 1086 1453 1124 cap.
1482 1072 1535 1111 26

119 1125 299 1164 Matth.:
331 1120 479 1175 λεγεών
504 1119 580 1175 γάρ
613 1123 700 1164 ἐστι
727 1122 772 1165 τὸ
801 1125 990 1176 μέγιστον
1019 1125 1156 1177 τάγμα
1182 1121 1448 1176 ἑξακισχίλιοι
1467 1122 1537 1164 ἱπ-

120 1182 221 1225 πεῖς.
273 1178 378 1218 adde
419 1179 636 1216 Paeanium
680 1180 863 1232 Eutropii
907 1180 1164 1233 Metaphrast.
1204 1195 1246 1232 p.
1275 1194 1324 1233 70
1363 1187 1403 1217 et
1450 1194 1537 1219 101.

120 1233 330 1273 Constant.
363 1232 412 1271 de
433 1233 573 1271 Them.
602 1233 761 1272 orient.
789 1234 848 1272 th.
869 1246 903 1272 t.
934 1234 1106 1286 Oppiani
1127 1234 1259 1272 Schol.
1294 1248 1332 1286 p.
1352 1232 1418 1282 44.
1451 1235 1536 1272 Ru-

119 1287 203 1325 fum
235 1289 274 1325 in
304 1288 382 1325 LL.
411 1286 526 1325 milit.
556 1287 762 1340 Moschop.
792 1287 971 1327 Alexium
1004 1288 1251 1327 Rharturum
1292 1287 1425 1326 doctr.
1461 1287 1536 1326 ult.

120 1343 296 1380 Graecos
322 1340 375 1379 ad
403 1341 430 1379 l.
455 1354 493 1379 2.
528 1339 577 1378 de
603 1339 665 1378 his
692 1343 760 1394 qui
788 1349 868 1381 not.
898 1341 970 1379 inf.

226 1394 512 1446 λειξουριά
542 1393 709 1436 luxuria.
736 1395 828 1435 vide
855 1394 999 1435 Leonis
1028 1395 1190 1436 Tactica
1216 1409 1302 1449 cap.
1332 1408 1382 1435 20
1412 1399 1436 1444 §
1465 1394 1534 1445 83,

118 1455 159 1488 et
187 1449 243 1488 ibi
274 1448 506 1487 Meursium.

226 1502 442 1554 λευίτης
471 1501 640 1549 Levita,
670 1500 874 1542 diaconus.
902 1502 1029 1541 Gloss.
1069 1516 1129 1542 ms
1147 1502 1309 1556 λευίτης
1336 1500 1536 1550 διάκονος.

120 1558 213 1597 Cori
274 1571 317 1595 us
375 1558 423 1596 3:

217 1571 270 1610 pp
280 1571 371 1649 king
392 1610 634 1649 Levitarum
659 1609 898 1648 venerabilis
924 1609 1022 1649 ordo
1048 1618 1272 1650 canentum.

117 1664 216 1704 nihil
252 1665 494 1717 frequentius
522 1665 562 1702 in
590 1663 701 1702 libris
727 1670 904 1716 patrum.
943 1663 1037 1701 hinc
1065 1663 1308 1702 Archilevita
1347 1677 1425 1715 pro
1454 1665 1535 1702 Ar-

118 1719 367 1758 chidiacono.
400 1717 602 1756 Goffridus
629 1719 738 1769 epist.
774 1732 815 1771 ¹7
849 1717 988 1755 liba:
1017 1718 1222 1756 indiscrete
1249 1718 1440 1768 gloriosus
1467 1732 1537 1754 ve·-

116 1783 194 1811 εἰει·
214 1774 463 1812 ΑνοΙιίίευίια
490 1778 567 1810 etc.
598 1772 786 1810 nimirum
816 1770 925 1823 quod
951 1771 1086 1810 Aaron
1115 1778 1154 1810 et
1194 1770 1264 1809 filii
1303 1772 1386 1809 eius
1416 1778 1537 1822 atque

117 1829 278 1866 Levitae
308 1828 346 1866 in
376 1826 526 1878 templo
556 1826 739 1872 fuerunt,
771 1825 849 1864 hoc
877 1824 1049 1877 episcopi
1073 1833 1112 1864 et
1139 1825 1362 1878 presbyteri
1391 1832 1430 1863 et
1448 1826 1535 1862 dia-

103 1883 206 1920 -coni
235 1882 310 1921 sibi
338 1880 543 1919 vindicant
574 1879 615 1917 in
646 1879 808 1918 ecclesia
832 1907 844 1929 ‚
877 1885 921 1917 ut
949 1880 1005 1917 ait
1033 1879 1300 1931 Hieronymus
1322 1879 1436 1930 epist.
1464 1878 1534 1918 85.

225 1934 401 1983 λίζιος
443 1933 705 1984 domesticus,
733 1933 882 1972 amicus
909 1946 948 1984 p.
985 1931 1030 1971 ¹8
1059 1946 1098 1972 c.
1133 1933 1288 1972 Auctor
1312 1933 1380 1971 GB
1408 1931 1538 1980 λίζιός

115 2002 189 2028 του
218 1988 343 2039 ἔγίνη.
371 1989 462 2027 vide
493 1988 668 2026 Iudicem
698 1995 737 2025 et
765 1988 930 2026 Meursii
959 1986 1140 2026 Glossar.

225 2039 487 2093 λογιστής.
519 2057 556 2094 p.
578 2042 626 2091 57
658 2042 683 2078 d
708 2040 807 2083 alius
836 2041 957 2080 codex
983 2035 1256 2092 λογαριαστῆν
1283 2039 1414 2079 habet.
1439 2038 1533 2078 vide

117 2098 316 2135 Zonaram
344 2096 394 2134 ad
422 2110 512 2134 can.
548 2109 593 2133 ro
620 2094 742 2133 Cone.
761 2109 783 2147 7
813 2096 983 2134 Oecum.
1013 2108 1083 2132 seu
1111 2095 1284 2133 Nicenae
1313 2108 1336 2132 2
1363 2094 1533 2147 Synodi-

117 2151 323 2202 Mosehop.
365 2147 461 2198 περί
498 2148 611 2199 σχεδ.
646 2163 687 2200 p.
717 2149 765 2202 47
810 2150 850 2186 in
881 2149 971 2185 fine.
1014 2149 1074 2186 De
1113 2147 1270 2200 logista.
1306 2148 1439 2186 Cuiac.
1481 2147 1533 2185 ad

118 2205 143 2243 l.
174 2207 237 2244 30.
267 2206 313 2243 C.
342 2203 391 2242 de
421 2203 558 2242 decur.
584 2202 607 2240 Ι.
638 2203 674 2241 3.
703 2203 749 2244 C.
780 2202 830 2241 de
858 2202 919 2241 his
947 2202 1017 2254 qui
1048 2215 1104 2254 sp.
1138 2217 1247 2243 mun.
1283 2216 1381 2242 susc.
1425 2209 1464 2240 et
1503 2199 1533 2239 1.

124 2261 187 2300 ῐ5.
216 2261 270 2297 D.
301 2258 351 2296 de
377 2258 502 2296 excus.

226 2307 411 2362 λόγγος
447 2311 559 2350 locus
599 2317 801 2363 angustus.
829 2309 919 2350 vide
961 2309 1185 2350 cedrenum
1223 2323 1266 2362 p.
1290 2310 1366 2362 407
1398 2324 1446 2356 a,
1491 2315 1532 2346 et

119 2366 285 2405 Meursii
315 2365 444 2404 Glo'ss.

227 2418 524 2470 λογοθὲτης
594 2417 867 2457 cancellarius.
920 2417 1014 2458 vide
1059 2417 1309 2458 Glossarium
1357 2416 1408 2455 ad
1455 2416 1528 2453 Ce-

118 2473 305 2512 drenum.

227 2529 295 2564 λω
312 2524 559 2576 ρι’καινον
587 2526 799 2565 loricatum
817 2554 829 2571 ,
860 2526 987 2564 instar
1016 2523 1175 2564 loricae.

229 2580 414 2629 λῶρος.
444 2593 484 2642 p.
515 2580 568 2618 86
602 2595 624 2618 c
652 2576 768 2627 ἔξοιιέ
795 2581 962 2625 πολλαῖς
999 2575 1068 2618 διὰ
1098 2575 1269 2630 λώρωνε
1308 2573 1429 2614 codex
1460 2574 1528 2612 GB

118 2629 359 2684 μαγκλάβια
387 2632 486 2677 δους
513 2629 656 2671 πολλά.
691 2634 779 2672 vide
807 2633 857 2671 ad
889 2633 1008 2671 Cedr.

227 2682 639 2736 μαγγανίτζασα
696 2701 957 2738 manganum,
1005 2684 1187 2739 machinq
1222 2681 1388 2729 bellica,
1428 2681 1532 2719 idem

121 2740 228 2793 quod
271 2738 488 2792 μάγγανον.
522 2753 614 2792 pag.
661 2741 733 2780 106
771 2741 923 2779 Auctor
950 2741 1020 2779 (ΞΒ
1058 2733 1276 2789 στὴσὰντες
1303 2733 1536 2787 μαγγανικιὶ
