1878 3230
274 199 386 266 430
693 211 920 254 NlcETAE
964 209 1276 253 cnoNlA'rAE

257 330 334 371 ρου
363 330 418 363 ως
449 307 752 359 καταλύσαντος
778 308 890 364 παρα
934 311 1079 365 σφίσιν
1118 310 1164 351 ἐν
1202 310 1260 366 τῶ
1300 307 1569 364 παροδεύειν,
1611 312 1683 354 καὶ

255 379 535 434 πορισαμένου
562 376 640 428 μὲν
671 370 780 416 ὅσων
806 373 1022 425 ἐσπάνιζεν
1051 372 1174 424 αύτὸς
1200 391 1269 416 και
1309 373 1336 428 ἦ
1363 374 1571 429 ὑπηρεσία
1604 373 1684 418 αύ-

254 445 328 485 tofi
358 439 499 482 ἅπασα
529 441 601 481 καί
635 437 686 481 τὰ
727 436 920 493 σ’χήματα
963 437 1208 492 ξύμπαντα,
1246 440 1377 493 μηδὲν
1411 440 1448 480 δ’
1490 436 1684 491 ἄπόδομα

256 506 535 557 καταθεμένου
564 506 608 546 ἑν
635 506 691 560 τῷ
718 506 1018 557 μεθίστασθαι.
1074 502 1161 545 ἔστι
1200 506 1239 546 δ’
1269 502 1288 544 ὃ
1317 502 1576 558 Δαδιβρηνὸς
1610 498 1685 545 οὗ·

255 586 323 619 τος
350 567 397 611 ὃν
428 569 450 610 ὁ
483 569 601 622 λόγος
628 567 832 623 ἐδήλωσεν
863 563 1023 610 ἄνωθεν
1047 567 1303 624 ὑπηρετῆσαι
1337 570 1430 621 μεθ’
1459 565 1608 623 ἑτέρων
1634 569 1685 625 τῇ
1698 577 1722 618 5

256 638 330 677 τοῦ
354 636 557 688 βασιλέως
580 635 764 684 Ἀλεξίου
794 636 1009 689 πνιγμονῇ.
1041 633 1215 682 δικάσας
1245 628 1319 676 οὖν
1338 633 1442 687 μετὰ
1462 635 1542 675 τῶν
1560 634 1686 688 ἄγρο-

213 701 385 754 Βτὲρων
412 701 601 751 ἐκείνων,
643 700 716 741 καί
751 695 949 754 ἀληθείας
984 697 1116 751 εὑρών
1155 698 1333 752 ἐχόμενα
1373 697 1423 741 τὰ
1466 696 1684 752 λεγόμενα,

258 763 390 806 αὐτὸν
416 765 494 817 μὲν
521 766 576 805 δι’
601 766 817 806 α’λλακτῶν
842 765 1065 806 ἐπαίδευσε
1090 761 1248 805 δώδεκα
1267 796 1278 817 ,
1305 761 1381 819 τὴν
1410 765 1457 805 δὲ
1475 766 1559 805 τῶν
1584 764 1686 806 οἴνα-

254 830 455 883 λωμάτων
493 828 617 884 τιμὴν
668 831 711 878 ἐς
749 827 796 871 τὸ
845 825 1152 870 πολλαπλάσιον
1196 830 1382 870 ἐκέλευσε
1425 830 1686 871 καταθέσθαι

255 901 341 944 τοῖς
371 897 440 937 ἐπὶ
463 897 544 936 τῶν
565 896 796 949 χρυσώνων
824 896 907 936 τῶν
934 896 1175 947 βασιλικῶν.
1231 893 1391 948 ἔγραψε
1419 895 1465 936 δὲ
1483 896 1556 936 καί
1581 891 1685 949 πρός
1702 914 1749 942 10

253 976 369 1010 τινας
398 963 481 1002 τῶν
509 958 558 1002 τὰ
591 959 771 1014 δημόσια
800 956 1074 1014 ἐνεργούντων
1101 958 1319 1014 ἐπιστολήν
1345 960 1528 1013 ἔχουσαν
1552 957 1684 1009 οὕτως

254 1026 472 1080 ,,Ἀλήθινε
501 1027 577 1067 τοῦ
604 1025 789 1078 ψεύδους
817 1025 1101 1080 πρωτάγγελε,
1130 1022 1183 1065 σὺ
1212 1020 1384 1066 οἷσύνετέ
1411 1040 1482 1077 μοι
1499 1026 1683 1078 Συνέσιε,

254 1089 327 1131 καί
353 1090 405 1132 σύ
439 1090 612 1144 α’γοραϊε
641 1092 850 1143 Λαχανᾶ,
878 1085 1078 1144 ἦκουσται
1110 1090 1159 1145 τῇ
1189 1087 1378 1147 βασιλείᾳ
1411 1104 1492 1142 μου
1526 1085 1685 1130 ἀδικεῖν

253 1154 363 1207 ὑμᾶς
389 1152 438 1197 τά
471 1154 624 1207 πολλά,
658 1157 730 1196 καί
754 1151 782 1209 ἢ
809 1155 856 1196 τὸ
886 1154 1044 1195 οἷὸικεϊν
1071 1152 1216 1195 ἐάσατε
1247 1148 1274 1208 ἢ
1301 1152 1347 1195 τὸ
1382 1155 1470 1209 ζῆν·
1524 1153 1568 1196 τὸ
1600 1152 1682 1209 γὰρ

256 1217 414 1262 οἷὸικεῖν
441 1220 550 1273 ὑμᾶς
589 1218 661 1261 καί
688 1222 761 1273 ζῆν
790 1215 882 1260 ου’τε
909 1220 965 1276 τῷ
992 1220 1076 1276 θεῷ
1097 1218 1288 1275 -ιίρεστόν
1319 1221 1434 1262 ἐστιν
1470 1214 1551 1262 οὔτ’
1589 1219 1748 1273 ε’μοίιό

255 1287 314 1343 τιό
353 1285 486 1326 δούλω
527 1281 640 1342 αύτιῦ
665 1282 852 1326 α’νεκτόνί

115 1360 158 1394 V.
182 1361 243 1406 ¹75
367 1353 571 1392 Τοσοῦτον
600 1326 635 1390 δι’
663 1349 809 1403 ἀπεῖχε
836 1347 911 1403 τὴν
934 1348 1025 1390 τότε
1044 1365 1112 1390 και
1143 1350 1216 1391 νῦν
1235 1364 1328 1403 πεοι
1358 1347 1572 1404 δογματων
1591 1347 1683 1390 θεί-

244 1422 312 1457 'nov
339 1416 571 1469 κρατοῖσαν
603 1414 852 1455 κατάστασιν
896 1416 1101 1466 ἐπαινεῖν,
1139 1410 1167 1468 ἢ
1195 1430 1288 1469 περι
1328 1417 1431 1455 θεοῦ
1466 1431 1507 1456 τι
1547 1413 1683 1468 λέγειν

253 1482 326 1523 καί
349 1479 517 1522 ἀκούειν
545 1480 613 1521 da*
639 1477 874 1534 καινότερον
905 1474 1055 1533 ἤθελε,
1096 1478 1169 1520 καὶ
1193 1482 1328 1521 ταῦτα
1366 1482 1438 1534 τῆς
1478 1481 1684 1535 ἡμετέρας

253 1545 406 1602 σοφίας
435 1542 508 1586 οὐκ
541 1541 650 1603 ἄκρῳ
674 1546 831 1601 λιχανῷ
855 1546 1124 1599 γεγευμένος,
1155 1542 1259 1586 ὥστε
1280 1548 1351 1587 καί
1376 1547 1432 1603 τῷ
1455 1545 1557 1587 νέων
1582 1548 1680 1587 Πα-
1695 1564 1745 1591 20

122 1613 360 1666 P,213v9t3v
389 1611 596 1667 Εύθυμίῳ
628 1611 775 1665 (μέγας
803 1611 840 1650 δ’
870 1611 915 1651 ἐν
941 1609 1072 1664 λόγοις
1104 1604 1224 1659 οὗτος
1252 1605 1302 1664 ἦν
1332 1609 1354 1651 ὅ
1387 1607 1513 1666 ἀνὴρ)
1540 1609 1612 1651 καί
1626 1611 1683 1667 τῷ

252 1674 433 1734 Κινάμω
471 1676 636 1732 Ἰωάννῃ
673 1671 723 1715 ού
765 1673 892 1728 μόνον
937 1675 1160 1729 ἐπέπληξεν
1203 1674 1312 1724 ἐντὸς
1353 1678 1427 1731 τῆς
1466 1676 1681 1729 βασιλείου

347 1799 376 1823 ι.
377 1779 517 1842 παρα]
540 1787 580 1822 ἐν
604 1783 728 1823 αὐτοῖς
752 1786 792 1820 Α.
914 1795 948 1820 2.
972 1784 1179 1839 ἐσπάνιζεν]
1206 1785 1321 1822 ἐδεῖτο
1347 1787 1388 1822 A.
1481 1787 1514 1821 5.
1538 1784 1682 1843 ὑπουρ-

344 1833 460 1880 γῆσαι
483 1837 521 1867 A.
638 1835 672 1867 6.
698 1831 922 1878 ἀγροτέρων]
949 1832 1023 1866 τῶν
1042 1833 1240 1878 χωριτιτῶν
1263 1835 1302 1867 A.
1440 1833 1472 1868 8.
1498 1833 1545 1867 δι’
1569 1831 1681 1866 (ἔλλα-

315 1876 452 1926 ’κτῶν]
483 1873 544 1913 διὰ
566 1879 853 1932 μαγγλαβίωνΒ
857 1903 865 1912 .
992 1891 1041 1913 ιο.
1065 1886 1141 1917 τοῖς
1166 1879 1239 1927 ἐπι]
1272 1884 1349 1917 τοῖς
1382 1892 1447 1922 την
1470 1878 1681 1933 απαίτησιν

343 1927 496 1961 ποιοῦσι
519 1928 592 1961 τῶν
617 1925 818 1982 βασιλικῶν
834 1925 1049 1970 κεφαλαίων
1073 1928 1108 1960 Β.
1209 1930 1259 1962 13.
1284 1918 1480 1971 βασιλείων
1503 1928 1543 1967 A,
1569 1925 1681 1958 omis-

344 1973 391 2006 sis
419 1974 461 2028 ἕ)
464 1979 560 2018 (news
585 1993 632 1998 —-
655 1970 818 2006 ἀνεκτόν.
961 1982 1011 2015 19.
1036 1972 1098 2014 τῆς
1120 1972 1376 2020 γραμματικῆς
1409 1975 1548 2020 σοφίας
1568 1974 1681 2019 μέτο-

341 2031 409 2064 χος
433 2017 486 2054 ὥν
520 2020 557 2053 Β.
670 2031 726 2053 22.
754 2016 959 2063 κιναμώμω
983 2020 1024 2052 A.

254 2129 359 2163 supra
387 2118 502 2151 Alexii
538 2118 760 2162 imperatoris
801 2117 1104 2162 praefocationem
1128 2116 1305 2150 adiuvisse
1329 2117 1571 2158 ostendimus,
1596 2117 1679 2162 qm·-

255 2165 336 2197 dam
362 2165 536 2208 agricolae
565 2169 790 2204 accusarunt,
819 2162 917 2207 quod
949 2163 1045 2207 apud
1072 2174 1108 2195 se
1134 2163 1336 2197 divertisset
1361 2175 1401 2197 ac
1426 2176 1503 2197 cum
1523 2164 1677 2197 servitiis

254 2217 291 2244 et
313 2211 481 2243 iumentis
507 2211 590 2250 suis,
617 2209 781 2242 omnibus
804 2210 1013 2242 necessariis
1041 2210 1206 2254 acceptis,
1234 2209 1419 2243 discedens
1433 2210 1527 2243 nihil
1551 2210 1678 2243 solvis-

253 2263 317 2290 set.
341 2257 439 2301 quod
478 2256 540 2288 ubi
574 2267 696 2289 verum
733 2266 809 2288 esse
845 2257 1040 2300 comperit,
1078 2257 1193 2300 ipsum
1235 2256 1422 2289 duodecim
1445 2256 1558 2300 plagis
1583 2256 1676 2289 fuste

253 2304 458 2347 castigavit,
497 2308 533 2335 et
573 2314 615 2335 ex
652 2303 735 2334 fisco
765 2301 928 2345 agricolis
956 2302 1060 2345 longe
1090 2303 1170 2346 plus
1197 2313 1303 2346 quam
1341 2303 1467 2348 quanti
1503 2307 1578 2335 erat
1612 2303 1677 2335 da·-

252 2361 374 2383 mnum
392 2349 480 2382 solvi
498 2349 612 2381 iussit.
631 2348 773 2392 scripsit
792 2353 828 2380 et
850 2347 895 2379 ad
919 2349 1091 2392 quosdam
1106 2348 1369 2392 magistratibus
1397 2349 1583 2392 fungentes
1608 2348 1678 2381 hu-

252 2395 408 2429 iusmodi
435 2396 590 2428 litteras:
615 2405 719 2435 „vere
746 2394 923 2426 mendacii
943 2395 1130 2438 princeps,
1154 2394 1324 2438 prudenti
1347 2406 1426 2428 meo
1451 2395 1584 2427 iudicio
1610 2396 1677 2428 im-

250 2441 431 2488 prudens,
473 2447 510 2474 et
547 2447 586 2474 tu
615 2440 750 2474 holitor
781 2440 956 2474 venalicio
974 2466 983 2481 ,
1016 2440 1178 2473 auditum
1204 2446 1258 2474 est
1294 2446 1415 2474 nostro
1440 2442 1590 2486 imperio
1613 2453 1675 2475 vos

252 2488 396 2522 studere
422 2488 573 2521 iniuriis.
600 2488 778 2520 enimvero
804 2492 866 2519 aut
893 2486 1041 2519 iniurias
1063 2492 1125 2519 aut
1146 2487 1254 2519 vitam
1281 2487 1484 2532 relinquite.
1507 2499 1589 2520 nam
1612 2499 1674 2522 vos

251 2535 403 2568 iniurios
441 2544 516 2568 esse
550 2539 586 2567 et
623 2534 740 2567 vivere
776 2543 895 2578 neque
920 2532 986 2566 deo
1026 2538 1210 2578 acceptum
1234 2538 1288 2567 est
1313 2545 1431 2579 neque
1457 2534 1546 2567 mihi
1574 2545 1674 2568 servo

252 2582 329 2615 eius
353 2580 575 2614 tolerabile?

340 2628 496 2661 Tantum
521 2636 626 2672 porro
651 2626 769 2659 abfuit
795 2630 834 2659 ut
850 2624 1143 2658 consuetudinem
1167 2631 1203 2658 et
1215 2630 1299 2659 tunc
1320 2630 1356 2659 et
1378 2638 1472 2660 nunc
1498 2632 1674 2672 receptam

251 2674 296 2707 de
323 2673 454 2707 divinis
478 2673 704 2718 dogmatibus
729 2672 938 2717 disputandi
962 2671 1141 2717 probaret,
1169 2678 1231 2705 aut
1259 2672 1303 2705 de
1329 2672 1396 2706 deo
1427 2674 1508 2706 novi
1535 2673 1675 2718 aliquid

249 2721 306 2754 vel
335 2720 453 2753 dicere
477 2721 535 2753 vel
558 2719 681 2752 audire
704 2719 814 2752 vellet
841 2718 965 2765 (idque
989 2730 1067 2751 cum
1094 2724 1250 2751 nostram
1276 2719 1472 2752 doctrinam
1490 2731 1563 2752 non
1579 2730 1675 2753 sum-

249 2767 315 2800 mis
338 2773 478 2802 tantum
501 2766 611 2814 labris
634 2765 843 2812 attigisset),
868 2771 910 2799 ut
933 2776 1103 2800 novarum
1116 2766 1295 2801 Patr-arum
1320 2768 1524 2813 episcopum
1540 2765 1673 2811 Euthy-
