1838 3210
470 220 541 260 DE
578 217 833 259 MANUELE
873 215 1134 260 coMNENo
1160 218 1257 260 Lm.
1283 221 1354 259 111.
1519 201 1615 255 131

201 325 275 370 θος
300 321 460 377 χρυσῷ,
488 320 533 361 ἒν
561 319 608 360 δὲ
635 319 694 375 τῷ
720 317 877 358 ἐκεῖθεν
915 315 988 358 τὸν
1017 313 1147 359 αὗτὸν
1174 318 1473 373 ἕπαναμετρεῖν
1500 319 1632 359 πλοῦν

201 388 398 429 α’πέναντι
424 386 501 426 τοῦ
527 382 708 438 μεγάλου
731 380 931 422 παλατιόυ
954 380 1027 430 τοὶς
1055 383 1195 431 κώπας
1221 381 1384 436 σχάσας
1409 382 1481 424 τὸν
1508 385 1631 424 οἰκεῖ’-
1643 390 1682 422 V.
1704 392 1745 423 52

202 468 247 493 ον
278 451 385 507 &ra
416 455 508 498 ταῖς
537 450 765 503 εὐφημίαις
795 447 1037 500 διατρανοῖ,
1063 448 1395 502 συνεπηχοῦντος
1426 449 1504 489 τοῦ
1531 465 1631 490 ναυ-

203 518 320 559 τικοῦ
363 512 638 570 πληρώματος
680 510 752 553 καί
775 510 1003 566 θορυβώδη
1030 514 1242 561 τελοῦντος
1267 512 1340 568 τὴν
1369 512 1633 567 α’νακὴρυξιν.

167 580 276 624 final
316 581 341 621 ὅ
373 581 450 632 μὲν
485 574 593 620 οὕτω
632 576 702 619 τὸν
732 578 860 618 πλοῦν
903 576 1153 630 ἐπιταχύνας
1178 579 1251 631 τῆς
1278 576 1408 619 πάλαι
1435 579 1672 635 ᾀδομένηςΒ

204 646 379 700 Ἀργοῦς
407 643 677 698 πτηνότερον,
707 643 870 696 Σηστοῦ
897 643 968 682 καί
990 642 1173 694 Ἀβύδου
1199 640 1255 691 ὥς
1284 637 1419 684 ἄλλων
1440 646 1638 697 Συμπλη-

200 708 337 764 γάδων
363 711 551 763 ἐξέθορε,
579 705 708 756 πολύς
738 708 783 748 δὲ
807 705 884 748 civo}
921 706 994 761 τήν
1010 705 1130 747 πόλιν
1160 709 1410 759 ἑπεκύμαινε
1434 706 1640 762 τάραχος,

199 776 404 829 βασιλέως
433 772 490 828 μὴ
527 772 730 828 παρόντος
756 771 882 821 ἐντός.
939 773 1012 813 καί
1046 767 1097 825 ἦν
1126 773 1172 812 δὲ
1210 774 1327 813 τοῦτο
1360 772 1557 827 καύχημα
1586 776 1642 831 τῷ

200 842 391 888 Σικελίας
437 836 553 894 ῥηγί,
593 839 665 880 καὶ
692 838 750 886 εἷς
794 839 988 891 μέγιστον
1022 835 1280 893 ἅνεγράφετο
1306 836 1639 893 τροπαιούχημα,

144 906 225 948 1οὸ
254 908 301 947 δὲ
330 905 540 957 Μανουὴλ
568 905 628 952 εἷς
655 902 844 957 παίγνιον
872 900 916 944 τό
934 900 1098 956 γεγονὸς
1126 901 1198 943 καὶ
1222 903 1378 956 γέλωτα
1407 899 1640 959 ἀναφέρων,

201 970 276 1013 τὸν
303 969 499 1020 τοιαύτας
528 967 663 1026 ἑαυτῷ
692 967 816 1022 τιμὰς
839 965 1168 1023 μνηστευόμενον
1187 968 1295 1023 ῥῆγα
1338 965 1367 1022 ἢ
1393 966 1438 1010 τό
1465 985 1511 1023 γε
1542 969 1642 1024 ἅλη-

200 1038 400 1092 θέστερον
425 1037 555 1077 εἰπεῖν
599 1032 842 1091 λῃστεύοντα
873 1033 1064 1086 διακενῆς
1093 1033 1229 1089 ἆφῆκε
1257 1035 1539 1088 βρενθύεσθαι
1571 1034 1643 1076 καί

202 1106 342 1158 φυσᾶν
369 1102 430 1142 ἐπ’
460 1100 605 1141 ου’δενί
628 1100 798 1156 χρηστῷ
826 1095 1135 1154 κατορθώματι.

336 1305 583 1347 ’ΤΟΜΟΣ
624 1305 887 1346 ΤΡΙΤΟΣ
929 1305 1069 1346 ΤΗΣ
1098 1305 1508 1349 ΒΑΣΙΛΕΙΑΣ

143 1414 187 1454 ι5
434 1407 773 1456 MANOTHA
821 1407 953 1454 ΤΟΥ
997 1406 1396 1456 ΚΟΜΝΗΝΟΥ.

314 1608 345 1632 ¹.
407 1574 616 1631 Τοιοῦτον
647 1591 726 1642 μὲν
773 1583 848 1630 οὖν
877 1587 1036 1644 εἰλήφει
1069 1593 1198 1642 πέρας
1227 1588 1278 1630 τοὶ
1307 1587 1413 1629 κατα
1445 1589 1638 1629 Σικελίαν
1654 1592 1690 1626 V.
1708 1593 1749 1626 53

199 1672 241 1698 τε
266 1659 338 1698 καί
358 1657 607 1710 Καλαβρίαν
634 1655 709 1696 τοῦ
734 1655 940 1707 βασιλέως
968 1653 1179 1708 ΙΙΙανουὴλ
1208 1653 1497 1708 α’γωνισματα,
1531 1656 1635 1706 λαμ-

291 1763 325 1796 6.
350 1759 575 1803 πτηνότερος
603 1758 642 1790 A.

201 1862 292 1905 giam
319 1859 564 1893 Blacherniam
601 1858 762 1903 appulit3
800 1857 1031 1901 sagittisque,
1065 1867 1214 1900 quarum
1252 1857 1416 1901 cuspides
1443 1865 1632 1903 argenteae

201 1914 304 1940 erant,
330 1912 571 1950 aurataeque,
597 1906 634 1938 in
663 1916 740 1937 eam
765 1904 959 1942 coniectis,
987 1904 1025 1935 in
1042 1903 1182 1943 reditu,
1212 1914 1230 1935 e
1256 1905 1400 1947 regione
1425 1907 1541 1950 magni
1568 1918 1633 1951 pa-

201 1954 280 1986 latii
310 1954 413 1986 remis
442 1952 630 1992 inhibitis,
665 1962 780 1994 regem
815 1962 917 1983 suum
953 1949 1122 1982 laudibus
1150 1949 1287 1991 evehit,
1312 1951 1500 1984 navalibus
1526 1954 1631 1985 so'ciis

200 2011 326 2044 magna
349 2011 436 2033 voce
468 2008 669 2042 magnoque
708 2009 786 2029 cum
827 1996 984 2029 tumultu
1013 1995 1305 2028 acclamantibus.
1330 1997 1381 2029 ita
1405 1999 1632 2042 navigatione

200 2058 335 2080 summa
358 2046 543 2079 celeritate
567 2044 728 2077 confecta
751 2054 815 2087 per
837 2043 930 2075 Sesti
959 2048 995 2075 et
1014 2041 1131 2084 Abydi
1159 2043 1338 2086 angustias
1365 2045 1487 2077 evasit.
1510 2045 1548 2077 in
1574 2057 1634 2078 ur-

198 2092 246 2126 be
272 2098 411 2132 autem,
439 2092 573 2138 quippe
598 2091 812 2134 imperatore
838 2089 1011 2128 absente,
1047 2099 1194 2132 magnus
1218 2090 1393 2123 tumultus
1420 2096 1474 2123 est
1499 2092 1634 2124 excita-

198 2145 274 2181 tus3
317 2149 431 2183 eaque
475 2149 512 2170 re
539 2138 684 2170 Siciliae
713 2147 774 2168 rex
800 2147 872 2168 non
899 2146 1023 2179 purum
1057 2135 1231 2178 gloriatus
1254 2147 1419 2180 magnum
1444 2148 1480 2169 se
1506 2139 1634 2170 trium-⁶

197 2186 308 2230 phum
337 2195 415 2218 esse
451 2184 621 2228 adeptum
646 2183 795 2227 putavit.
851 2182 999 2214 Manuel
1027 2191 1114 2213 vero
1141 2181 1180 2213 id
1208 2182 1339 2214 factum
1366 2183 1490 2216 ludum
1518 2189 1555 2216 et
1578 2185 1633 2216 io·-

198 2244 278 2264 cum
316 2231 594 2275 interpretatus,
631 2229 730 2274 quod
764 2240 826 2261 rex
848 2228 940 2261 tales
973 2227 1125 2259 honores
1156 2234 1423 2262 consectaretur
1447 2241 1488 2261 nc
1512 2230 1631 2275 potius

198 2278 387 2312 latrocinio
405 2277 560 2322 quodam
579 2281 785 2316 venaretur,
811 2285 894 2307 eum
909 2274 1054 2319 gloriari
1072 2274 1228 2307 inaniter
1246 2281 1283 2308 et
1305 2276 1440 2308 nullius
1460 2277 1631 2310 momenti

198 2336 398 2358 successum
420 2325 552 2357 iactare
576 2333 700 2368 passus
725 2326 790 2354 est.

361 2473 652 2514 NICETAE
694 2473 1099 2513 CHONIATAE
1140 2473 1339 2512 LIBER
1379 2473 1454 2511 111

263 2578 463 2620 RERUM
497 2578 537 2620 A
565 2576 850 2620 MANUELE
895 2574 1189 2618 COMNENO
1226 2571 1561 2618 GESTARUM.

320 2740 347 2761 1.
394 2706 490 2764 Hic
513 2730 745 2763 certaminum
773 2729 951 2763 Manuelis
985 2730 1023 2762 in
1051 2729 1174 2763 Sicilia
1211 2734 1246 2762 et
1270 2727 1433 2761 Calabria
1460 2727 1528 2760 suit
1554 2728 1628 2760 exi-

201 2780 281 2817 ωε,
311 2786 401 2819 quae
428 2776 586 2820 quamvis
613 2776 800 2820 splendida
828 2781 864 2809 et
891 2781 1115 2820 sumptuosa,
1141 2781 1260 2808 tamen
1282 2774 1374 2806 nihil
1400 2774 1532 2806 fructus
1558 2774 1627 2807 Ro-
