1878 3230
431 188 501 227 DE
539 186 858 230 ANDRoNJco
899 187 1158 230 COMNENO
1199 190 1298 230 Lm.
1339 191 1391 230 ιι.
1525 173 1641 245 449

211 285 332 339 στολὴ
363 287 435 340 τῆς
463 287 541 326 τοῦ
569 286 648 327 λεώ
679 288 882 341 συρροῆς,
911 282 1000 328 οὔτ’
1038 285 1170 335 αὐτὸς
1190 286 1461 341 Ἀνδρόνικος
1488 289 1547 338 εἷς
1590 289 1639 329 τό

211 349 383 405 ἀρχεῖον
410 353 592 394 κατιέναι
619 350 978 406 ἅπαγγελλόμενος
1005 354 1222 407 ἐξέκρουσε
1249 369 1364 402 τινας
1389 354 1463 407 τῆς
1492 352 1638 410 ὅρμῆς.

211 417 303 459 ἀλλ’
329 418 428 458 ου’δὲ
455 414 476 458 ὃ
502 415 794 472 εἰσηγούμενός
819 433 858 459 τι
883 418 1025 472 ἕτερον
1051 421 1185 459 παῦόν
1212 416 1286 472 τὴν
1315 418 1554 473 συνδρομήν
1584 420 1644 469 εἷς

212 476 297 523 ὦτα
326 481 440 539 ἐῴκει
466 484 599 535 λέγειν
627 478 877 524 ἇκουόντων·
935 481 1084 523 πολλοὶ
1109 485 1188 534 μὲν
1219 479 1294 524 οὖν
1323 482 1395 525 καὶ
1425 482 1544 538 ἐγγυς
1567 487 1644 526 τοῦ

175 548 407 589 ὅτεθνάναι
425 542 608 602 ἦλθοσαν
631 545 760 600 μόνον
787 547 1093 601 ὗπογρύξαντες
1120 547 1195 589 καί
1218 548 1278 602 μή
1308 547 1436 591 καλὸν
1447 548 1566 604 ἔργον
1582 552 1648 604 γε’-

209 615 357 654 musac
383 612 573 668 φάμενοι.
627 610 723 653 ἀλλ’
749 610 805 659 ὥς
829 614 874 662 ἐξ
900 609 992 660 ἑνὸς
1020 614 1290 666 συνθήματος
1317 613 1467 663 πάντες
1495 629 1648 668 παγγε-

208 680 277 719 νεί
301 693 346 718 τε
366 679 445 718 καί
470 676 677 731 πανδημεὶ
700 674 821 718 ἔθεον
848 675 998 725 ἔνθους
1025 679 1098 718 καί
1130 678 1317 730 ἀτεχνῶς
1342 682 1649 732 κορυβαντιῶν-

209 758 278 791 τες
304 743 362 791 εἷς
387 741 431 783 τὸ
461 745 534 784 τοῦ
558 743 665 783 θεοῦ
692 739 817 795 λόγου
845 743 1040 795 μέγιστον
1066 745 1245 795 τέμενος,
1275 742 1481 796 α’λλὴλους
1509 757 1689 799 napa-c

209 806 424 863 θήγοντες,
452 808 768 862 ἐρεσχελοῦντες
788 806 889 853 τούς
916 805 976 862 μὴ
1004 806 1284 862 ταυτοζήλους
1313 806 1418 861 μήτε
1444 808 1531 863 μην
1572 809 1651 858 τὰς

150 887 198 914 10
206 878 357 928 χεῖρας
388 871 628 923 ὁπλίζοντας
656 869 769 929 ὅπλῳ
798 869 953 929 ὁτῳδή,
982 868 1072 914 ἄλλ’
1103 871 1258 926 ἄργούς
1298 871 1432 921 οὕτως
1468 871 1650 924 ἑστῶτας
1662 884 1704 920 V.
1723 885 1783 919 182

209 937 281 980 καί
306 940 544 990 θεωμένους
572 936 620 979 τά
658 941 759 993 παρ’
790 932 928 979 ἄλλων
955 935 1165 991 γινόμενα.
1223 936 1262 979 οἱ
1293 939 1338 979 δὲ
1368 941 1543 992 λογικῶν
1568 955 1653 992 μα-

207 1003 408 1058 θημάτων
435 1005 479 1045 ἐν
507 1005 674 1056 μεθέξει
702 1005 776 1044 καί
791 1005 914 1056 μέλος
941 1004 1177 1045 α’πεκάλουν
1200 1001 1353 1052 αὐτους
1372 1001 1563 1058 σεσηπός,
1588 1002 1650 1060 μῆ

208 1067 458 1122 συμπάσχον
485 1071 541 1126 τῷ
569 1070 698 1126 λοιπῷ
734 1069 807 1121 τῆς
837 1070 1050 1117 πολιτείας
1085 1067 1251 1120 σώματι
1284 1069 1358 1110 καί
1389 1068 1651 1124 πληρώματι.

208 1135 281 1175 ἐπί
306 1132 469 1182 τούτοις
496 1135 701 1176 δίαθλαῖσι
720 1131 796 1182 τάς
820 1137 930 1181 κλεῖς
956 1134 1030 1174 καί
1050 1131 1149 1181 τούς
1175 1131 1302 1186 όχὲας
1329 1134 1411 1174 τῶν
1425 1132 1653 1187 ’δημοσίων

151 1199 196 1241 ι5
213 1199 423 1255 φρουρῶν,
454 1200 527 1240 καί
551 1203 638 1247 τοῖς
665 1197 917 1254 φυλακίταις
941 1199 1107 1239 τιθέασι
1138 1195 1214 1252 τήν
1244 1197 1387 1248 ἔξοδον
1417 1192 1571 1252 ἄνετον,
1601 1199 1653 1240 οὔ

208 1266 335 1305 πᾶσιν
364 1259 462 1305 οὖσι
489 1262 746 1317 κακούργοις,
776 1260 886 1304 α’λλοὶ
909 1261 982 1303 καί
995 1264 1139 1316 γένους
1155 1259 1425 1316 μετειληχόσι
1444 1266 1654 1319 λαμπροῦ,

207 1328 553 1381 κακουχουμένοις
598 1329 634 1370 δ’
673 1324 784 1382 ὅμως
822 1326 866 1369 ἐν
911 1329 1208 1383 δεσμωτηρίοις
1252 1327 1323 1369 διά
1361 1343 1403 1369 τι
1441 1327 1656 1382 συμπεσὸν

205 1391 347 1448 βραχύ
381 1392 609 1448 ἁμάρτημα
636 1389 666 1449 ἢ
695 1391 986 1449 παράφθεγμα
1028 1389 1057 1446 ἢ
1098 1395 1172 1434 καί
1212 1394 1339 1449 φίλου
1382 1395 1656 1448 κακούργημα

204 1457 367 1514 προβὰν
393 1460 436 1508 ἐς
463 1458 748 1513 Ἀνδρόνικον.
803 1461 927 1501 τοῦτο
957 1459 997 1499 δ’
1015 1456 1076 1500 ἔτι
1101 1457 1283 1510 μάλιστα
1309 1456 1355 1499 τό
1387 1462 1528 1499 πλεῖον
1555 1474 1657 1501 συν-

140 1543 195 1570 20
210 1523 364 1578 αγήοχε
399 1525 473 1566 τοῦ
509 1526 636 1576 λαοῦ,
677 1525 748 1566 καί
774 1522 874 1572 τούς
910 1524 997 1565 κατ’
1028 1524 1301 1578 Ἀνδρονίκου
1329 1522 1654 1578 τονθορύζοντας
1666 1537 1698 1571 1)

209 1587 409 1644 πρότερον
437 1589 508 1630 καὶ
536 1590 765 1638 ὀκνοῦντας
794 1587 871 1642 τήν
897 1590 1051 1644 πρᾶξιν
1082 1588 1139 1638 ὥς
1166 1590 1353 1630 κίνδυνον
1394 1587 1657 1643 ὑποφαίνου-

206 1671 286 1696 σαν
315 1656 376 1703 εἰς
402 1655 588 1696 ἐναντίαν
622 1661 774 1707 μοῖραν
798 1656 1043 1707 μετέστησεν
1086 1653 1340 1708 οἶκραιφνῶς.
1396 1648 1449 1707 ἦν
1491 1648 1568 1694 οὖν
1606 1654 1653 1694 ἐκ

206 1721 327 1761 τοῦδε
344 1721 447 1762 ἰδεῖν
474 1721 809 1775 ξιφηφόροῦντας
835 1717 907 1759 καί
922 1716 1216 1773 θυρεοφόρους
1239 1719 1313 1760 καί
1326 1720 1651 1774 πεφραγμένους

305 1854 331 1876 1.
359 1840 536 1889 συρροῆς]
565 1842 748 1887 συλλογῆς
763 1841 802 1874 Α.
869 1851 919 1884 ¹7·
945 1839 985 1874 δὲ
1009 1841 1060 1885 τῷ
1075 1839 1313 1886 δεσμωτηρίῳ
1330 1839 1369 1872 Δ.
1446 1839 1497 1874 18.
1525 1836 1647 1885 βραχὺ

302 1900 361 1923 om
384 1890 424 1923 A.
541 1889 596 1922 23.
618 1889 697 1934 ξιφ.
722 1886 874 1921 ἰδέσθαι
905 1887 945 1920 Δ.

207 2012 260 2047 tio
289 2012 423 2046 reditus
456 2012 651 2046 Andronici
683 2010 838 2057 populus
873 2010 1064 2056 quicquam
1099 2007 1310 2042 movebatur
1341 2010 1382 2041 ut
1417 2007 1552 2053 coeptis
1577 2003 1642 2041 ‹le-

207 2060 366 2092 sisteret:
395 2070 487 2104 quae
513 2059 559 2092 ad
585 2058 890 2103 comprimendum
914 2063 1050 2090 motum
1075 2056 1327 2095 afferebantur,
1351 2054 1468 2087 surdis
1493 2054 1641 2088 auribus

207 2106 476 2150 accipiebantur
501 2107 644 2148 omnia3
670 2116 711 2138 ac
739 2105 845 2138 multi
875 2104 971 2137 vitae
996 2103 1196 2148 periculum
1220 2102 1409 2142 adierunt,
1443 2100 1542 2146 quod
1567 2112 1643 2134 rem

206 2153 305 2185 illam
330 2164 454 2197 parum
477 2153 611 2185 bellam
636 2163 712 2185 esse
739 2151 923 2184 dixissent.
947 2161 1068 2183 omnes
1092 2150 1188 2182 enim
1211 2149 1314 2193 quasi
1335 2158 1408 2180 uno
1432 2148 1532 2191 signo
1555 2147 1642 2180 dato

205 2199 486 2240 concurrebant,
514 2211 555 2231 ac
580 2199 694 2232 veluti
721 2198 869 2231 numine
895 2198 1004 2230 afflati
1035 2201 1098 2229 aut
1128 2195 1250 2228 furore
1282 2194 1431 2239 perciti,
1459 2194 1498 2226 in
1526 2193 1641 2227 divini

203 2245 304 2278 verbi
329 2246 518 2278 maximum
542 2245 726 2290 templum,
739 2245 829 2277 alios
855 2244 918 2276 alii
940 2249 1120 2282 acuentes,
1146 2247 1184 2275 et
1207 2241 1468 2274 subsannantes
1495 2251 1556 2273 eos
1577 2241 1642 2285 qui

203 2291 322 2335 ignavi
347 2298 565 2337 spectatores
590 2297 748 2326 astarent
773 2301 840 2324 nec
865 2290 991 2335 quovis
1019 2290 1092 2323 telo
1118 2293 1350 2322 armarentur.
1377 2286 1440 2332 qui
1466 2297 1551 2320 vero
1576 2287 1641 2319 lit-

204 2338 289 2370 teris
314 2338 447 2371 eruditi
480 2344 602 2380 erant,
637 2337 781 2371 eosdem
813 2336 972 2370 membra
1005 2335 1152 2381 putrida
1184 2334 1382 2374 vocabant,
1416 2333 1479 2377 qui
1512 2332 1641 2366 dolore

202 2384 350 2428 publico
374 2397 446 2417 non
473 2385 705 2418 afficerentur.
730 2383 862 2417 deinde
887 2384 974 2416 seris
1000 2388 1036 2416 et
1063 2381 1242 2427 repagulis
1268 2391 1448 2414 carcerum
1473 2380 1639 2420 effractis,

204 2429 358 2463 liberum
384 2433 518 2464 exitum
541 2432 688 2464 inclusis
712 2429 1000 2476 patefaciebant3
1026 2430 1089 2474 qui
1109 2427 1256 2473 quidem
1279 2437 1354 2459 non
1376 2436 1498 2458 omnes
1526 2426 1640 2458 male-

205 2475 263 2508 fici
291 2483 408 2519 erant,
435 2478 498 2510 sed
521 2478 690 2511 nonnulli
715 2478 820 2510 claris
845 2477 914 2510 orti
939 2476 1086 2508 familiis
1107 2474 1154 2507 ob
1181 2474 1371 2506 fortuitum
1397 2477 1552 2505 erratum
1576 2475 1640 2503 aut

205 2521 340 2555 dictum
362 2524 661 2557 inconsideratius
691 2530 754 2557 aut
791 2524 895 2556 amici
923 2522 1094 2555 delictum
1126 2522 1165 2554 in
1192 2519 1435 2553 Andronicum
1467 2529 1510 2551 eo
1541 2528 1639 2550 com-

202 2569 300 2613 pacti
327 2570 477 2603 fuerant.
503 2581 544 2603 ea
569 2582 624 2604 res
660 2571 820 2603 omnium
858 2570 1012 2602 maxime
1046 2567 1174 2612 populi
1213 2577 1424 2599 concursum
1450 2564 1569 2602 auxit,
1597 2573 1639 2594 ac

203 2614 322 2647 effecit
346 2620 385 2647 ut
409 2617 472 2659 qui
494 2618 593 2660 prius
627 2617 781 2661 periculi
818 2621 916 2649 metu
952 2613 1290 2649 submurmurabant
1324 2617 1362 2645 et
1397 2609 1638 2649 dubitabant,

202 2661 299 2693 haud
325 2661 591 2695 dissimulanter
615 2663 764 2696 factioni
789 2674 866 2696 sese
891 2663 1090 2706 iungerent.
1117 2671 1160 2692 ex
1184 2670 1227 2692 eo
1259 2658 1404 2691 ensibus
1440 2656 1638 2695 accinctos,

203 2712 359 2740 scutatos
388 2712 425 2740 et
450 2707 652 2742 thoracatos
678 2721 752 2742 non
774 2721 906 2755 paucos
925 2717 1108 2747 cerneres,
1133 2706 1254 2750 plures
1279 2710 1399 2737 tamen
1423 2700 1576 2735 fustibus
1601 2706 1638 2733 et

202 2754 333 2799 lignis,
363 2763 455 2798 quae
482 2764 526 2785 ex
554 2754 703 2788 officinis
728 2760 942 2799 rapuerant,
970 2758 1134 2787 armatos.
1163 2763 1183 2783 a
1206 2751 1272 2784 tali
1298 2755 1403 2783 coetu
1431 2746 1637 2780 concitatis-

272 2823 421 2856 Nicetas
446 2821 652 2855 choniates.
1331 2825 1375 2859 29
