1838 3210
822 162 1048 203 FABROTI

221 263 401 308 Amerigi,
439 261 619 297 Friderici
673 261 920 297 Barbarossae
955 262 1055 308 filii,
1111 262 1161 296 ad
1199 263 1355 296 Graecos
1403 260 1538 310 legatio
1586 267 1650 311 (7).

216 311 340 345 Alexii
362 310 574 354 responsio,
600 314 635 341 et
662 309 860 342 ostentatio
885 308 931 341 ab
958 309 1172 342 Alemannis
1196 308 1327 344 derisa.
1354 310 1535 354 ingentem
1561 312 1646 346 auri

220 357 294 391 vim
319 356 473 399 singulis
504 354 613 398 annis
632 354 796 396 persolvi
825 354 899 388 sibi
928 355 1018 399 petit
1043 356 1247 399 Amerigus;
1285 352 1370 387 inde
1404 357 1503 390 inter
1529 358 1641 392 Grae-

221 415 280 436 cos
302 401 474 435 tributum
488 405 652 432 exactum
675 406 728 431 est
752 397 851 445 quod
873 400 1143 435 Alemannicum
1167 399 1383 434 dicebatur.-
1407 402 1557 436 alexius
1581 414 1649 437 au-

221 456 289 483 tem
317 447 483 491 sepulcra
507 445 639 485 spoliat
667 444 731 489 (8).

310 492 382 524 Lm.
405 491 449 524 II.
497 490 644 523 Nicetas
673 489 827 523 insultat
851 492 1016 530 Ameriae
1050 499 1188 526 mortuo
1204 518 1216 531 ,
1247 492 1418 539 illiusque
1442 492 1482 525 in
1505 493 1649 528 Siculos

219 537 466 572 crudelitatem
497 543 706 579 exaggerat.
757 535 939 580 Caphures
966 538 1166 571 Genuensis
1187 539 1313 582 pirata
1334 550 1357 571 a
1381 537 1543 572 Iohanne
1569 539 1648 572 Sti-

218 586 323 618 rione
358 582 575 626 opprimitur
615 581 679 625 (ι).
737 581 879 616 Turbae
914 583 954 615 in
987 583 1077 616 aula
1109 584 1230 616 Alexin·
1263 584 1519 626 imperatoris,
1547 587 1650 618 cuius

218 629 367 673 cognati
391 627 513 659 omnia
538 625 708 660 vendunt.
758 626 998 672 Euphrosyne
1027 630 1243 674 imperatrix
1269 630 1546 662 Constantinum
1572 633 1651 665 Me·

218 674 523 719 sopotamitanum
548 671 693 706 evehit.-
717 671 798 706 ideo
822 685 845 706 a
861 674 989 718 fratre
1015 682 1048 706 et
1071 685 1205 718 genero
1233 675 1410 709 adulterii
1435 685 1648 719 accusatur,-

217 718 312 754 uncle
333 718 496 752 Batatzis
520 718 655 752 nobilis
670 717 908 752 adolescentis
930 718 1139 764 proditoria
1163 719 1292 754 caedes
1316 728 1351 754 et
1370 721 1648 766 Alexiifizctum

216 764 407 803 indignum
429 764 492 808 (α).
539 763 661 798 Alexii
683 766 793 797 irrita
830 772 959 797 contra
984 763 1138 798 Blachos
1163 765 1357 809 expeditio.
1407 766 1647 811 Euphrosyne

217 813 259 844 in
285 811 540 844 monasterium
574 808 824 848 abstruditur,
871 808 934 842 sed
967 808 1173 843 delatorum
1207 823 1319 855 opera
1355 820 1554 846 revocatur·
1588 813 1650 858 (3).

219 856 456 891 Constantini
484 854 805 899 Mesopotamitani
839 855 940 887 sacri
956 856 1045 888 iculi
1069 863 1104 888 et
1128 858 1370 890 versutissimi
1395 858 1513 891 aulici
1535 858 1650 891 mirae

213 911 316 936 artes
356 900 623 935 describuntur.
658 899 700 933 in
722 900 834 933 altum
861 901 923 933 sub
942 908 1024 934 atus
1051 911 1138 934 casu
1162 903 1336 945 graviore
1363 904 1440 936 ruit
1462 904 1525 947 (4).
1577 905 1649 936 Te-

217 949 365 982 meritas
399 945 521 981 Alexii
560 947 600 978 in
632 945 815 980 laoniensi
847 946 992 980 sultano
1037 946 1268 982 concitando.
1305 949 1475 981 sultanus
1512 948 1648 994 oppida

219 993 397 1042 quaedam
422 1003 465 1026 ex
489 992 685 1036 improviso
710 992 817 1034 capit.
874 991 1072 1024 Antiochia
1101 992 1278 1037 Phrygiae
1302 994 1458 1026 maximo
1478 995 1646 1038 periculo

219 1041 309 1073 mire
331 1039 520 1072 liberatur.
554 1038 696 1071 sultani
733 1039 773 1069 in
804 1038 969 1080 captivos
1000 1038 1220 1071 humanitas.
1278 1040 1398 1073 Alexii
1427 1040 1560 1084 fictiles
1598 1039 1652 1073 ad

219 1086 347 1120 bellum
371 1091 571 1129 apparatus
596 1083 658 1127 (5).
705 1083 852 1116 Alexius
877 1084 1079 1118 inconsulte
1104 1086 1144 1116 in
1167 1096 1203 1117 se
1232 1085 1346 1130 ipsum
1380 1086 1511 1118 saevit.
1537 1085 1644 1129 impe-

222 1132 375 1165 ratricis
407 1129 692 1163 deliberationes
722 1127 766 1162 de
804 1129 949 1173 imperii
979 1141 1195 1164 successore.
1251 1131 1478 1165 Miserrimus
1506 1130 1652 1178 imperii

220 1186 358 1218 status‚·
385 1184 420 1209 et
443 1174 657 1217 Scytharum
681 1175 722 1207 in
749 1174 941 1208 Thraciam
964 1177 1106 1220 eruptio
1130 1177 1193 1218 (6).

310 1222 382 1255 Lm.
405 1221 466 1253 ΙΙΙ.
513 1221 638 1254 Alexii
674 1228 805 1254 contra
831 1220 1002 1263 Chrysum
1025 1221 1198 1255 Blachum
1223 1221 1356 1256 bellica
1382 1221 1588 1266 expeditio,
1615 1231 1649 1257 et

218 1269 333 1302 irrita
374 1267 524 1301 Prosaci
560 1266 790 1299 munitissimi
826 1267 970 1300 castelli
1002 1268 1235 1312 oppugnatio.
1299 1267 1457 1310 Chrysus
1480 1280 1525 1302 ex
1549 1269 1650 1303 hoste

210 1314 264 1358 fit
290 1313 414 1347 Alexii
437 1312 563 1359 affinis
584 1312 645 1356 (ι).
692 1311 905 1354 Scytharum
928 1314 1090 1346 incursio
1127 1314 1167 1345 in
1202 1311 1470 1348 Macedoniam.
1497 1316 1647 1360 nuptiae

216 1360 384 1405 siliarum
407 1359 537 1392 Alexii.
588 1358 717 1391 Ibanci
741 1356 918 1400 desectio,
945 1367 980 1391 et
1003 1360 1044 1391 in
1068 1370 1146 1392 eum
1170 1356 1352 1403 expeditio
1369 1385 1383 1397 ,
1405 1367 1651 1404 protostrato-

221 1406 256 1439 ri
281 1406 452 1439 Manueli
486 1404 632 1446 Camyzi
663 1402 826 1446 infausta
850 1404 910 1449 (2).
973 1404 1252 1438 controversiae
1290 1405 1388 1437 inter
1425 1406 1582 1439 Graecos
1606 1404 1651 1440 de

218 1451 462 1489 eucharistia,
494 1457 527 1482 et
567 1449 812 1493 theologorum
844 1450 975 1483 variae
1011 1451 1211 1484 sententiae
1234 1450 1297 1494 (3).
1346 1449 1504 1484 Ibancus
1528 1452 1652 1485 Alexii

215 1498 382 1541 periurio
418 1495 586 1540 deceptus
620 1497 776 1540 capitur.
832 1495 1069 1541 Euphrosyne
1106 1497 1320 1540 imperatrix
1358 1507 1526 1542 oppresso
1553 1498 1652 1531 Con-

219 1542 430 1587 tostephano
468 1553 525 1575 res
538 1540 694 1586 flaturas
713 1540 873 1586 profana
903 1542 1118 1575 curiositate
1143 1543 1354 1583 investigat.
1407 1542 1651 1577 Caichosroen

220 1589 404 1621 sultanum
441 1588 666 1621 Rucratinus
688 1587 815 1631 frater
838 1589 964 1621 Iconio
1002 1588 1108 1633 pellit
1135 1586 1197 1632 (4).
1249 1588 1401 1621 Comani
1424 1601 1448 1621 a
1470 1589 1591 1622 Rossis
1616 1596 1652 1622 et

224 1635 361 1676 Calyza
385 1633 552 1679 principe
585 1631 793 1665 Christiano
820 1634 987 1677 repressi.
1039 1632 1243 1666 Calomodii
1259 1632 1385 1667 divitis
1409 1634 1652 1676 negotiatoris

222 1678 416 1713 comoedia.
473 1678 650 1712 Iohannis
673 1678 765 1732 Lagi
781 1677 975 1722 tragoedia
1003 1677 1064 1723 (5).
1113 1679 1290 1712 Iohannis
1319 1679 1509 1713 Comnenii
1529 1680 1653 1714 Crassi

221 1724 360 1759 seditio.
415 1725 531 1759 alexii
552 1724 726 1768 spoliatio
752 1725 903 1757 navium
921 1733 957 1757 et
976 1722 1136 1768 perfidia
1155 1727 1194 1757 in
1216 1725 1466 1758 Rucratinum.
1490 1725 1653 1759 Michae-

223 1771 271 1803 lis
297 1770 460 1814 defectio.
499 1769 702 1815 periculum
735 1770 856 1803 Aleaeii
891 1782 911 1802 a
939 1771 1138 1815 naufragio
1174 1778 1210 1804 et
1230 1772 1342 1804 ruina
1369 1771 1430 1815 (6).
1483 1769 1653 1804 Eudocia

221 1817 451 1862 Alexiifilia
489 1828 512 1849 a
551 1813 732 1859 Stephano
770 1815 936 1848 Triballo
964 1814 1170 1858 repudiata.
1219 1817 1316 1858 Mysi
1340 1817 1592 1850 Constantiam
1617 1824 1651 1850 et

225 1864 386 1896 Varnam
424 1868 644 1906 expugnant.
679 1868 928 1904 protostrator
950 1860 1002 1895 ad
1026 1861 1195 1901 Chrysam
1219 1861 1352 1907 deficit.
1381 1862 1653 1908 Spyridonacae

221 1908 385 1951 defectio.
433 1908 583 1940 Alexius
604 1904 748 1940 tandem
781 1906 971 1940 seditiosos
1000 1915 1140 1940 coercet
1159 1907 1219 1951 (7)
1268 1906 1325 1940 Ad
1348 1907 1465 1941 cladis
1493 1909 1654 1951 Brytan·

223 1956 308 1988 niae
336 1953 612 1997 descriptionem
637 1951 813 1985 accedens
836 1952 985 1986 Nicetas
1014 1953 1134 1985 Alexii
1157 1952 1436 1997 imprudentiam
1458 1954 1653 1998 proponit,

223 2001 288 2046 qui
316 1998 359 2032 de
384 1999 528 2032 Isaacio
551 1997 678 2041 fratre
713 2008 860 2030 securus
892 2006 952 2031 est.
1014 1998 1290 2031 Comneniorum
1303 1997 1471 2043 fratrum
1504 2000 1655 2044 rapaci·

224 2042 281 2079 ta's
309 2053 342 2077 et
371 2043 599 2089 profusiones
631 2041 694 2086 (8).
757 2043 883 2077 Veneti
905 2043 1027 2076 multis
1052 2043 1204 2076 iniuriis
1228 2043 1271 2075 ab
1294 2044 1422 2077 Alexio
1445 2054 1479 2077 et
1505 2044 1653 2078 Comne-

225 2091 298 2124 niis
330 2090 513 2134 fratribus
549 2087 697 2131 affecti,
730 2089 886 2122 Henrici
915 2087 1085 2121 Danduli
1120 2087 1223 2122 ducis
1261 2090 1318 2122 sui
1340 2091 1493 2123 consilio
1524 2090 1653 2123 bellum

224 2129 354 2170 contra
378 2135 601 2178 Byzantinos
619 2141 764 2178 parant.
822 2135 973 2168 Alexius
998 2134 1157 2181 Angelus
1192 2135 1332 2167 Isaacii
1342 2136 1454 2181 filius
1484 2147 1561 2169 cum
1589 2136 1654 2169 Ve-

226 2189 310 2216 neta
346 2182 461 2215 classe
496 2192 532 2215 se
564 2179 765 2224 coniungit.
804 2179 1003 2225 imperator
1045 2181 1193 2213 classem
1228 2179 1391 2214 hostilem
1434 2182 1652 2220 contemnit,

226 2238 319 2274 quae
336 2229 377 2260 in
403 2227 593 2260 Graeciam
615 2226 700 2258 vela
715 2224 779 2259 dat
803 2224 866 2266 (9).
911 2226 1085 2266 Byzantii
1105 2224 1257 2258 obsidio.
1277 2226 1513 2261 velitationes
1538 2229 1654 2260 Grae·

227 2285 349 2307 corum
375 2281 408 2305 et
430 2273 653 2305 Latinorum.
690 2270 897 2304 incendium
921 2272 1102 2314 Byzantii.
1158 2271 1468 2314 Alexiusfrustra
1506 2272 1655 2307 tentatis

225 2320 338 2353 armis
364 2318 549 2352 Debeltum
569 2316 753 2362 profugit,
779 2317 931 2363 imperio
955 2317 1132 2362 spoliatus
1171 2316 1327 2351 eiusdem
1354 2319 1473 2364 elogia
1499 2318 1586 2364 (ιο).

443 2417 529 2457 DE
571 2416 833 2456 ISAACIO
876 2417 1140 2456 ANGELO
1172 2417 1438 2458 ITERUM

713 2493 1178 2532 IMPERATORE.

316 2580 444 2613 Alexio
463 2579 602 2625 fugato
637 2579 802 2622 Isaacius
833 2588 1046 2614 excaecatus
1073 2581 1200 2614 iterum
1225 2581 1424 2625 imperator
1447 2579 1651 2620 salutatur,

232 2627 297 2670 qui
308 2626 448 2671 fratris
459 2625 595 2671 sugam
619 2625 748 2658 Alexio
775 2624 863 2669 filio
889 2633 922 2657 et
946 2626 1073 2659 Latini
1104 2628 1285 2660 exercitus
1310 2625 1459 2660 ducibus
1480 2624 1654 2659 denunti-

233 2681 281 2704 αι.
328 2672 472 2705 Latinis
492 2682 602 2704 sacra
629 2679 662 2704 et
683 2671 844 2716 profana
867 2673 933 2704 vix
959 2671 1155 2712 sufficiunt·
1172 2672 1233 2716 (ι).
1283 2674 1495 2716 Synagogae
1522 2671 1654 2704 Sarra-

233 2728 398 2759 cenorum
423 2716 580 2763 direptio
603 2727 714 2750 causa
739 2718 908 2751 incensae
942 2718 1050 2752 urbis.
1076 2717 1180 2751 huius
1208 2716 1372 2752 incendii
1397 2717 1654 2752 luctuosissimi
