1878 3230
297 195 412 262 422
710 207 937 250 NlcETAE
984 178 1297 249 cnomA‘rAe

301 308 596 365 ἑκφυλλίζοντα
622 303 980 358 ὖποβλεπόμενος,
1009 301 1066 359 μὴ
1094 302 1164 346 τὸν
1191 299 1488 356 καλαμιόμενον
1515 305 1720 360 φανταζό-

299 387 445 427 μενος,
487 367 591 411 α’λλὰ
619 367 671 410 τὰ
704 371 782 410 τοῦ
816 368 1033 423 Καίσαρος
1067 371 1257 423 Καίσαρι
1299 365 1524 416 ἀποδιδοὺς
1572 365 1720 411 οὐδένα

295 436 366 479 τὸν
394 436 684 477 επιὸιπλοῦντα
713 431 800 487 εἶχε
822 433 865 475 τὸ
895 436 1027 490 κέρμα
1053 436 1125 475 καί
1150 431 1195 475 τὸ
1225 432 1423 475 τάλαιτον
1442 432 1721 475 πολυπλασια-

301 505 449 553 ζοντα,
476 499 564 541 ἔστι
593 501 632 540 ‹5’
659 496 722 540 ὅτε
761 517 828 541 και
864 498 907 541 τὸ
939 497 1134 552 χιτώνιον
1168 499 1530 552 προσαπαιτοῦντα
1567 496 1638 539 καὶ
1676 496 1723 540 τὸ

294 564 512 618 ψυχάριον
540 560 643 605 αὐτὸ
661 562 867 612 πολλάκις
902 564 1261 618 ἄναχρέμψασθαι
1296 561 1445 616 βιαίως
1483 561 1759 616 ἑγκειζιιενονῶ

297 627 348 687 ἦν
375 628 450 684 γὰρ
482 629 507 684 ἦ
537 629 794 684 Ἀνδρονώιου
825 631 1034 684 ἐπίκλησις
1062 625 1128 672 οἷά
1151 645 1193 671 τι
1226 624 1415 683 ὀλέθριον
1453 627 1524 669 καί
1561 629 1725 669 διασκε-

298 693 492 735 δάστικὸν
520 695 604 735 τῶν
629 691 870 749 φορολόγων
897 692 1062 752 ἕπᾳσμα
1089 696 1164 735 καί
1193 691 1497 750 φαρμάκευμα,
1530 692 1604 732 καί
1625 692 1726 734 δνσ-

296 759 494 813 ήκουστον
529 756 738 814 φόβητρον
775 764 862 807 τοῖς
903 755 993 800 ὅσοι
1026 757 1142 814 παρὰ
1188 757 1238 800 τά
1279 757 1571 811 διατεταγμένα
1617 758 1724 799 εἰσέ-

297 840 505 879 πραττον,
534 823 606 864 καί
633 824 839 878 νάρκωσις
872 823 945 865 καί
973 821 1143 879 πάρεσις
1174 825 1330 877 χειρῶν
1375 824 1424 864 αἳ
1458 821 1563 876 πρὸς
1598 821 1726 876 μόνον

298 886 503 944 ἀφεώρων
530 887 732 943 πρότερον
759 887 806 929 τὸ
835 892 990 941 λαβεῖν.
1045 893 1209 938 πολλοῖς
1236 890 1282 930 δὲ
1309 887 1381 929 καί
1401 886 1445 929 τὸ
1477 886 1726 936 ἐθελουσίως
1743 904 1789 931 ro

166 957 201 989 P·
217 967 285 1001 209
299 954 656 1007 α’ποχαριζόμενον
685 955 957 1007 α’πεπέμπετο,
984 951 1121 1008 ὥσπερ
1141 952 1217 1008 σῆς
1238 953 1504 1009 ὑφορώμενον
1522 955 1601 994 τῶν
1619 954 1724 994 ἐκεί-

294 1034 381 1069 νοις
407 1016 658 1072 προσόντων,
678 1015 707 1073 ἢ
727 1018 847 1074 ἑτέρα
866 1035 926 1068 τις
952 1018 1163 1075 φθαρτικὴ
1186 1018 1363 1072 δύναμις
1387 1017 1434 1059 τὸ
1464 1018 1727 1073 προσεγγίζον

296 1084 527 1125 ἀπολλῦσα.
585 1082 631 1125 τὸ
662 1085 708 1125 δὲ
733 1083 789 1138 δὴ
835 1086 999 1137 μεῖζον,
1033 1086 1103 1125 καί
1143 1082 1284 1138 ἁδροῖς
1319 1080 1516 1137 ὀψωνίοις
1553 1083 1725 1136 ἐνιαχοῦ

295 1147 531 1203 ἐφοδιάζων
558 1147 657 1197 τούς
683 1147 760 1198 τὰς
791 1150 1015 1202 δημοσίους
1051 1150 1416 1201 α’ναζωννυμένους
1455 1146 1616 1202 α’ρχοὶς,
1657 1147 1730 1188 καί

298 1210 376 1254 ὅσα
407 1215 615 1255 πείσονται
647 1213 760 1255 aava*
782 1212 859 1262 τὰς
880 1213 1014 1255 αὐτοῦ
1039 1211 1405 1268 παραβλεψάμενοι
1433 1213 1598 1261 ἐντολὰς
1625 1226 1727 1267 προ·
1744 1215 1791 1257 15

297 1280 525 1331 αγγέλλων,
554 1274 687 1326 οὕτως
718 1279 969 1331 ἐξέπεμπεν,
999 1278 1074 1318 ου’κ
1105 1277 1252 1327 ὠνίους
1284 1276 1439 1327 ταύτας
1469 1284 1552 1326 τοῖς
1577 1280 1727 1330 βουλο-

296 1344 436 1395 μένοις
464 1341 709 1397 προβάλλων
735 1342 917 1392 καὶτοῖς
955 1345 999 1385 ἐκ
1039 1340 1216 1399 τριόδων
1260 1340 1486 1393 ἇποὸιδοῦς
1530 1339 1728 1398 ὄποιουδὴ

296 1423 407 1456 τινος
435 1406 638 1461 δόματος,
668 1406 777 1449 α’λλιὶ
811 1410 946 1463 δῶρον
980 1407 1058 1456 τιὶς
1096 1408 1369 1463 ἀρχαιρεσίας
1405 1408 1478 1450 καὶ
1514 1409 1729 1463 ε’πιλέγδην

298 1473 594 1526 παρεχόμενος.
651 1469 749 1514 ὅθεν
771 1472 810 1514 οἷ
838 1470 965 1514 πάλαι
984 1475 1041 1530 τῷ
1065 1470 1201 1531 χρόνῳ
1227 1475 1535 1527 παρασυρέντες
1552 1473 1624 1514 καί
1641 1478 1727 1522 τοῖς

167 1542 207 1576 V.
228 1552 286 1586 ¹7²
301 1543 448 1585 κοινοῖς
476 1535 692 1592 πράγμασι
728 1539 895 1579 νοσοῦσι
924 1537 1238 1591 κατενεχθέντες
1267 1539 1326 1586 εἰς
1352 1540 1556 1591 θάνατον,
1586 1535 1724 1593 (ὅσπερ
1741 1555 1792 1582 20

264 1602 559 1656 Βᾶρχαγγὲλου
595 1600 705 1651 τινός
736 1604 794 1651 εἰς
826 1601 891 1643 τὰ
918 1602 1084 1645 ἐκείνων
1114 1597 1200 1643 ὦτα
1227 1605 1619 1657 περισαλπίσαντος,
1659 1600 1730 1645 τὸν

298 1666 468 1721 χρόνιον
500 1667 771 1708 α’πεσείσαντο
800 1665 926 1721 κάρον
953 1667 1026 1708 καί
1049 1666 1124 1721 τήν
1153 1667 1337 1709 παλαιὰν
1353 1663 1553 1709 ἀπέθεντο
1581 1670 1732 1722 νέκρω-

302 1743 389 1773 σιν·
443 1730 515 1773 καί
544 1731 686 1781 καθώς
714 1732 738 1787 ἢ
768 1733 842 1774 τοῦ
868 1729 1061 1786 Ἰεζεκιὴλ
1090 1729 1233 1786 ὅρασις
1257 1733 1475 1786 βούλεται,
1505 1733 1608 1775 ὀστᾶ
1633 1747 1733 1775 συν-

301 1796 446 1852 η’γοντο
475 1795 579 1852 πρὸς
608 1796 714 1839 ὄστᾶ
738 1799 811 1839 καί
839 1794 1036 1852 ἁρμονίαι
1061 1797 1164 1853 πρὸς
1195 1797 1424 1853 ἁρμονίας,
1462 1801 1532 1840 καί
1557 1800 1602 1840 ἐν
1627 1801 1731 1854 βρα-

396 1907 427 1941 5.
446 1907 688 1964 ἱ,ψυχίδιονΑ
762 1920 793 1954 7.
824 1907 1091 1956 ᾳαραάκευμα]
1130 1906 1307 1955 ὑφὴγηιια
1335 1908 1374 1943 Α.
1474 1908 1523 1952 14.
1546 1905 1631 1946 τούς
1649 1903 1727 1955 τας]

392 1966 479 1992 τους
502 1966 572 2000 κεᾳ
568 1953 717 2011 αλάδας
742 1955 816 1990 τῶν
852 1956 1040 2002 δηιιοσίων
1064 1955 1203 2000 ἐνόχων
1227 1956 1263 1989 Β.
1386 1956 1435 1989 ¹6-
1462 1955 1661 2012 ἐξέπεμπεν
1680 1958 1732 1993 εἰς

394 1999 461 2037 τὰς
487 1996 619 2046 ἐνοχὰς
641 2000 730 2056 μήτε
763 1986 900 2036 πωλῶν
916 2002 1009 2050 μήτε
1032 2001 1238 2039 πακτιύνων
1263 1998 1378 2039 αὐτάς
1403 2002 1439 2034 Β.
1557 2011 1613 2034 22-
1638 2000 1731 2036 ἀπέ-

395 2046 520 2094 θεντο]
552 2046 824 2086 ἄπεξεὸὑσαντο
852 2052 890 2082 Α.

306 2146 370 2180 sed
396 2147 425 2179 si
452 2147 593 2180 Caesari
626 2147 775 2181 dederat
798 2159 892 2192 quae
918 2152 1019 2181 erant
1046 2147 1227 2190 Caesaris,
1265 2158 1370 2181 nemo
1395 2151 1471 2180 erat
1493 2147 1556 2191 qui
1579 2145 1661 2191 plus
1684 2145 1731 2179 ab

306 2204 349 2225 eo
389 2194 590 2237 postularet
613 2199 676 2226 aut
703 2195 809 2227 etiam
833 2195 991 2227 tunicam
1016 2194 1211 2239 aliquando
1246 2194 1400 2238 eriperet
1424 2198 1460 2226 et
1482 2192 1658 2226 violenter
1685 2192 1733 2226 ad

304 2250 430 2273 necem
454 2239 622 2283 adigeret.
650 2251 731 2273 nam
759 2246 964 2285 quaestores
991 2240 1037 2273 ad
1056 2240 1250 2274 Andronici
1278 2240 1555 2284 appellationem
1580 2239 1631 2271 ita
1654 2244 1732 2273 ter·-

307 2285 501 2326 rebantur,
527 2291 568 2319 ut
591 2297 734 2330 rapaces
759 2287 898 2331 alioqui
920 2297 1045 2319 manus
1073 2287 1178 2320 facile
1212 2286 1256 2318 ab
1282 2287 1400 2318 alieno
1429 2285 1667 2326 abstinerent,
1690 2296 1732 2319 ae

306 2343 453 2367 munera
470 2332 565 2364 ultro
590 2343 610 2364 a
634 2333 915 2376 provincialibus
941 2333 1062 2366 oblata
1087 2338 1257 2387 tanquam
1270 2338 1388 2377 pestes
1411 2330 1606 2376 aliquando
1631 2342 1733 2367 aver-n.

306 2383 480 2411 sarentur.
509 2383 546 2411 et
577 2378 675 2432 quod
697 2379 810 2411 maius
837 2384 911 2418 est,
945 2390 1024 2411 cum
1047 2380 1272 2422 magistratus
1298 2379 1335 2411 in
1361 2378 1561 2422 provincias
1586 2377 1732 2422 ablega-

305 2424 388 2467 hat,
429 2424 525 2468 larga
561 2425 611 2457 eis
637 2424 817 2469 stipendia
854 2424 983 2464 dabat,
1019 2425 1196 2470 simulque
1226 2423 1463 2457 denuntiabat
1486 2435 1573 2468 quas
1597 2434 1732 2468 poenas

306 2481 370 2504 sua
397 2470 492 2503 iussa
519 2471 784 2514 negligentibus
811 2471 1027 2514 irrogaturus
1050 2482 1102 2503 es
1097 2477 1152 2503 ·et.
1175 2481 1293 2516 neque
1319 2470 1413 2503 enim
1436 2469 1582 2515 publica
1605 2481 1732 2503 mune-

306 2528 344 2549 ra
370 2515 550 2549 vendebat
574 2523 636 2549 aut
661 2517 731 2550 levi
759 2517 968 2549 munusculo
1005 2517 1214 2550 conciliatus
1241 2516 1466 2557 conferebat,
1491 2516 1553 2549 sed
1576 2516 1731 2560 gratuito

305 2562 504 2607 habitoque
538 2562 679 2595 delectu
714 2564 939 2606 magistratus
975 2563 1175 2596 ordinabat.
1203 2563 1325 2608 itaque
1352 2563 1457 2595 multi
1481 2563 1564 2596 olim
1589 2562 1731 2608 profugi

307 2615 343 2642 et
369 2609 522 2653 publicis
551 2609 813 2642 calamitatibus
839 2621 930 2653 pene
955 2610 1155 2650 immortui,
1192 2609 1293 2654 quasi
1322 2609 1532 2652 Archangeli
1555 2609 1642 2642 tuba
1666 2619 1732 2642 an-

307 2655 406 2696 dita,
432 2666 475 2688 ex
505 2655 675 2688 diuturno
716 2662 861 2688 veterno
896 2654 1091 2700 experrecti
1130 2656 1353 2696 revixerunt,
1378 2656 1527 2700 pristina
1556 2654 1730 2688 felicitate

306 2707 537 2747 recuperata3
562 2707 599 2735 et
626 2707 668 2734 ut
691 2702 885 2735 EzechieHs
903 2702 992 2735 visio
1019 2701 1134 2743 docet,
1162 2713 1239 2734 ossa
1267 2701 1311 2734 ad
1335 2714 1412 2734 ossa
1438 2700 1730 2755 congerebantur,

308 2755 403 2781 artus
421 2747 566 2781 artubus
586 2748 907 2792 coniungebantur,
934 2753 969 2781 et
982 2748 1079 2782 brevi
1095 2754 1254 2793 tempore
1269 2749 1464 2794 pleraeque
1488 2747 1595 2782 urbes
1618 2752 1656 2781 et
1676 2746 1730 2784 vi·
