1878 3230
473 208 697 261 ALEqus
734 207 909 249 nncss
947 209 1276 249 MURZUFLUs.
1477 188 1582 262 757

166 307 365 359 θέμενον,
396 302 474 362 ἤδη
513 309 558 350 δὲ
599 307 672 349 καί
706 307 990 363 κατάφρακτοι
1017 310 1247 351 Λατινικαι“
1283 308 1631 363 προυφαίνοντοῐ)

167 370 388 426 φάλαγγες,
413 374 572 415 ἐκεῖθεν
585 375 834 426 μεθίσταται
849 376 922 414 καί
935 373 980 415 τὸ
996 377 1183 427 σωθῆναι
1204 376 1316 429 φυγῇ
1341 375 1584 427 διατίθησιν.

280 435 331 478 Οἱ
363 438 408 478 δὲ
436 441 625 490 πολέμιοι
652 440 811 492 μηδένα
842 438 954 491 παρά
986 439 1109 489 δόξαν
1129 436 1304 492 ὁρῶντες
1325 440 1588 491 &unagein-

163 516 215 542 τα
242 496 267 555 ἢ
298 502 638 555 ἅντεγχειροῦντά
669 519 791 558 σφισι
818 505 891 544 καί
918 502 1208 556 ὅπλιζόμενον,
1244 504 1334 544 ἀλλ’
1373 500 1499 543 εἷ”οδα
1534 501 1585 543 τά

128 565 209 607 5ὲν
236 568 381 618 ποσίν,
409 562 558 608 εὔκολα
586 568 636 609 τά
666 569 711 609 ἐν
737 571 884 622 χερσί,
917 568 968 610 τά
999 572 1045 611 ἐν
1075 575 1296 616 στενωποῖς
1332 565 1585 619 ειῗδιάβατα,

164 629 218 671 τοὶ
245 631 290 672 ἐν
316 629 497 685 τριόδοις
538 632 807 687 ἀπρόσκοπα,
853 633 935 674 α’πὸ
980 636 1171 686 πολέμων
1207 631 1466 688 ἀσφάλειαν,
1506 631 1587 672 α’πὸ

164 697 370 748 πολεμίων
398 697 632 751 ω’φέλειαν,
672 697 801 752 τύχης
836 697 948 748 τινὸς
981 698 1241 753 προαγούσης
1283 699 1479 750 εὐμενοῦς
1519 698 1591 737 καί

163 762 535 815 συλλαμβανούσης
566 760 726 811 πάντας
756 763 877 818 σφίσι
905 767 1199 819 προσυπαντᾶν
1225 762 1328 816 μετὰ
1355 765 1589 816 σταυρικιόν

165 825 347 878 σημείων
372 827 446 867 καί
470 829 633 868 σεπτῶν
665 826 848 870 ἐκτύπων
878 831 1093 884 Χριστοῦ,
1131 827 1186 878 ὥς
1229 830 1274 870 ἐν
1310 828 1588 882 πανηγύρεσιν

103 904 152 931 10
167 887 354 931 εἴθισται
381 893 455 932 καί
477 898 686 944 πομπαῖς,
717 892 768 932 οὔ
795 892 900 946 πρὸς
926 893 1001 947 τήν
1031 890 1132 947 ὄψιν
1158 896 1242 936 τῶν
1270 893 1491 948 ὁρωμένων
1515 892 1590 947 τὴν

162 957 237 1008 τῆς
263 958 406 1009 ψυχῆς
443 959 758 1011 μεταμορφοῦσι
798 956 1074 1011 κατάστασιν,
1114 958 1214 1000 οὐδὲ
1251 962 1380 1012 μέχρι
1416 959 1590 1012 χειλέων

161 1021 485 1074 ἐπεμειδάισαν,
514 1022 614 1063 οὐδὲ
645 1023 668 1076 ἦ
712 1017 888 1072 ἄελπτος
926 1026 1058 1078 ἐκείνη
1094 1027 1174 1065 θέα
1215 1022 1262 1065 τὸ
1305 1022 1476 1077 στυγνὸν
1518 1025 1592 1065 καί

159 1088 370 1138 μανιῶδες
400 1084 571 1141 ὅρμημα
598 1089 670 1128 καὶ
693 1088 860 1139 βλέμμα
889 1090 949 1137 εἰς
976 1087 1115 1131 εἰκόνα
1144 1090 1406 1142 μετέχρωσεν
1446 1087 1587 1141 ἱλαρό-
1598 1097 1632 1130 Ρ.
1649 1098 1716 1131 368

159 1166 306 1204 τητος,
337 1152 426 1192 ἀλλ’
451 1149 728 1207 ἑπρονόμευον
755 1152 916 1204 α’δεῶς,
955 1155 1000 1194 ἐκ
1033 1157 1113 1195 τῶν
1149 1153 1372 1207 ὀχημάτων
1413 1150 1586 1207 πρώτως
1599 1165 1637 1199 V.
1650 1166 1715 1200 303

101 1219 149 1258 15
161 1212 408 1269 ἀρξάμενοι,
438 1218 492 1257 ου’
518 1215 570 1258 τά
600 1219 681 1258 τῶν
709 1221 871 1259 πολλῶν
901 1218 1028 1270 μόνον
1054 1217 1252 1272 χρήματα
1284 1218 1374 1259 ἀλλ’
1406 1214 1484 1273 ἤδη
1516 1221 1588 1260 καί

158 1279 210 1322 τά
238 1284 296 1337 τῷ
321 1283 406 1337 θεῷ
436 1277 708 1334 ἆνακειζιιενα,
737 1283 962 1338 ξιφηφόροι
984 1284 1162 1335 πάντες,
1191 1282 1228 1324 οἱ
1258 1286 1304 1325 δὲ
1332 1285 1404 1324 καί
1434 1299 1586 1325 σκεπα-

159 1348 342 1400 στηρίοις
381 1343 523 1395 ὅπλοις
566 1344 665 1395 τούς
712 1346 818 1402 πρὸς
856 1349 1062 1402 σάλπιγγα
1108 1349 1393 1402 ἐγειρομένους
1434 1351 1587 1398 ἵππους

157 1409 320 1453 ἑαυτῶν
344 1409 702 1467 περιφράττοντες.
757 1411 805 1454 τί
831 1415 870 1454 δ’
897 1409 950 1454 ἂν
975 1416 1159 1467 πρῶτον,
1196 1416 1241 1455 τί
1265 1416 1305 1455 δ’
1341 1413 1509 1468 ἔπειτα,
1544 1416 1590 1456 τί

244 1474 257 1488 C

159 1478 201 1518 δ’
230 1476 424 1519 υοτάτιον
464 1478 733 1530 καταλέξαιμι
777 1480 860 1519 τῶν
895 1482 1118 1533 τηνικαῦτα
1155 1482 1428 1532 τολμωμένων
1466 1478 1579 1532 παρὰ

90 1556 145 1582 20
159 1544 244 1583 τῶν
273 1543 546 1594 παλαμναίων
571 1544 737 1584 ἐκείνων
775 1542 967 1597 α’νδρῶν,·
1011 1540 1046 1585 n'v‘
1083 1559 1157 1596 μοι
1194 1546 1268 1597 τῆς
1308 1545 1458 1597 ἀτίμου
1501 1546 1582 1585 ταῖν

157 1609 453 1662 προσκυνητῶν
481 1606 649 1649 εἰκόνων
682 1609 1024 1662 κατεδαφίσεως]
1077 1604 1112 1649 αἳ
1140 1611 1213 1662 τῆς
1253 1609 1334 1649 τῶν
1373 1606 1581 1660 λειψάνων

155 1674 239 1713 τῶν
267 1672 373 1726 ὑπὲρ
398 1674 587 1725 Χριστοῦ
610 1670 826 1713 παθόντων
852 1675 939 1715 κατ’
967 1674 1126 1726 ἐναγῶν
1152 1673 1393 1722 α’κοντίσεως
1419 1671 1583 1715 τόπωνέ

252 1772 302 1804 13.
328 1769 458 1817 α’δεῶς]
485 1769 647 1807 ἀναιδῶς
669 1770 717 1811 A,
745 1769 1013 1815 ἀπανθρώπως
1037 1772 1076 1806 Β.
1171 1782 1226 1805 20.
1253 1770 1387 1826 ὤμοι]
1415 1773 1489 1817 φεῦ
1509 1783 1582 1817 μοι

245 1818 299 1853 εἰς
321 1815 669 1896 τῆνὶκατανλᾰτησιν
703 1819 779 1852 τῶν
812 1816 935 1863 ἁγίων
968 1819 1032 1851 καὶ
1065 1827 1334 1863 προσκυνητων
1361 1819 1519 1854 εἰκόνων
1540 1819 1580 1855 Β.

249 1873 303 1896 22.
329 1875 395 1896 κατ
435 1873 492 1895 om
550 1887 560 1898 .

155 1963 234 1991 ctae
261 1958 469 1991 Latinorum
494 1957 658 1992 cohortes
681 1962 914 2004 apparerent,
947 1959 1032 1992 inde
1066 1958 1218 1993 discedit
1242 1963 1280 1992 et
1312 1959 1395 2003 fuga
1426 1959 1576 1992 salutem

155 2004 308 2050 quaerit.

247 2050 375 2083 Hostes
411 2060 495 2082 vero
537 2061 616 2083 cum
657 2055 798 2094 praeter
842 2051 1126 2095 expectationem
1172 2061 1268 2083 arma
1319 2056 1442 2084 contra
1484 2051 1576 2085 ferre

153 2097 356 2137 neminem,
384 2097 562 2128 neminem
591 2097 756 2129 resistere
788 2102 993 2136 cernerent,
1027 2097 1146 2129 omnia
1175 2097 1284 2140 plana
1318 2102 1355 2129 et
1389 2097 1577 2141 expedita,

153 2144 358 2187 angiportus
383 2143 547 2186 pervios,
578 2143 683 2175 trivia
707 2149 853 2187 aperta,
881 2155 901 2175 a
932 2143 1031 2176 hello
1061 2142 1310 2183 securitatem,
1340 2142 1386 2175 ab
1412 2143 1576 2177 hostibus

153 2189 347 2222 utilitatem
380 2199 468 2221 esse.
492 2189 636 2222 fortuna
661 2189 812 2233 quadam
846 2190 1002 2234 propitia
1033 2195 1070 2222 et
1095 2189 1280 2230 adiutrice,
1305 2189 1472 2223 omnibus
1495 2202 1577 2224 cum

154 2235 317 2268 crucibus
344 2241 380 2269 et
403 2235 509 2268 sacris
537 2235 667 2268 Christi
691 2236 927 2279 imaginibus,
952 2241 992 2268 ut
1022 2236 1060 2268 in
1082 2236 1224 2280 pompis
1256 2241 1292 2268 et
1321 2236 1578 2270 festivitatibus

153 2282 259 2314 moris
285 2287 359 2322 est,
389 2282 531 2314 obviam
551 2282 826 2326 prodeuntibus,
848 2281 941 2314 nihil
967 2293 1009 2315 eo
1034 2287 1226 2326 conspectu
1251 2281 1413 2316 habitum
1440 2284 1577 2316 animo-

154 2338 232 2360 rum
255 2328 506 2369 immutarunt,
531 2339 650 2373 neque
675 2329 870 2361 arriserunt
893 2328 1099 2373 paululum,
1120 2339 1188 2361 nec
1208 2328 1389 2372 insperato
1414 2329 1479 2362 illo
1496 2341 1578 2374 spe-

154 2374 294 2407 ctaculo
317 2374 430 2407 tristis
467 2380 504 2408 et
527 2375 682 2407 furiosus
707 2386 829 2407 eorum
855 2375 1009 2419 impetus
1039 2375 1220 2419 mitigatus
1246 2381 1324 2415 est,
1356 2386 1429 2419 quo
1460 2376 1580 2408 minus

154 2431 227 2452 non
250 2425 388 2453 tantum
414 2421 629 2465 privatorum
658 2421 867 2465 pecuniam,
900 2432 921 2454 a
944 2421 1110 2454 iumentis
1135 2421 1329 2464 auspicati,
1358 2421 1421 2454 sed
1448 2427 1484 2454 et
1507 2421 1575 2453 deo

155 2477 254 2498 sacra
278 2466 502 2510 impudenter
525 2467 741 2512 diriperent,
769 2467 900 2500 strictis
929 2466 1096 2507 ensibus,
1128 2478 1239 2511 equos
1264 2467 1309 2499 ad
1336 2467 1445 2500 tubae
1476 2467 1576 2499 soni-

155 2516 231 2544 tum
256 2513 401 2544 excitari
424 2513 547 2546 solitos
572 2514 611 2546 in
635 2514 739 2546 armis
763 2519 939 2548 tenentes.
961 2513 1050 2558 quid
1072 2524 1155 2546 vero
1182 2513 1307 2557 primo,
1333 2513 1422 2557 quid
1447 2523 1575 2545 secun-

156 2558 223 2596 do,
248 2557 336 2602 quid
369 2559 474 2594 tertio
498 2560 577 2592 loco
605 2560 754 2592 reseram
782 2571 824 2593 ex
847 2560 890 2592 iis
918 2570 1010 2604 quae
1039 2559 1166 2592 nefarii
1194 2559 1255 2592 isti
1291 2559 1358 2591 viri
1392 2564 1576 2602 perpetra-

157 2603 267 2636 runt?
306 2603 377 2635 heu
411 2604 681 2647 ignominiosam
719 2605 976 2639 adorandarum
1013 2605 1204 2649 imaginum
1247 2604 1576 2637 conculcationem!

155 2650 227 2682 heu
267 2649 496 2694 reliquiarum
529 2658 731 2685 sanctorum
766 2658 958 2695 martyrum
996 2652 1036 2684 in
1070 2651 1174 2684 foeda
1206 2651 1284 2682 loca
1322 2649 1576 2681 abiectionem!

155 2694 253 2739 quod
277 2706 360 2728 vero
385 2695 443 2729 vel
465 2696 590 2729 auditu
613 2697 830 2743 horrendum
859 2703 935 2738 est,
959 2697 995 2730 id
1023 2703 1098 2730 tum
1127 2702 1203 2729 erat
1228 2705 1391 2734 cernere,
1419 2700 1459 2727 ut
1483 2694 1575 2727 divi-

153 2753 226 2776 nus·
249 2742 388 2786 sanguis
414 2746 452 2774 et
475 2752 603 2787 corpus
626 2742 757 2778 Christi
787 2743 886 2780 humi
919 2743 1160 2778 effunderetur
1189 2747 1226 2774 et
1259 2741 1483 2775 abiiceretur.
1511 2741 1576 2787 qui
