1878 3230
241 162 352 229 640
667 174 896 216 NICETAE
936 171 1246 212 cuonTAE
1437 181 1467 196 2<

240 293 310 330 της
349 270 608 330 ἑρευνητικὸν
653 269 723 311 καί
764 267 1124 323 ἑρασιχρήματον,
1161 265 1264 320 ἔγνω
1310 268 1368 322 μὴ
1404 269 1473 312 ἐπὶ
1503 270 1663 327 μακρὸν

241 338 424 382 ἐθελοντὶ
447 337 666 391 ἀτρεμεῖν,
699 335 788 376 ἀλλ’
826 330 853 389 ἢ
880 331 984 374 κατὰ
1014 332 1275 385 τοῦπίταγμα
1312 335 1386 374 τοῦ
1413 335 1562 390 ταύτης
1591 335 1665 378 ἄν-

243 402 341 459 δρὸς
366 401 439 450 τὰς
466 399 714 456 προβλὴσεις
737 398 927 453 γίνεσθαι
948 395 1161 451 α’πράτους
1189 391 1216 450 ἢ
1246 398 1344 450 γοῦν
1370 395 1443 452 την
1461 401 1669 451 βασίλειον

242 468 374 522 γάζαν
391 467 546 519 στέγειν
571 464 620 507 τὰ
644 462 933 518 ξυλλεγόμενα.
990 462 1062 503 καί
1080 460 1131 503 τὰ
1158 464 1234 514 μὲν
1254 463 1398 516 πρῶτα
1427 465 1485 512 εἰς
1513 463 1671 518 ὑπουρ-

243 533 313 587 γὸν
340 531 366 586 ἧ
394 533 560 585 βασιλίς
589 529 780 579 ἐπέταξεν
806 527 934 585 ἑαυτῇ
973 527 1041 569 τὸν
1067 530 1418 583 ,Μεσοποταμίτην
1448 531 1710 575 Κωνσταν-5

243 602 377 638 τῖνον·
433 591 485 650 ἦν
512 597 552 637 δ’
579 590 696 644 οὗτος
724 594 745 636 ὃ
780 596 880 648 παρ’
915 590 1100 650 Ἰσαακίῳ
1128 594 1182 648 τῷ
1211 592 1387 650 Ἀγγέλῳ
1419 592 1470 635 τὰ
1498 595 1674 647 μέγιστα

245 659 464 715 δυνηθείς,
509 659 651 708 καθώς
696 661 740 701 ἐν
777 666 860 709 τοῖς
906 659 1004 714 περὶ
1047 658 1201 699 ἐκείνου
1257 655 1393 712 λόγοις
1434 659 1678 713 εἰρήκειμεν.

244 725 389 767 ἔπειτα
419 728 466 767 δὲ
494 728 554 782 τῷ
581 725 707 779 α’νδρί
731 723 1034 776 καταλλάσσει,
1067 720 1224 772 δύσνως
1251 722 1331 779 πρὸ
1358 724 1430 778 τῆς
1459 720 1592 779 ἀρχῆς
1619 725 1678 772 εἰς

248 790 374 833 αὐτὸν
403 788 541 844 ἔχοντι
571 789 645 832 καί
668 789 773 844 μετὰ
808 789 884 844 τήν
915 790 990 831 τοῦ
1020 787 1196 842 κράτους
1234 785 1295 830 ἔτι
1331 789 1677 847 ἀποστρεφομένη),

246 859 393 900 τοῦτον
427 852 655 908 ἀνοίξωσιν,
684 852 749 896 ὅτι
775 870 818 896 τε
846 852 975 895 πολλὰ
1007 856 1090 895 τῶν
1128 854 1397 896 καθεστώτων
1427 854 1680 909 πραγμάτων
1697 868 1743 905 ro

244 922 477 974 Ῥωμαίοις
504 922 685 975 κεκίνηκε
721 923 797 962 τοῦ
836 921 1071 972 στασίμου,
1113 921 1186 960 καί
1225 915 1289 961 ὅτι
1328 921 1536 973 ξυγκυκῶν
1573 917 1678 961 κατὰ

249 985 424 1041 πρόοδον
448 985 522 1027 καί
547 985 848 1040 συνταράσσων
873 981 924 1026 τὰ
950 982 1167 1036 σύμπαντα
1195 983 1392 1036 οὕδαμῶς
1418 984 1571 1039 ἔληγεν.
1625 981 1680 1034 ὥς

123 1058 235 1092 Ρ.3ι3
251 1048 324 1093 οὖν
363 1051 389 1106 ἦ
428 1052 510 1093 τῶν
535 1051 680 1092 κοινῶν
709 1051 907 1105 διοίκησις
933 1049 1057 1090 πάλιν
1088 1048 1191 1104 πρὸς
1224 1047 1296 1091 τόν
1324 1050 1681 1103 ΙΙἸεσοποταμίτην

247 1115 556 1170 μετανενεύκει,
589 1113 805 1169 ἐσβεστοῆ
835 1117 918 1156 ταῖν
940 1110 1075 1155 ἄλλων
1099 1112 1243 1167 ἰσχύς,
1273 1112 1495 1169 η’μαὺρωτο
1527 1115 1573 1155 δὲ
1600 1115 1682 1156 τῶν

251 1183 308 1237 τῷ
336 1184 504 1234 βασιλεῖ
526 1181 904 1235 προσκολλωμένων
934 1179 1006 1233 τῆς
1046 1180 1291 1227 δυναστείας
1327 1177 1374 1220 τὸ
1409 1181 1523 1234 φῶς,
1562 1178 1633 1220 καὶ
1658 1178 1681 1219 ό
1699 1180 1746 1221 ι5

251 1246 395 1301 πρώην
424 1246 538 1300 παρὰ
567 1246 625 1302 τῷ
649 1248 862 1299 κρατοῦντι
901 1242 1133 1298 ἀπόβλητος
1170 1240 1426 1298 α”ξύμβλητος
1458 1246 1683 1298 τηνικαῦτα

253 1313 446 1366 ἐκρίνετο,
466 1313 588 1366 κέρας
611 1304 663 1351 ἂν
685 1305 943 1361 Ἀμαλθείας
965 1302 1067 1365 ᾤετο
1098 1309 1198 1362 παρ’
1214 1301 1351 1365 ἐκεινῳ
1369 1307 1440 1350 καὶ
1455 1308 1685 1362 πολυμιγὴς

255 1374 410 1430 κρατήρ
437 1375 607 1429 ἀγαθῶν
633 1369 661 1429 ἢ
689 1372 735 1415 τό
765 1373 879 1428 παρὰ
905 1375 963 1429 τῷ
989 1369 1081 1425 Ἰώβ
1109 1369 1373 1426 παμβότανον
1411 1375 1488 1414 τοῦ
1523 1374 1683 1426 ἀγροῦ,

256 1442 331 1482 καί
355 1442 454 1482 πᾶσι
484 1439 617 1482 πάντα
646 1440 873 1495 προσφυῶς
907 1437 982 1480 καί
1011 1438 1277 1492 καταλλήλως
1305 1437 1426 1487 εἰδώς
1463 1441 1679 1493 γίνεσθαι,

258 1508 349 1561 φῶς
366 1507 444 1558 μὲν
469 1506 709 1560 ὀφθαλμοῖς
735 1503 1085 1555 ἀναπεπταμένον,
1113 1501 1194 1557 οἷὴρ
1226 1504 1261 1543 δ’
1289 1504 1577 1557 εἷσκεχυμένος
1597 1502 1749 1558 ῥισιάο

260 1567 479 1624 ζωογόνος,
501 1569 548 1611 τὸ
575 1569 650 1610 τοῦ
677 1566 873 1623 Περόζου
904 1564 1098 1623 ἄντικρυς
1124 1567 1350 1621 μάργαρον,
1379 1567 1449 1623 ᾆεί
1475 1567 1579 1620 πρὸς
1603 1572 1688 1616 τοῖς

258 1636 339 1676 ω’σί
361 1635 435 1677 τοῦ
462 1635 668 1688 βασιλέως
697 1632 1046 1688 ἐπαιωρούμενον
1073 1634 1145 1674 καί
1171 1634 1241 1687 τῆς
1268 1630 1364 1689 ὅλης
1391 1630 1581 1684 α’ντάξιον
1611 1632 1688 1686 ἆρ-

256 1702 335 1754 χῆς
361 1698 623 1755 κρινόμενον,
650 1696 729 1740 εἴτε
754 1697 839 1752 μὴν
854 1699 1065 1752 Ἀρτέμων
1093 1697 1115 1739 ὅ
1143 1696 1424 1754 περιφόρητος
1451 1697 1522 1739 καί
1537 1693 1689 1751 Ἀργος

223 1763 283 1806 Βὸ
314 1765 605 1818 πολυόμματος
631 1762 703 1806 καὶ
738 1761 762 1804 ὅ
790 1760 1030 1818 ἑκατόγχειρ
1061 1762 1297 1820 Βριάρεως.
1353 1761 1398 1805 τὸ
1430 1763 1476 1804 δὲ
1515 1761 1564 1817 δὴ
1607 1779 1687 1803 πα·

350 1891 385 1947 h».
403 1883 708 1985 1εῑτςὲἷξῖπουργόν]
741 1889 764 1925 d·
797 1887 974 1934 βασιλεὺς
1001 1888 1050 1927 ὥς
1086 1882 1282 1936 ὑπουργὸν
1315 1888 1428 1932 αὐτῆς
1456 1888 1494 1923 Β.
1637 1898 1687 1933 ¹7·

351 1949 402 1973 “V
494 1962 503 1971 ο

263 2060 335 2083 non
379 2048 543 2082 ferendas
581 2048 728 2081 duceret
767 2055 898 2094 (neque
938 2047 1030 2080 enim
1077 2046 1294 2091 diligentiam
1334 2051 1370 2080 et
1400 2046 1577 2080 avaritiam
1615 2047 1689 2080 eius

264 2097 376 2128 latere
399 2095 597 2140 poterant),
625 2106 697 2127 non
721 2094 780 2128 ‹liu
806 2095 874 2127 sibi
908 2093 1160 2138 quiescendum
1186 2099 1278 2134 rata,
1315 2098 1375 2127 aut
1397 2094 1617 2137 magistratus
1648 2103 1690 2125 ex

266 2141 383 2174 edicto
410 2141 631 2185 imperatoris
656 2152 727 2174 non
747 2140 996 2173 nundin-andos
1020 2145 1082 2172 aut
1096 2140 1280 2172 collectam
1303 2140 1487 2183 pecuniam
1510 2140 1547 2171 in
1571 2139 1690 2172 fiscum

266 2198 344 2219 esse
372 2186 591 2218 referendam
615 2187 761 2220 censuit.
786 2198 826 2219 ac
851 2187 1025 2232 principio
1051 2186 1125 2218 eius
1151 2185 1304 2218 instituti
1337 2185 1534 2218 ministrum
1568 2184 1692 2228 deligit

265 2233 618 2276 Mesopotamitanum
643 2233 932 2273 Constantinum,
958 2233 1056 2265 cuius
1083 2231 1177 2276 apud
1201 2232 1368 2263 Isaacium
1393 2240 1559 2263 summam
1583 2231 1691 2263 fuisse

266 2278 510 2311 auctoritatem
534 2278 694 2312 diximus.
733 2278 863 2312 deinde
893 2290 971 2311 eum
998 2279 1145 2319 marito,
1181 2278 1237 2310 cui
1271 2283 1308 2310 et
1340 2282 1422 2309 ante
1458 2277 1692 2321 principatum

265 2325 399 2357 invisus
426 2329 461 2356 et
482 2329 563 2367 post
586 2335 665 2357 eum
692 2336 835 2370 quoque
855 2337 978 2369 parum
1002 2329 1121 2368 gratus
1147 2329 1244 2363 erat,
1269 2321 1365 2367 quod
1387 2322 1536 2366 plurima
1560 2323 1595 2355 in
1623 2324 1692 2356 Ro-

267 2381 368 2404 mana
391 2381 427 2402 re
452 2369 595 2413 publica
616 2377 780 2404 novasset
813 2377 850 2404 et
881 2371 1129 2403 labefactasset
1170 2374 1206 2401 et
1235 2368 1444 2401 conturbare
1479 2369 1594 2401 onmia
1621 2380 1692 2402 non

270 2416 484 2455 destitisset,
510 2417 725 2450 reconciliat.
751 2418 858 2460 igitur
882 2427 1012 2449 summa
1040 2426 1155 2451 rerum
1182 2413 1298 2446 denuo
1326 2413 1371 2446 ad
1397 2414 1498 2446 illum
1526 2415 1691 2448 devoluta

269 2468 485 2505 caeterorum
511 2462 697 2494 auctoritas
733 2463 910 2506 elanguit,
945 2467 982 2494 et
1013 2461 1132 2494 lumen
1162 2461 1342 2505 potentiae
1379 2467 1602 2504 cognatorum
1627 2462 1692 2493 im-

269 2508 441 2554 peratoriS
467 2513 520 2540 est
542 2507 779 2542 obscuratum.
813 2509 874 2552 qui
898 2518 982 2540 vero
1015 2506 1147 2539 dudum
1181 2506 1224 2538 ab
1257 2507 1467 2550 imperatore
1490 2518 1553 2551 pro
1578 2507 1691 2540 nihilo

269 2553 483 2600 putabatur,
507 2559 581 2587 tum
605 2554 720 2586 omnia
745 2559 906 2598 poterat,
944 2558 980 2586 et
1014 2563 1104 2585 unus
1142 2558 1217 2585 erat
1251 2553 1361 2585 instar
1394 2554 1568 2594 omnium,
1601 2565 1690 2586 unus

271 2601 387 2634 omnia
411 2605 505 2632 recte
534 2605 707 2640 statuere,
731 2611 820 2632 unus
845 2599 998 2632 omnium
1022 2599 1177 2631 moribus
1205 2609 1243 2631 se
1274 2599 1550 2640 accommodare,
1576 2601 1689 2632 omnia

272 2646 433 2680 omnibus
456 2657 519 2690 pro
554 2644 723 2690 dignitate
747 2657 850 2690 posse
883 2644 1041 2678 tribuere
1071 2645 1284 2689 putabatur,
1327 2651 1362 2678 et
1393 2646 1436 2678 ab
1473 2646 1690 2690 imperatoris

273 2694 384 2727 latere
410 2703 588 2738 nunquam
613 2691 828 2727 discedebat.
854 2702 930 2725 eam
954 2692 1209 2737 inexpectatum
1239 2693 1468 2726 mutationem
1498 2704 1574 2726 cum
1607 2694 1688 2734 alii,
