1838 3210
446 196 523 239 DE‘
555 197 811 239 MANUELE
850 196 1113 239 COMNENO
1151 196 1251 238 Lm.
1272 198 1343 237 v1.
1514 178 1622 245 245

185 304 273 349 ταῖς
300 299 381 340 τῶν
408 297 667 351 μεγιστάνων
689 296 829 338 αὐτοῦ
854 294 1214 350 ὖποθημοσύναις,
1241 295 1359 351 οἵπερ
1387 292 1627 350 οἰπήντλουν

187 366 448 420 ιῖμφοτέραις
483 365 529 406 ἐκ
569 364 772 417 βασιλέως
811 359 913 402 κατὰ
954 360 1026 403 τὸν
1059 363 1133 415 τῆς
1188 361 1354 417 εἰρήνης
1387 360 1533 414 καιρὸν
1575 359 1629 402 τὰ

187 429 398 485 χρήματα,
428 431 599 482 πέμψας
625 429 846 482 πρεσβείαν
876 425 1062 481 εἰρηνικά
1082 429 1316 481 διαλέγεται
1343 428 1416 469 καί
1440 423 1514 481 τὴν
1532 441 1629 468 συν-

188 496 409 549 ομολογιόιν
449 493 506 542 ὥς
552 492 696 548 πρώην
725 487 852 540 αὖθις
893 494 1106 546 ἐπιζητεῖ,
1133 492 1389 549 προφθάνων
1414 489 1502 536 οἷον
1527 506 1633 547 προ-

153 562 393 614 ὄαιρετῶς,
432 560 508 601 τοῦ
542 559 774 612 κρείττονος
809 558 1103 613 ἐποτρύνοντος
1115 591 1127 610 ,
1165 557 1241 600 τὸν
1282 559 1549 613 ἀναγκαστῶς
1589 559 1634 607 ἐς

187 623 262 674 τοὶς
299 622 528 678 συμβάσεις
561 624 775 677 βλέψαντα
816 618 989 664 ἄνακτα.
1059 621 1096 664 οἱ
1125 624 1170 664 δὲ
1203 622 1254 678 δὴ
1296 626 1469 679 Πέρσαι
1509 623 1635 678 μήπω

188 693 270 732 τῶν
297 688 402 731 κατὰ
431 686 582 731 σκοπὸν
619 689 678 746 τῷ
704 686 918 746 σουλτάνῳ
952 689 1249 744 ἐκφανθέντων
1280 687 1371 741 ἅμα
1397 691 1450 747 ἕῳ
1479 688 1637 745 προσή-

189 760 343 798 λαυνον
372 752 430 804 ὦς
455 751 758 807 κυκλωσόμενοι
774 755 1010 806 Ῥωμαίους
1038 754 1112 796 καί
1141 750 1281 810 ὥσπερ
1313 749 1418 808 ὄψον
1444 755 1641 809 εὐτρεπὲς

190 822 263 863 καί
288 823 385 863 καθ’
413 818 549 876 ὅρμὴν
580 822 695 873 μιάν,
734 815 804 862 οἷα
831 821 981 874 θῆρες,
1011 819 1292 876 λαφύξοντες,
1322 817 1351 875 ἢ
1379 819 1436 871 ὥς
1465 822 1641 874 ἐγκατα-

111 885 181 934 >10
193 889 439 940 λελειμμένα
469 885 531 944 ῷά
552 888 626 928 καί
644 883 815 928 νοσσιοὶν
844 885 1004 941 ἐρήμην
1033 885 1284 936 α’πάξοντες.
1311 888 1640 941 περιστείχοντες

190 952 332 994 τοίνυν
359 951 428 994 τὸν
453 949 627 1007 χάρακα
653 949 752 1001 τούς
796 950 914 999 ἐντὸς
942 951 1231 1005 κατετόξευον,
1258 951 1392 1008 κύκλῳ
1421 948 1642 1005 περιελαύ-

191 1033 328 1066 νοντες
353 1019 427 1059 καί
450 1019 722 1073 βαρβαρικῶς
753 1016 1044 1068 α’λαλοίζοντες.
1100 1015 1300 1070 βασιλεὺς
1329 1012 1404 1058 οὖν
1432 1015 1687 1071 ἑγκελεύε-Ῑ)

193 1099 267 1125 ται
293 1082 458 1140 Ἰωάννῃ
496 1084 555 1141 τῷ
596 1085 671 1125 τοῦ
712 1083 909 1136 Ἀγγέλου
946 1082 1274 1124 Κωνσταντίνου
1310 1080 1390 1139 υἱῷ
1424 1080 1528 1134 μετὰ
1565 1083 1644 1123 τοῦ

195 1147 391 1197 συνόντος
425 1149 567 1206 ἐκείνῳ
605 1148 815 1202 τάγματος
849 1154 935 1196 τοῖς
972 1149 1167 1203 Πέρσαις
1206 1151 1485 1202 προσβαλεῖν·
1543 1145 1566 1188 ὅ
1597 1149 1645 1189 δὲ

138 1213 302 1260 ι5κατοὶ
329 1211 403 1268 τὴν
442 1211 660 1269 βασιλικὴν
688 1213 884 1268 ἐπιταγὴν
922 1215 1164 1255 α’ναστελεῖν
1188 1212 1285 1263 τούς
1317 1211 1530 1268 Τούρκους
1554 1227 1648 1254 πει-

197 1283 349 1340 ρᾶται,
377 1281 499 1323 ου’δὲν
528 1281 576 1322 δέ
606 1296 645 1322 τι
686 1281 759 1322 καί
790 1276 949 1334 δράσας
987 1285 1176 1333 γενναῖον
1206 1281 1513 1335 παλίνστροφος
1540 1280 1649 1333 γίνε-

196 1363 281 1390 ται.
336 1347 382 1388 ὲκ
424 1348 471 1389 δὲ
509 1345 659 1388 τούτου
703 1345 727 1386 ὁ
768 1345 1083 1401 Μακροὸούκας
1109 1349 1428 1394 Κωνσταντῖνος
1464 1343 1540 1400 τήν
1575 1342 1648 1386 ὕπ’

199 1408 330 1455 αὖτὸν
359 1411 495 1467 ἐξάγει
523 1410 724 1467 στρατιὰν
751 1413 799 1454 ἐκ
817 1413 900 1454 τῶν
918 1408 1463 1469 ἕῴωνσῗρατολογουμένην
1488 1410 1649 1466 ταγμά-
1662 1425 1703 1459 v,
1723 1434 1788 1458 100

199 1491 308 1520 των·
366 1477 474 1520 α’λλοὶ
512 1479 584 1520 καὶ
622 1472 741 1527 οὗτος
779 1475 932 1533 μικρόν
959 1493 1002 1519 τι
1033 1477 1179 1533 φανείς
1203 1477 1498 1538 ὖπενόστησεν.
1554 1476 1574 1518 ὅ
1604 1477 1654 1518 δέ

139 1558 248 1598 αογε
287 1542 507 1593 σουλτάνος
544 1544 697 1596 πέμπει
738 1541 845 1597 πρὸς
881 1543 1059 1596 βασιλέα
1089 1544 1129 1584 Γ
1128 1543 1267 1598 αβρᾶν
1309 1541 1360 1584 τὰ
1393 1545 1543 1598 πρῶτα
1570 1543 1653 1584 ταῖν

202 1610 301 1662 παρ’
331 1604 443 1665 αὕτῷ
470 1611 544 1650 καί
569 1610 840 1663 τετιμημένον
869 1607 922 1650 τα“
952 1610 1155 1661 μέγιστα·
1209 1607 1254 1650 τὸ
1286 1610 1325 1649 δ”
1348 1605 1430 1649 οἷπό
1461 1609 1583 1650 τοῦδε
1613 1608 1658 1648 οἳ

202 1689 250 1717 τε
286 1675 464 1729 Τοῦρκοι
490 1674 536 1715 ἐκ
563 1674 843 1730 παραγγελίας
869 1675 945 1716 τοῦ
977 1671 1251 1730 προσβάλλειν
1271 1671 1524 1729 περιστοίδην
1552 1675 1654 1715 α’πέ-

300 1822 333 1856 3.
358 1821 512 1867 πέμψας
545 1819 867 1867 α’ποκρισιαρίους
902 1813 1000 1867 πρὸς
1036 1821 1196 1864 βασιλέα
1229 1819 1348 1854 πάλιν
1378 1821 1467 1866 περὶ
1508 1819 1656 1864 εἰρήνης

300 1867 515 1913 διαλέγεται
548 1870 611 1901 καὶ
647 1870 746 1910 ζητεῖ
782 1870 980 1912 πληρῶσαι
1016 1861 1084 1902 τὸν
1106 1869 1259 1912 βασιλέα
1282 1866 1363 1914 μετ’
1398 1867 1565 1910 ἀνάγκης
1591 1868 1658 1899 καὶ

301 1917 384 1958 βίας
417 1913 515 1959 ἅπερ
556 1916 745 1960 πρότερον
780 1919 899 1960 χωρὶς
933 1918 1014 1959 βίας
1050 1916 1249 1960 πληρῶσαι
1291 1914 1363 1948 οὐκ
1402 1914 1587 1956 ἠθέλησεν
1618 1914 1658 1945 Β.

301 1963 334 2005 4.
359 1963 634 2005 προαιρετικοῖς
659 1963 700 1995 Α.
839 1974 870 2006 7.
899 1964 950 1995 τώ
978 1959 1141 1996 σουλτάν
1168 1960 1311 2007 οἷπεκφ.
1339 1962 1379 1994 Α,
1512 1971 1564 1995 ιο.
1593 1969 1661 1993 πε-

303 2007 569 2054 ριστείχοντες]
597 2010 952 2053 περιστοιχίσαντες
977 2010 1017 2041 Α.
1113 2018 1167 2041 20.
1191 2006 1335 2053 γαβρὰν
1363 2005 1431 2041 τὸν
1455 2005 1502 2041 τὰ
1527 2009 1660 2054 πρῶτα

300 2056 377 2090 ταῖν
399 2055 490 2101 παρ’
511 2056 613 2090 αὐτῶ
638 2054 885 2102 ω’κειωμένων
908 2056 973 2088 καὶ
997 2056 1254 2101 τετιμημένων
1276 2055 1443 2102 μάλιστα
1465 2057 1506 2087 A.

211 2173 554 2218 sarum‘principem
578 2177 820 2205 transversum
844 2172 941 2216 egit,
977 2177 1018 2205 ut
1046 2182 1234 2217 procerum
1268 2171 1429 2204 consiliis
1462 2171 1660 2215 impulsus,

211 2220 344 2265 quibus
377 2225 539 2264 tempore
574 2219 672 2264 pacis
706 2218 751 2251 ab
778 2220 995 2263 imperatore
1020 2219 1175 2264 pecunia
1201 2218 1394 2259 affluebat,
1433 2229 1498 2262 per
1523 2219 1660 2262 legatos

208 2267 309 2300 ‘ultro
332 2267 432 2311 prior
455 2266 629 2299 divinitus
657 2276 782 2310 pacem
810 2266 1021 2310 imperatori
1044 2268 1200 2306 offerret,
1229 2277 1336 2310 quam
1362 2266 1392 2297 is
1422 2271 1572 2308 urgente
1597 2276 1662 2297 ne-

213 2313 383 2346 cessitate
408 2314 588 2358 petiturus
615 2318 710 2353 erat,
736 2318 772 2345 et
794 2313 981 2357 pactiones
1006 2324 1149 2352 rursus,
1175 2318 1216 2344 ut
1240 2318 1336 2352 ante,
1362 2311 1551 2355 flagitaret.
1579 2313 1664 2344 Per-

213 2371 272 2394 sae
295 2370 399 2400 vero,
433 2359 575 2392 Sultani
612 2359 764 2392 consilio
792 2359 952 2391 nondum
987 2359 1186 2404 patefacto,
1221 2365 1336 2391 castra
1361 2358 1522 2391 diluculo
1549 2370 1665 2403 oppu-

213 2412 359 2451 gnatum
393 2407 519 2447 ibant,
557 2417 629 2438 uno
657 2406 794 2450 impetu
831 2408 1007 2440 Romanos
1044 2405 1192 2439 delendi
1227 2417 1290 2450 spe
1326 2411 1510 2449 concepta.
1540 2406 1665 2449 itaque

215 2465 294 2486 cum
320 2452 508 2486 barbarico
546 2453 685 2485 eiulatu
721 2452 979 2496 obequitat-ent
1019 2458 1056 2486 et
1084 2453 1217 2486 milites
1244 2453 1339 2486 intra
1361 2452 1498 2485 vallum
1526 2451 1664 2496 sagittis

216 2499 454 2540 conficerent,
480 2499 659 2532 Iohannes
676 2499 904 2532 Constantini
923 2500 1049 2544 Angeli
1074 2499 1170 2532 filius
1199 2510 1278 2532 cum
1308 2511 1372 2531 sua
1395 2498 1562 2539 cohorte,
1591 2498 1667 2529 ius-

218 2556 260 2578 su
287 2546 539 2589 imperatoris,
573 2545 620 2578 ad
656 2546 857 2579 Turcorum
881 2547 1056 2591 impetum
1088 2545 1358 2591 reprimendum
1382 2545 1575 2590 egreditur.
1602 2543 1668 2587 qui

219 2602 303 2624 cum
328 2592 430 2625 irrito
453 2597 584 2626 conatu
600 2618 609 2633 ‚
633 2593 738 2625 nullo
767 2592 854 2626 forti
887 2594 1047 2626 facinore
1073 2593 1173 2626 edito
1189 2618 1199 2634 ,
1222 2592 1408 2633 rediisset,
1433 2589 1668 2625 Macroducas

219 2638 477 2671 Constantinus
505 2639 699 2672 orientales
725 2640 847 2683 copias
875 2640 1008 2674 educit.
1035 2638 1099 2673 sed
1122 2639 1152 2672 is
1177 2650 1323 2685 quoqne
1350 2650 1423 2671 non
1447 2638 1562 2670 multo
1586 2640 1670 2680 post

220 2685 260 2717 in
286 2689 400 2716 castra
423 2695 460 2717 se
485 2686 630 2729 recepit.
657 2686 795 2719 interea
821 2686 991 2720 Sultanus
1017 2686 1175 2720 Gabram
1191 2712 1200 2727 ,
1230 2685 1548 2718 honoratissimum
1575 2683 1671 2716 inter

222 2741 306 2764 suos
337 2735 514 2774 satrapas,
548 2731 594 2764 ad
626 2732 878 2777 imperatorem
904 2734 1035 2774 mittit3
1072 2733 1174 2766 cuius
1198 2734 1296 2765 iussu
1325 2730 1434 2763 Tur-ci
1462 2738 1671 2775 oppugnare

222 2777 360 2813 vallum
396 2775 601 2819 desistunt,
625 2783 662 2811 et
695 2779 844 2811 Romani
872 2780 962 2813 clam
995 2778 1197 2812 subducere
1224 2790 1300 2811 sese
1331 2776 1512 2810 desinunt.
1542 2777 1571 2810 is
1599 2775 1672 2808 Ga-
