1878 3230
253 164 369 230 446
671 177 897 220 ΝιοΕΤΑΕ
933 173 1244 218 cnoNiATAE

255 286 340 330 ψας
365 278 438 331 τήν
468 277 634 329 ἡμίονον
660 270 688 331 ᾗ
717 272 867 327 ἔποχος
889 269 953 326 ἦν,
985 274 1055 314 καί
1078 272 1213 325 συχνὰ
1243 275 1458 327 κεντρίζων
1487 278 1559 331 τὴν
1577 278 1672 332 ἦμί.

208 342 218 347 ⁴
255 356 399 395 κερκον
425 342 497 393 τῆς
525 337 669 389 ἐξόδου
701 334 810 386 ἅπας
833 339 1001 391 γίνεται.
1043 338 1134 379 ἀλλ’
1152 333 1266 378 οὔπω
1293 338 1474 391 ἀκριβῶς
1502 341 1578 395 τὴν
1597 344 1678 383 mi-

255 411 327 459 λην
359 403 617 458 διεληλύθει,
644 402 716 444 καί
744 403 766 443 ὅ
796 402 994 451 Ἰσαάκιος
1034 402 1199 457 καιρίαν
1226 401 1392 457 κατάγει
1420 403 1492 445 καί
1520 407 1677 460 πλήττει

254 469 358 511 ‚eard
386 472 513 521 μέσον
540 466 586 508 τό
617 470 784 522 κρανίον
810 467 882 509 τόν
909 467 1105 509 δείλαιον.
1159 469 1231 509 καί
1259 469 1357 524 διχῇ
1394 467 1541 511 διελών
1576 471 1680 511 ἐκεῖ.

254 550 323 576 νον
347 535 424 586 μὲν
452 534 505 590 ἐᾷ’
537 533 679 586 κύρμα
710 534 956 586 προκεῖσθαι
989 535 1131 585 κυσίν,
1171 532 1226 581 ὥς
1257 533 1446 588 βόσκημα
1482 532 1718 590 amaneu-5

256 601 376 650 ζοντα
405 601 476 640 καί
500 600 559 656 τῷ
586 599 677 655 ἰδίῳ
698 597 975 650 παλυνόμενον
1002 599 1160 650 αἵματι,
1190 596 1312 646 αὐτὸς
1342 599 1389 639 δὲ
1415 599 1496 640 τῶν
1524 600 1681 641 ἐκείνου

129 671 164 704 P.
177 680 243 704 220
256 664 426 705 ὀπαδῶν
453 659 500 705 ὃν
528 665 606 716 μὲν
632 663 892 717 διαθροὴσας
919 661 992 704 καὶ
1015 665 1157 718 γυμνῷ
1186 662 1297 719 μόνῳ
1326 665 1385 719 τῷ
1424 661 1555 718 ξίφει,
1598 661 1683 706 ἑτέ-

255 743 333 783 ρου
363 729 409 770 δὲ
432 727 476 770 τὸ
504 729 626 769 ω’τίον
652 726 909 784 ἀφελόμενος
936 728 1009 769 καί
1033 723 1157 768 ἄλλον
1185 721 1333 769 ἄλλοσε
1361 727 1598 782 διαστήσας,
1627 726 1684 779 ὥς

251 792 324 835 ἐπὶ
348 792 400 835 τά
433 795 553 849 σφῶν
579 793 748 834 ἕκαστον
778 791 1143 844 ἀπαλλάσσεσθαι,
1175 790 1253 849 ὅλῳ
1291 791 1442 848 ῥυτῆρι
1479 792 1580 846 πρὸς
1611 791 1684 835 τὸν

250 861 384 913 μέγαν
413 860 518 901 ἵεται
549 857 675 910 νεών,
706 857 775 898 διὰ
806 858 879 911 τῆς
907 858 1124 912 λεωφόρου
1152 858 1281 911 μέσης
1314 859 1387 898 καί
1420 860 1492 912 τῆς
1530 858 1747 912 α’γορᾶςιο

254 923 374 966 διιών
403 926 477 964 καί
509 924 610 964 πᾶσι
643 924 901 976 διαπρυσίως
940 921 1221 977 φθεγγόμενος
1253 922 1309 971 ὥς
1348 921 1593 976 διεχρήσατο
1631 923 1684 979 τῇ

252 988 396 1045 σπάθῃ
425 987 552 1045 ταύτῃ
582 986 663 1043 (ἔτι
690 986 769 1042 γὰρ
799 985 957 1041 γυμνὴν
985 985 1110 1042 ἔφερε
1140 989 1190 1043 τῇ
1217 986 1345 1044 χειρί)
1376 986 1448 1028 τόν
1473 987 1685 1041 Ἀγιοχρι·

254 1055 499 1109 στοφορίτην
527 1055 749 1108 Στέφανον.
806 1054 877 1093 καί
905 1049 925 1092 ὁ
954 1053 1030 1104 μὲν
1069 1051 1124 1100 ὥς
1165 1049 1252 1105 εἶχε
1287 1050 1355 1093 τὸν
1392 1055 1506 1093 θεῖον
1547 1050 1686 1093 εἰσιών

257 1117 357 1160 ναόν
386 1113 518 1159 ἄνεισι
546 1116 613 1159 τὸν
636 1115 924 1170 α’νὰσταθμον,
954 1116 1001 1158 ὃν
1028 1115 1065 1157 οἱ
1093 1123 1231 1172 φονεῖς
1259 1115 1528 1170 οἷνερχόμενοι
1549 1115 1604 1159 ,τὸ
1626 1118 1686 1158 οἰ-

256 1189 365 1224 κεῖον
396 1185 796 1235 α’νακεκαλυμμὲνως
823 1184 1093 1237 διατρανοῦσι
1120 1185 1418 1236 πλημμέλημα,
1441 1183 1517 1236 τὴν
1544 1183 1686 1223 ἐκτῶν
1703 1183 1749 1222 15

257 1247 470 1290 εἰσιόντων
507 1263 550 1289 τε
588 1247 660 1288 καί
695 1245 881 1298 ἐξιόντων
912 1245 963 1289 πὸ
1013 1246 1231 1301 ἱερώτατον
1274 1248 1439 1299 τέμενος
1481 1249 1688 1295 αἰτοῦντες

259 1312 536 1367 συγχώρησιν·
589 1311 636 1355 τὸ
659 1314 705 1354 δὲ
732 1314 888 1367 πλῆθος
915 1314 990 1366 τῆς
1029 1311 1184 1361 πόλεως
1223 1310 1248 1352 ὃ
1283 1315 1360 1364 μὲν
1399 1312 1581 1366 αὕτοψεί
1614 1312 1688 1353 τὸν

223 1375 464 1422 ΒἸσαάκιον
490 1376 736 1432 ἐνωπτρικός
765 1380 808 1425 ἐς
841 1375 914 1418 τὸν
939 1377 1068 1431 μέγαν
1095 1375 1199 1418 νεών
1240 1378 1537 1429 ἐπελαύνοντα,
1576 1374 1602 1417 ὃ
1641 1378 1689 1418 δὲ

262 1445 322 1492 εἰς
351 1442 478 1497 α’κοὴν
503 1441 627 1484 ὠτίου
656 1442 877 1494 δεξάμενον
903 1441 950 1483 τὸ
980 1444 1193 1496 πραχθέν,
1223 1445 1387 1498 συρρέει
1413 1441 1518 1483 κατὰ
1551 1446 1687 1496 χιλιο-

261 1508 392 1556 στύας
420 1506 595 1559 αὐτίκα,
622 1507 752 1548 αὐτόν
779 1522 824 1548 τε
852 1504 1058 1559 ὀψόμενον
1082 1506 1293 1549 Ἰσαάκιον
1318 1508 1389 1548 καί
1413 1506 1457 1549 τὸ
1485 1508 1547 1548 ἐπ’
1575 1506 1762 1564 αὕτῷαο.

93 1601 95 1607 ·
128 1584 170 1619 V.
190 1569 530 1628 ι8ιγενησόμενον
557 1571 796 1627 ὀφθαλμοῖς
822 1573 965 1613 ἐθέλον
991 1575 1260 1626 παραλαβεῖν·
1293 1570 1443 1621 πάντες
1458 1571 1536 1626 γὰρ
1564 1567 1688 1627 ᾤοντο

260 1637 320 1692 μὴ
355 1634 406 1679 ἂν
433 1638 719 1679 ἑπιδεδυκέναι
753 1635 823 1678 τὸν
858 1634 976 1690 ἥλιον
987 1669 1000 1689 ,
1046 1635 1118 1677 καὶ
1142 1636 1357 1678 Ἰσαάκιον
1395 1640 1688 1691 συλληφθέντα

261 1704 359 1757 παρ’
385 1703 650 1757 Ἀνδρονίκου
680 1703 810 1744 τίσειν
839 1702 955 1751 δίκας
981 1700 1056 1750 τὰς
1083 1698 1356 1756 ἀνηκέστους,
1392 1700 1465 1743 καί
1489 1705 1689 1758 τιμωρίας

199 852 216 868 ⁴

353 1826 386 1858 6.
412 1822 700 1878 πλυνόμενονΑ.
776 1824 826 1856 ¹3.
850 1818 1051 1881 τόνθεῖον]
1079 1820 1174 1858 16—-
1194 1823 1399 1881 τέμενοςΑ.
1475 1824 1524 1869 14.
1547 1822 1686 1870 ἄνεισι]

353 1869 482 1904 ἐπάνω
504 1871 572 1903 τοῦ
596 1870 717 1903 τόπου
740 1873 804 1910 τῆς
823 1869 1039 1914 α’ναβάθρας
1066 1870 1102 1903 Β.
1179 1871 1228 1904 ι5.
1257 1869 1619 1916 α’νακεκαλυμμένως
1632 1882 1690 1904 om

352 1917 394 1949 A.
493 1917 543 1951 18
567 1911 813 1962 ἐνωπτρικός]
839 1916 1079 1962 θεασάμενον
1101 1917 1139 1950 Α
1233 1926 1287 1949 22.
1316 1916 1493 1951 ἐπιδῦναι
1515 1917 1552 1949 Α.

265 2022 363 2054 dium
391 2020 556 2062 dissecta,
580 2032 733 2067 eumque
760 2023 906 2067 pecudis
936 2023 1047 2055 instar
1074 2022 1112 2055 in
1131 2033 1195 2055 suo
1220 2022 1390 2066 sanguine
1413 2022 1646 2067 palpitantem
1671 2034 1691 2055 a

266 2068 414 2100 canibus
439 2067 680 2101 devorandum
705 2068 888 2113 relinquit.
925 2074 961 2101 et
996 2080 1074 2101 cum
1103 2079 1146 2100 ex
1173 2069 1248 2101 eius
1281 2069 1452 2101 ministris
1481 2068 1589 2100 alium
1614 2069 1690 2101 solo

269 2114 391 2146 stricto
417 2113 535 2156 gladio
554 2114 737 2168 fugasset,
763 2116 825 2147 alii
850 2115 1046 2147 auriculam
1083 2120 1321 2159 amputasset,
1352 2115 1441 2147 alios
1474 2113 1691 2155 ‹lisiecisset,

266 2165 310 2192 nt
334 2159 477 2195 domum
501 2160 655 2205 quisque
680 2172 778 2193 suam
801 2166 1047 2202 reverteretur,
1072 2161 1162 2193 laxis
1187 2161 1337 2193 habenis
1358 2160 1403 2193 ad
1420 2171 1583 2203 magnum
1602 2165 1692 2193 tem-

268 2206 367 2250 plum
393 2205 596 2248 contendit3
633 2211 669 2239 et
693 2206 776 2240 dum
810 2218 874 2251 per
898 2207 1050 2240 mediam
1080 2208 1172 2240 viam
1200 2212 1236 2239 et
1271 2207 1384 2238 forum
1419 2207 1584 2246 cursitat,
1619 2207 1692 2239 alta

268 2262 354 2284 voce
380 2252 509 2284 clamat
536 2263 573 2284 se
597 2262 640 2285 eo
666 2263 770 2294 ense,
796 2264 901 2297 quem
925 2254 1086 2286 strictum
1110 2253 1226 2285 adhuc
1250 2247 1460 2292 sustinebat,
1485 2252 1693 2296 Hagiochri-

270 2297 506 2341 stophoritam
531 2298 750 2341 Stephanum
783 2299 964 2331 occidisse.
988 2299 1159 2343 templum
1185 2309 1226 2331 eo
1252 2297 1378 2330 habitu
1404 2299 1579 2341 ingressus
1616 2309 1693 2331 enm

269 2343 389 2377 sedem
418 2343 636 2384 conscendit,
660 2344 697 2376 in
722 2356 791 2389 qua
819 2345 1020 2378 homicidae
1046 2356 1148 2378 suum
1172 2344 1308 2376 facinus
1334 2349 1550 2388 exponentes
1575 2345 1648 2377 ab
1638 2356 1694 2378 m-

270 2389 515 2434 gredientibus
541 2395 577 2422 et
600 2389 866 2433 egredientibus
890 2392 1028 2423 veniam
1055 2396 1192 2435 petunt.
1217 2391 1352 2422 urbana
1378 2401 1461 2423 vero
1487 2390 1694 2432 multitudo,

270 2447 365 2482 quae
391 2436 521 2481 partim
549 2437 720 2468 Isaacium
748 2438 968 2481 equitantem
993 2437 1132 2479 viderat
1157 2437 1287 2480 partim
1313 2447 1356 2468 ex
1384 2437 1463 2468 aliis
1492 2436 1529 2468 id
1557 2437 1694 2470 facinus
1735 2462 1739 2466 .

272 2483 455 2523 audierat,
478 2483 630 2515 maximo
656 2493 803 2515 numero
828 2484 948 2515 statim
968 2483 1012 2515 ad
1038 2482 1209 2526 templum
1237 2483 1397 2522 confluit,
1423 2488 1499 2515 tum
1523 2488 1562 2516 ut
1579 2483 1694 2528 ipsum

271 2529 394 2562 videat
416 2529 606 2569 Isaacium,
632 2533 708 2560 tum
730 2534 772 2561 ut
801 2528 889 2573 quid
915 2529 958 2561 de
993 2539 1035 2561 eo
1072 2530 1228 2561 futurum
1268 2529 1315 2561 sit
1350 2539 1465 2561 coram
1501 2529 1693 2562 intueatur.

273 2586 397 2608 omnes
426 2575 520 2608 enim
542 2573 720 2619 putabant
749 2586 828 2607 eum
854 2580 936 2608 ante
971 2575 1055 2608 solis
1083 2585 1245 2607 occasum
1283 2575 1326 2607 ab
1361 2575 1563 2608 Andronico
1599 2586 1695 2608 com-

273 2621 487 2667 prehensum
513 2621 613 2654 novis
637 2625 673 2654 et
697 2621 884 2665 exquisitis
908 2622 1092 2654 tormentis
1122 2622 1275 2654 occisum
1300 2621 1364 2661 iri,
1390 2633 1409 2654 a
1431 2627 1630 2655 veteratore
1657 2622 1694 2654 in

276 2679 318 2700 ea
347 2679 384 2700 re
413 2667 707 2711 ingeniosissimo.
734 2666 857 2700 eodem
883 2678 920 2700 se
946 2667 1085 2700 confert
1113 2667 1333 2712 eandemque
1361 2668 1573 2701 seditionem
1598 2668 1694 2700 fovet

276 2714 400 2748 Isaacii
426 2719 572 2759 patruus
597 2714 711 2747 Ducas
735 2714 885 2747 Ioannes
913 2712 1064 2759 eiusque
1099 2712 1191 2747 filius
1227 2715 1504 2754 1saacius,n0n
1533 2713 1630 2759 quod
1656 2714 1692 2747 in
