1838 3210
239 183 348 251 244
677 197 902 239 NxcETAE
941 196 1251 239 CHONlATAE

233 302 517 354 συμπίπτουσι
534 294 694 344 τούτοις
718 298 929 344 σκοπέλοις
955 297 1027 337 καί
1052 300 1139 344 τοῖς
1167 296 1360 338 πεσοῦσιν
1389 298 1570 350 α’τεχνῶς
1595 300 1663 353 ἐφ’

232 367 343 422 ἡμᾶς
372 360 529 439 mo'pfflc·
516 394 527 414 ‚
570 362 614 402 τί
638 360 737 414 ἡμῖν
764 359 836 401 καί
872 363 925 417 τῇ
947 359 1111 402 κοιλάδι
1135 360 1266 418 ταύτῃ
1293 363 1369 402 τοῦ
1395 364 1665 415 κλαυθμῶνος

233 431 306 472 καί
335 430 390 486 τιῦ
418 426 573 483 στομίῳ
594 428 669 467 τοῦ
696 422 800 482 ᾅδου
820 420 1012 481 άντικρυς
1035 425 1107 468 καί
1133 429 1190 484 τῶ
1217 429 1442 482 παρελθεῖν
1457 426 1532 477 τὰς
1559 427 1664 470 ἅνω-

232 498 392 549 μάλους
410 492 568 540 ταύτας
596 493 668 533 καί
692 491 892 546 τραχείας
913 490 1104 547 τροχιάς,·
1136 487 1165 546 ἢ
1193 494 1239 533 τί
1259 491 1365 534 ἴδιον
1392 490 1560 546 ἐπάγειν
1583 497 1668 541 τοῖς

233 557 461 614 βαρβάροις
505 558 709 611 ἐπίκλημα
749 556 937 609 εἴχομεν,
980 556 1023 598 οἳ
1054 555 1146 605 τούς
1166 554 1333 612 χώρους
1370 554 1542 607 τούτους
1570 556 1703 606 τούς5

233 621 405 671 στενούς
430 637 473 664 τε
511 624 585 663 καί
625 623 790 675 βιαίους
837 623 911 663 καί
948 620 1139 671 σκολιοὺς
1177 624 1515 678 περικαθίσαντες
1559 622 1670 677 ἡμᾶς

235 688 540 743 ἐσαγήνευσανς
572 689 644 728 καί
669 689 743 729 νῦν
771 684 880 735 ὅπως
908 686 1224 742 καταπροδίδως
1250 687 1307 738 ὥς
1333 686 1526 742 πρόβατα
1558 704 1670 744 σφα-

233 756 307 809 γῆς
343 758 429 802 τοῖς
464 754 635 808 ἐχθροῖς
646 755 689 805 ,·”
726 749 886 800 τούτοις
922 754 1158 805 μαλαχθείς
1197 752 1274 808 τήν
1318 751 1465 807 ψυχὴν
1494 751 1568 795 εἴτ’
1598 747 1671 794 οὖν

233 822 313 868 ἕως
338 819 514 874 καρδίας
541 816 713 873 δηχθείς
751 820 810 866 εἰς
843 813 989 873 ἑτέραν
1034 815 1230 873 ἐτράπετο
1260 818 1333 861 καί
1365 817 1440 874 τήν
1467 816 1572 860 κατὰ
1599 817 1671 860 τὸν

234 883 380 940 καιρὸν
407 886 558 926 ἐκεῖνον
587 885 686 925 ἐλᾶν
714 884 859 924 είλετο.
1689 898 1734 924 10

195 958 221 990 B
345 951 451 993 Ἀλλ’
481 947 503 990 ὃ
533 951 700 1003 σπέρμα
721 936 1025 1027 ἐγκαταλείπων
1056 946 1188 990 πάλαι
1215 964 1273 1005 τω
1299 949 1489 1003 Ἰσραήλ,
1519 948 1586 990 ἵνα
1611 947 1671 1004 μὴ

233 1032 292 1065 εις
322 1017 438 1064 τέλος
467 1014 735 1070 αφαντωθειή
766 1011 810 1055 τὸ
842 1014 998 1055 ἐκείνου
1028 1013 1299 1069 κληρούχημα
1327 1029 1384 1062 ως
1413 1011 1580 1067 Σόδομα
1606 1029 1675 1068 ye-

232 1080 351 1136 γονὸς
383 1097 451 1122 και
481 1079 689 1132 ομοιωθὲν
716 1095 774 1127 ως
803 1077 1030 1135 Γόμορρα,
1059 1096 1078 1121 ο
1110 1078 1319 1121 παιδεύων
1349 1095 1420 1120 και
1449 1078 1573 1121 πάλιν
1603 1077 1675 1122 ιώ-

232 1162 375 1199 μενος,
419 1145 441 1186 ὅ
482 1144 707 1187 πατάσσων
746 1143 918 1198 καὶζῆν
963 1160 1115 1198 ποιων,
1145 1161 1166 1186 ο
1205 1144 1262 1199 μὴ
1290 1143 1366 1199 τήν
1405 1144 1564 1199 ράβδον
1591 1147 1674 1187 τῶν

234 1211 495 1266 ἁμαρτωλῶν
523 1209 594 1251 ἐπὶ
619 1208 692 1251 τὸν
721 1211 871 1264 κλῆρον
899 1211 982 1251 τῶν
1004 1211 1177 1251 δικαίων
1204 1211 1263 1259 εἰς
1290 1212 1405 1260 τέλος
1424 1212 1524 1263 ἐιὸν,
1555 1205 1676 1259 οὗτος
1693 1211 1740 1253 15

232 1278 307 1319 καί
333 1276 424 1318 τότε
462 1274 509 1317 τὸ
552 1270 671 1329 ἅγιον
713 1273 835 1323 ἔθνος
873 1277 1209 1330 κατοικτειρήσας
1237 1276 1310 1317 καί
1332 1274 1392 1330 μή
1421 1276 1677 1318 ἀπώσασθαι

232 1341 417 1397 θελήσας
446 1341 598 1383 ἐπίπαν
625 1338 798 1393 κάμπτει
827 1338 900 1395 τήν
926 1343 1002 1382 τοῦ
1026 1341 1254 1383 σουλτάνου
1284 1339 1430 1395 ψυχήν
1457 1343 1516 1390 εἷς
1543 1341 1678 1394 α’ξύμ·

236 1411 369 1463 φυλον
397 1404 513 1448 ἔλεον
540 1404 584 1448 τὸ
615 1405 873 1459 καινότατον,
907 1407 980 1447 καί
1019 1404 1066 1455 ὂς
1089 1404 1164 1461 τήν
1191 1409 1270 1448 τοῦ
1294 1408 1500 1461 βασιλέως
1527 1404 1678 1461 α’ρετὴν

237 1469 484 1524 αἰδούμενος
524 1469 746 1526 πρότερον,
781 1471 874 1513 τότε
913 1470 985 1512 καί
1009 1474 1286 1520 ταΐςςέκείνου
1320 1478 1560 1527 συμφοραῖς
1587 1472 1679 1513 ἐπι-

237 1539 400 1580 κλοῖται.
460 1532 488 1590 3³7⁸
513 1538 611 1588 γοῦν
649 1536 671 1577 ὄ
711 1535 780 1577 διὰ
812 1536 954 1579 Χουσὶ
988 1535 1060 1591 τὴν
1087 1535 1307 1591 Ἀχιτόβελ
1334 1535 1556 1591 α’κυρώσας
1579 1540 1680 1590 βου-
1692 1555 1744 1582 20

238 1601 338 1658 λη’ν,
366 1603 438 1644 καί
461 1603 534 1651 τὰς
563 1604 720 1658 φρένας
749 1601 988 1652 ἀλλοιώσας
1016 1605 1090 1645 τοῦ
1113 1603 1365 1656 Ἀβεσαλώμ
1393 1604 1450 1652 ὥς
1475 1608 1558 1652 τοῖς
1583 1606 1682 1645 καθ’

238 1666 397 1710 εαυτοῦ
424 1670 498 1709 καί
527 1668 712 1722 χείροσιν
741 1669 1088 1722 ἐπαγγέλλεσθαι,
1118 1665 1248 1717 αὗτὸς
1273 1670 1345 1710 καί
1362 1668 1449 1710 τότε
1479 1666 1680 1724 τόνΠερ-

201 1731 405 1790 Οσάρχην
452 1736 669 1788 ἐξέκρουσε
707 1735 783 1775 τοῦ
816 1733 1083 1786 καθήκοντος.
1146 1736 1405 1790 παρασυρείς
1446 1731 1527 1790 γάρ
1559 1729 1682 1784 οὗτος

342 1845 394 1869 12.
419 1831 582 1880 ἐκείνου]
611 1833 758 1867 οἰκεῖον
784 1833 823 1870 Α,
945 1835 994 1868 15.
1020 1834 1074 1872 εἷς
1099 1835 1202 1871 τέλος
1226 1845 1283 1868 om
1308 1835 1347 1867 A.
1494 1835 1544 1868 16.
1569 1834 1682 1872 ἔθνος

337 1891 396 1912 om
420 1880 461 1912 A.
567 1892 615 1924 ¹7·
641 1881 764 1914 θέλων
788 1881 841 1917 εἰς
866 1880 971 1917 τέλος
994 1882 1034 1915 Α.
1183 1883 1232 1917 18.
1258 1884 1320 1914 καὶ
1350 1877 1402 1928 ἃς]
1426 1882 1523 1927 γοῦν
1550 1879 1619 1926 ὅγε
1642 1881 1682 1915 A.

336 1930 392 1962 23-
419 1925 624 1971 ὑποσυρεὶς
647 1927 688 1959 Α.

245 2027 320 2055 tum
347 2021 620 2066 praecipitasti?
665 2026 702 2055 et
728 2022 1023 2056 concurrentibus
1064 2022 1141 2055 istis
1167 2022 1323 2066 scopulis
1348 2026 1384 2054 et
1407 2021 1590 2055 montibus
1616 2028 1684 2055 nos

247 2068 395 2101 omnino
433 2079 560 2112 oppres
547 2068 655 2101 „suris
692 2069 806 2102 veluti
845 2069 1016 2102 mortario
1049 2068 1274 2102 eontudisti?
1309 2067 1526 2122 quidnobis
1551 2068 1602 2101 rei
1629 2074 1685 2102 est

249 2126 329 2147 cum
356 2115 425 2147 ista
447 2115 542 2147 valle
570 2115 687 2148 luctus
717 2120 753 2147 et
777 2115 941 2148 faucibus
969 2115 1129 2148 inferni?
1154 2127 1215 2147 cur
1238 2116 1324 2147 istos
1348 2115 1492 2158 iniquos
1519 2120 1555 2147 et
1565 2126 1641 2168 ,ιιιεΙ
1645 2126 1684 2148 e-

249 2173 307 2194 ros
332 2161 490 2193 tramites
516 2161 767 2205 penetramus?
808 2161 897 2206 quid
921 2173 985 2194 nos
1016 2162 1182 2206 privatim
1213 2161 1256 2194 de
1283 2160 1444 2193 barbaris
1473 2161 1575 2205 queri
1600 2173 1686 2206 pos·

250 2218 394 2247 sumus,
423 2208 485 2251 qui
501 2207 671 2240 violentis
695 2208 774 2241 istis
800 2208 1018 2241 anfractibus
1047 2214 1156 2253 atque
1182 2207 1352 2251 angustiis
1375 2207 1516 2240 infestis
1544 2218 1609 2240 nos
1635 2207 1687 2240 ir-

251 2254 473 2286 retiverunt?
512 2259 548 2286 et
571 2259 611 2286 tu
646 2265 711 2287 nos
735 2260 905 2299 tanquam
931 2266 1013 2288 oves
1049 2254 1258 2287 mactationi
1290 2253 1487 2286 destinata's
1512 2253 1635 2298 prodis
1647 2253 1686 2287 ?’'

250 2300 306 2332 his
334 2299 453 2331 verbis
493 2300 613 2332 animo
638 2301 799 2333 emollito
841 2312 881 2334 ac
904 2302 1025 2346 potius
1049 2301 1277 2334 consauciato
1302 2300 1492 2332 consilium
1513 2300 1686 2343 mutavit,

252 2351 290 2379 et
307 2356 384 2378 eam
409 2346 513 2389 sequi
537 2347 631 2379 viam
658 2347 819 2380 instituit
850 2359 957 2392 quam
980 2353 1121 2392 tempus
1143 2351 1333 2391 pateretur.

344 2392 531 2425 Enimvero
560 2393 590 2424 is
605 2393 669 2436 qui
694 2394 780 2425 olim
796 2395 920 2426 Israeli
937 2405 1058 2427 semen
1083 2393 1242 2437 reliquit,
1266 2403 1311 2425 ne
1336 2403 1399 2425 sua
1423 2402 1498 2425 sors
1522 2393 1685 2437 penitus,

255 2438 432 2471 Sodomae
458 2443 494 2470 et
508 2438 728 2471 Gomorrhae
742 2440 865 2480 instar,
882 2441 1105 2482 aboleretur3
1133 2440 1197 2484 qui
1212 2439 1361 2482 castigat
1378 2444 1414 2471 et
1429 2450 1547 2472 rursus
1563 2439 1686 2473 mede-

254 2490 336 2526 ωτι
366 2485 428 2529 qui
452 2485 610 2529 percutit
625 2490 660 2517 et
678 2486 796 2518 vivere
813 2487 917 2528 facit3
946 2487 1009 2531 qui
1034 2486 1201 2519 baculum
1227 2491 1454 2530 peccatorum
1470 2496 1544 2518 non
1558 2497 1687 2531 perpe—

255 2537 319 2564 tuo
335 2532 374 2563 in
396 2537 529 2564 sortem
549 2531 725 2563 iustorum
743 2534 891 2575 grassari
906 2533 1002 2576 sinit,
1024 2533 1054 2566 is
1079 2538 1155 2566 tum
1180 2543 1325 2577 quoque
1343 2532 1455 2564 sancti
1480 2533 1535 2564 sui
1561 2533 1687 2577 populi

257 2579 442 2618 misertus,
478 2587 586 2622 quem
611 2589 684 2610 non
714 2579 859 2622 penitus
884 2579 1073 2623 repudiare
1105 2578 1268 2619 volebat,
1295 2577 1436 2611 Sultani
1460 2578 1617 2611 animum
1641 2578 1688 2612 ad

257 2625 467 2657 inusitatam
498 2624 724 2656 clementiam
752 2624 883 2665 flectit,
921 2631 963 2657 ut
985 2625 1048 2669 qui
1074 2624 1206 2663 dudum
1232 2625 1411 2658 Manuelis
1436 2625 1603 2658 virtutem
1630 2636 1690 2659 ve-

260 2671 430 2711 rebatur,
471 2681 567 2703 nunc
584 2705 587 2707 μ
604 2671 681 2703 eius
709 2671 912 2704 calamitate
947 2671 1177 2715 frangeretur.
1202 2676 1265 2704 aut
1287 2677 1328 2704 ut
1352 2670 1437 2703 olim
1463 2682 1527 2715 per
1553 2671 1688 2705 Chusin

259 2716 508 2761 Achitophelis
543 2717 694 2749 consilia
717 2718 867 2758 evertit,
900 2722 937 2750 et.
970 2718 1127 2750 animum
1154 2717 1346 2751 Absolonis
1374 2719 1541 2758 mutavit,
1578 2723 1620 2752 ut
1645 2729 1687 2751 ea

262 2769 472 2808 sequeretur
497 2774 590 2809 quae
617 2763 813 2808 perniciem
840 2764 874 2797 ei
914 2764 1066 2798 allatura
1104 2769 1228 2806 erant,
1254 2765 1304 2798 ita
1331 2769 1406 2797 tum
1431 2774 1576 2811 quoque
1605 2764 1688 2799 Per-
