1838 3210
236 169 304 224 32
374 156 376 159 ’
676 183 901 228 MCETAE
941 183 1251 225 CHONJATAE

231 300 332 337 ματι
361 285 495 342 ῥοθίω
541 285 616 325 τοῦ
650 282 968 325 Κωνσταντίνου
1003 282 1260 334 ἐπικειμένου
1279 312 1292 334 ,
1329 275 1438 332 ὅμως
1476 275 1550 320 τόν
1581 278 1666 319 Εὕ-

232 350 427 405 στράτιον
446 355 607 406 φωναῖς
635 347 865 402 ὑπήλειφον
891 347 930 388 οἱ
951 346 1150 400 Ῥωμαῖοι
1179 345 1250 387 καί
1274 340 1559 398 ιίντιπλήττειν
1585 359 1666 384 αυ-

232 414 306 456 τὸν
343 414 603 470 ὖπεφιόνουν.
679 428 700 453 ο
747 412 794 454 δὲ
832 410 1027 460 πολλάκις
1065 408 1286 458 ἆνατείνας
1311 409 1387 464 τὴν
1411 413 1561 463 χεῖρα,
1595 408 1678 450 καὶ

194 481 403 534 Οὸόκησιν
431 476 752 532 παρασχόμενος
779 476 836 525 ὥς
862 474 1026 531 πλήξειε
1054 475 1129 527 τὸνἱ
1155 477 1392 527 ἀντίπαλον,
1423 473 1667 515 ὑπεστέλλε-

229 559 276 586 το
316 542 429 598 παρὰ
471 541 618 595 δόξαν,
664 539 732 585 οἷά
759 558 869 591 τινος
901 545 1094 596 Τελχῖνος
1136 540 1209 597 τήν
1254 540 1392 592 δεξιάν
1422 540 1560 596 ἐκείνῳ
1587 539 1665 579 τοῦ
1675 540 1701 581 5

229 608 415 663 πλήττειν
443 605 671 661 ἀπάγοντος
699 610 772 649 καί
798 607 902 663 πρὸς
929 606 977 649 τὸ
999 609 1104 662 δρᾶν
1121 608 1402 661 ἐκτεινομένην
1428 606 1659 659 ἐπέχοντος.
1700 611 1702 613 ’

229 673 308 725 ὄψὲ
335 675 382 715 δέ
408 688 507 715 ποτε
535 673 641 725 μετὰ
671 671 825 728 πολλὴν
866 675 943 715 τοῦ
969 673 1118 729 ξίφους
1148 673 1416 714 ταλάντευσιν
1442 668 1515 726 τὴν
1538 675 1663 726 χεῖρα

228 737 478 792 κατενεγκών
510 738 530 778 ὃ
561 737 777 780 Μακεδών
805 740 902 795 διχῇ
929 737 998 780 τὸν
1027 737 1343 780 Κωνσταντίνου
1369 734 1527 791 θυρεὸν
1555 738 1662 779 διαι·

228 808 313 857 ρεῖ,
344 803 490 859 χρῆμά
517 820 557 846 τι
583 806 771 859 πέλωρον
804 798 904 845 ὄντα
934 804 1008 845 καί
1043 800 1227 857 άτεχνῶς
1251 801 1501 856 Ἑκτόρειον·
1559 801 1663 857 πρὸς

226 865 325 925 ὅπερ
349 869 551 922 Ῥωμαῖοι
578 872 656 922 μὲν
682 867 943 924 ἐπηλάλαξαν
980 867 1085 921 μετὰ
1112 870 1305 923 πλείστης
1335 866 1386 922 δὴ
1413 870 1486 922 τῆς
1513 865 1662 923 έκπλὴ-
1679 882 1726 910 ro

225 937 353 987 ξεως,
395 934 418 975 ὅ
457 936 492 976 δ’
517 934 735 989 Ἀρμένιος
777 933 824 976 τὸ
855 931 1139 989 φυλακτήριον
1169 929 1294 974 ὅπλον
1321 930 1452 980 οὕτως
1475 933 1663 982 α’έλπτως

226 995 560 1053 ἆποβαλόμενος,
588 1001 735 1054 μηκέτι
761 1001 903 1051 μένειν
933 1000 1005 1040 ἐπὶ
1029 1001 1108 1039 τοῦ
1134 999 1388 1052 μεταιχμιόυ
1421 999 1662 1051 δυνάμενος,

225 1063 328 1106 ποσὶ
352 1062 429 1118 τὴν
465 1065 678 1120 σωτηρίαν
723 1065 914 1119 ἐπρίατο,
961 1063 1266 1118 έπαναδραμιὸν
1308 1063 1367 1112 εἷς
1408 1061 1454 1105 τὸ
1479 1062 1664 1119 γήλοφον

227 1129 283 1178 ὥς
309 1127 383 1170 τὸν
410 1129 507 1184 περὶ
550 1131 696 1183 ψυχῆς
722 1131 882 1183 τρέχων
913 1128 992 1170 σὺν
1020 1128 1196 1187 ὃξυτέρῳ
1227 1128 1454 1184 ὁρμήματι.
1510 1131 1587 1171 τοῦ
1614 1130 1664 1171 δὲ

181 1196 376 1236 Βλοιποῦ
422 1191 530 1235 κατὰ
568 1192 715 1248 χώραν
751 1195 890 1246 μένων
917 1189 1012 1235 ου’τε
1044 1192 1264 1247 Ῥωμαίων
1305 1193 1661 1250 κατεφρυάττετο,
1678 1195 1725 1235 15

224 1275 321 1301 ουτε
346 1275 432 1314 μηι
450 1261 494 1308 ἐς
521 1259 594 1300 τὸν
623 1255 782 1301 ἄνακτα
809 1261 882 1300 καί
905 1258 952 1300 τὸ
982 1260 1097 1312 γένος
1123 1261 1428 1336 θρασυστομῶν
1459 1263 1662 1314 σαπρολο-

221 1325 315 1379 γίας
343 1324 451 1366 ἱέναι
496 1326 700 1379 προέθετο
739 1327 919 1377 βέλεμνα
953 1325 997 1367 ἐν
1038 1326 1096 1382 τιὸ
1138 1324 1187 1367 τοὶ
1229 1327 1351 1380 χείλη
1379 1326 1529 1367 τείνειν
1555 1322 1660 1366 κατὰ

221 1390 374 1445 νευράν
401 1406 471 1430 και
510 1389 607 1438 τοὺς
657 1387 831 1438 ὄὸόντας
861 1391 963 1432 ωσει
978 1387 1102 1440 τόξον
1133 1391 1365 1432 διατιθέναι
1391 1391 1562 1444 κέρασιν
1586 1405 1663 1444 αρ-

221 1456 461 1509 μοζόμενον.
527 1456 752 1511 ἐρωτηθείς
791 1457 838 1497 δὲ·
865 1454 971 1510 πρὸς
1010 1457 1088 1496 τοῦ
1115 1458 1320 1508 βασιλέως
1348 1454 1371 1496 ὃ
1398 1452 1614 1497 Μακεδών
1641 1451 1664 1495 ὅ

221 1536 264 1561 τι
290 1522 401 1575 δρῶν
439 1519 512 1562 καί
538 1521 831 1573 διανοούμενος
867 1520 944 1575 τήν
974 1521 1050 1573 μὲν
1087 1526 1210 1575 χεῖρα
1237 1519 1432 1568 πολλάκις
1459 1519 1663 1579 ἀνέτεινεν
1675 1532 1726 1559 20

221 1582 278 1633 ὥς
306 1583 471 1640 πλήξων
512 1584 586 1627 τὸν
614 1583 946 1638 ἀνθιστάμενον,
973 1584 1031 1640 Ι’τό
1063 1587 1110 1628 δὲ
1137 1584 1256 1641 ξίφος
1283 1582 1394 1636 ἅπαξ
1420 1584 1660 1640 κατήνεγκε,

220 1649 375 1692 σκοπὸν
403 1647 518 1693 εἶναι’
553 1649 592 1693 οἱ
634 1649 705 1692 διὰ
742 1652 841 1704 μιᾶς
874 1649 1006 1706 ἔφατο
1036 1652 1111 1693 τοῦ
1139 1652 1287 1706 ξίφους
1314 1652 1557 1707 καταφορᾶς
1584 1649 1660 1705 τήν

221 1715 381 1757 οἷσπίδα
410 1718 482 1758 καί
503 1715 577 1758 τὸν
605 1715 734 1771 αὐτὴν
764 1716 965 1770 ἀνέχοντα
988 1717 1135 1758 διελεῖν
1159 1717 1402 1772 Ἀρμένιον·
1431 1714 1489 1764 ὦς
1515 1718 1554 1758 δ’
1571 1717 1660 1757 ἑπι-

220 1783 336 1830 τελὲς
364 1781 439 1822 οῦκ
467 1776 553 1835 εἶχε
581 1780 627 1823 τὸ
659 1781 927 1836 ἐννοούμενον
957 1781 1027 1824 διὰ
1058 1781 1103 1824 τὸ
1133 1780 1192 1836 μὴ
1221 1783 1265 1824 ἐν
1291 1782 1382 1839 χρῷ
1409 1781 1481 1824 τὸν
1508 1778 1658 1837 διάφο-

702 1863 723 1872 ae

222 1958 366 1998 perator
391 1963 472 1985 vero
499 1954 537 1985 in
562 1953 760 1986 Macedone
796 1964 894 1998 spem
915 1954 1006 1987 adeo
1033 1955 1169 1987 nullam
1195 1953 1377 1995 habebat,
1401 1959 1442 1987 ut
1466 1964 1548 1987 eum
1577 1965 1658 1988 eva-

223 2011 344 2032 surum
380 2010 458 2031 esse
498 2000 593 2031 clara
623 2010 709 2032 voce
743 2006 897 2043 negaret.
938 2001 1098 2045 quamvis
1124 2006 1244 2034 autem
1271 1999 1528 2033 Constantinus
1555 2006 1657 2034 tanto

222 2046 359 2089 impetu
383 2046 604 2078 Eustratium
638 2051 803 2089 urgeret,
840 2052 959 2079 tamen
983 2046 1137 2079 eundem
1166 2047 1314 2079 Romani
1338 2046 1657 2081 acclamationibus

223 2091 492 2131 confirmabant,
521 2096 558 2124 et
584 2095 624 2124 ut
652 2093 808 2125 vicissim
833 2093 956 2125 feriret
978 2092 1117 2125 hostem
1141 2092 1392 2126 admonebant·
1420 2093 1450 2125 is
1470 2103 1554 2125 vero
1578 2104 1658 2126 sae-

222 2149 268 2182 pe
295 2138 337 2170 el
331 2143 387 2170 ita
416 2148 522 2170 manu
549 2138 651 2182 quasi
677 2149 926 2182 percussurus,
950 2145 1093 2182 praeter
1116 2139 1401 2193 expectationem
1426 2139 1576 2172 eandem
1600 2151 1658 2173 re-

223 2183 410 2223 trahebat,
435 2183 532 2216 haud
565 2194 665 2216 secus
691 2196 732 2216 ac
765 2185 795 2216 si
826 2186 1076 2229 praestigiator
1111 2186 1290 2230 quispiam
1326 2185 1487 2218 dextram
1511 2185 1557 2218 ab
1583 2185 1655 2219 ictu

223 2235 400 2263 averteret
425 2235 461 2263 et
488 2229 534 2262 ad
558 2229 696 2263 facinus
721 2236 879 2275 paratam
906 2232 1123 2275 reprimeret.
1152 2231 1297 2264 tandem
1311 2242 1431 2265 ensem
1457 2232 1519 2264 diu
1545 2232 1658 2265 libra—

222 2282 298 2310 tum
323 2277 373 2310 ita
403 2276 441 2308 in
467 2275 695 2309 Constantini
728 2277 883 2321 clipeum
918 2278 1083 2322 impegit,
1116 2278 1296 2321 ingentem
1322 2278 1425 2310 illum
1450 2278 1597 2323 quide-m
1622 2284 1661 2313 et.

220 2324 329 2367 plane
363 2323 601 2363 Hectoreum,
638 2328 679 2356 ut
709 2323 868 2356 medium
905 2323 1107 2357 dissecaret.
1142 2324 1188 2356 ad
1222 2323 1320 2368 quod
1350 2325 1482 2357 factum
1508 2326 1657 2359 Romani

221 2380 301 2402 cum
324 2380 450 2413 magna
475 2368 710 2402 admiratione
744 2371 996 2403 exclamarunt.
1055 2370 1242 2403 Armenius
1268 2381 1351 2403 vero
1375 2371 1491 2414 clipeo
1515 2377 1658 2415 praeter

222 2427 320 2460 spem
345 2415 518 2455 nudatus,
546 2427 626 2448 cum
650 2426 723 2447 non
746 2417 899 2460 amplius
923 2417 961 2448 in
980 2416 1132 2460 planitie
1156 2427 1300 2449 manere
1324 2422 1462 2461 posset,
1492 2417 1573 2460 fuga
1600 2428 1658 2450 sa-

222 2462 336 2495 lutem
364 2461 553 2506 quaesivit,
578 2466 616 2494 et
639 2467 680 2494 ut
701 2462 740 2494 in
754 2463 879 2506 capitis
905 2463 1077 2507 periculo,
1107 2474 1233 2506 magna
1259 2474 1338 2496 cum
1362 2463 1594 2496 festinatione
1618 2463 1658 2498 in

221 2509 399 2541 tumulum
423 2519 461 2540 se
487 2508 631 2551 recepit.
656 2507 825 2553 deinceps
861 2519 943 2542 vero
970 2520 1034 2541 suo
1059 2509 1138 2541 loco
1166 2520 1313 2542 manens
1338 2519 1456 2553 neque
1482 2510 1658 2544 Romanos

224 2554 440 2599 contempsit
473 2564 591 2599 neque
626 2554 665 2587 in
696 2554 947 2599 imperatorem
990 2560 1026 2588 et
1062 2566 1171 2597 genus
1200 2555 1278 2588 eius
1302 2556 1462 2588 convicia
1485 2560 1658 2600 tanquam

223 2601 482 2634 obscoenitatis
516 2611 602 2633 suae
626 2601 770 2644 sagittas
795 2601 890 2633 iecit.
946 2601 1096 2634 Macedo
1122 2606 1239 2634 autem
1266 2606 1407 2645 rogatus
1433 2601 1478 2634 ab
1503 2603 1659 2647 impera-

223 2653 301 2680 tore
323 2658 396 2692 quo
421 2647 571 2680 consilio
596 2657 739 2679 manum
763 2648 905 2691 saepius
926 2648 1130 2680 sustulisset
1154 2648 1255 2692 quasi
1278 2658 1507 2692 percussurus
1533 2648 1661 2682 adver-

225 2694 374 2732 sarium,
405 2704 446 2726 ac
486 2704 595 2726 unum
630 2692 805 2726 duntaxat
827 2694 936 2727 ictum
963 2693 1163 2733 intulisset,
1200 2694 1269 2726 sibi
1297 2694 1520 2738 propositum
1548 2695 1658 2728 fuisso

226 2739 410 2786 respondit
433 2750 503 2774 uno
529 2740 603 2775 ictu
631 2745 668 2773 et
693 2740 848 2785 clipeum
872 2745 907 2774 et
929 2740 1132 2773 Armenium
1158 2739 1355 2783 dissecare3
1381 2741 1478 2785 quod
1506 2752 1584 2774 cum
1612 2740 1657 2774 ad
