1878 3230
271 189 387 254 426
746 200 973 244 NicETAE
1020 199 1330 242 cuomA‘rAE
1381 202 1383 204 ·

273 304 346 345 καὶ
375 300 422 344 τὸ
448 299 627 353 ὑπήκοον
656 299 714 345 εἰς
744 300 836 346 δέος
860 298 904 340 τὸ
932 300 1009 339 τοῦ
1035 301 1140 339 θεοῦ
1164 297 1237 339 καί
1257 299 1331 351 τῆς
1358 299 1460 352 ἐμῆς
1483 298 1699 351 βασιλείας

272 364 497 419 ὑποστολὴν
525 365 597 404 καί
623 364 743 405 αἰδῶ·
775 358 802 418 ἢ
830 361 913 418 μην
927 364 972 404 ἐκ
995 365 1070 417 τῆς
1085 364 1228 416 ψυχῆς
1253 363 1529 418 ζητηθήσεται
1549 367 1698 405 πολλα-

271 431 444 472 πλάσιον
472 426 518 469 τὸ
550 429 734 482 α’δίκημα
763 430 839 469 τοῦ
867 426 942 483 τὴν
968 429 1173 481 ἐπαρχίαν
1192 427 1399 477 διέποντος
1417 423 1446 482 ἢ
1472 425 1542 469 τόν
1569 427 1698 483 οἷγ-ρόν

269 495 526 547 κατέχοντος,
557 487 634 533 κᾶν
665 491 727 547 εἴη
762 491 887 541 αὐτὸς
909 494 986 545 μὲν
1013 487 1152 540 α’θῶος
1173 493 1300 546 χερσὶ
1330 490 1402 532 καί
1429 489 1616 545 καθαρὸς
1646 493 1700 548 τῇ

267 561 438 614 καρδίᾳ,
477 556 513 599 οἱ
544 558 583 599 δ’
609 557 984 613 ὕποδρηστεύοντες
1021 558 1160 614 ἐκείνῳ
1203 556 1281 611 τὴν
1320 551 1504 610 ἄθεσμον
1545 557 1734 612 πρᾶξινό

268 621 564 665 ἆποτελέσωσι.
619 625 766 675 λοιμοῦ
793 620 872 677 γάρ
902 623 1234 676 μαστιγουμένων
1262 621 1408 676 κυρίου
1436 619 1481 662 τὸ
1499 618 1580 662 ὖπὸ
1607 626 1699 675 χεῖ-

269 707 326 743 ρα
356 690 453 730 νοῦν
481 686 597 729 οἴσει·
655 689 729 729 καί
767 684 908 741 ὥσπερ
946 688 1238 739 ἐξομοιοῦσθαι
1282 689 1338 742 τῷ
1378 680 1547 740 ἄρχοντι
1587 688 1706 741 φιλεῖ

265 753 311 795 τὸ
344 752 577 806 ἀρχόμενον
605 752 790 809 προτέρῳ
825 754 974 808 δρῶντι
1001 750 1051 794 ni
1090 754 1150 806 μὴ
1184 750 1379 794 ἐπαινετὰ
1418 747 1698 806 ἐφεπόμενον,

266 816 374 859 οὕτω
405 820 477 858 καί
509 819 792 874 μαστιζομένῳ
835 819 907 858 καί
947 817 1212 869 α’ναγκαστιός
1250 815 1614 869 μεταμανθάνοντι
1649 811 1696 856 τό

266 885 383 939 κοινῇ
415 888 604 924 συνοῖσον
635 882 840 938 ἐφέψεται
873 881 918 924 τὸ
945 879 1127 936 ὑπήκοον
1162 881 1267 923 κατὰ
1306 880 1467 934 πόδας,
1509 876 1586 922 ὅσα
1626 880 1700 921 καὶ
1714 897 1762 925 ιο

270 949 399 1002 μητρί
423 953 532 996 παῖς.
590 949 658 989 ἵνα
691 949 735 989 δὲ
765 948 899 1002 εἰδῆτε
933 949 1006 988 καί
1033 945 1104 988 τὸν
1128 946 1276 1002 τρόπον
1298 948 1371 999 τῆς
1399 945 1644 1000 ἐκδικήσεως
1668 939 1698 1000 ᾗ

138 1011 687 1067 Ρ.2ιικαθυποβληθήσεται
729 1011 751 1053 ὅ
795 1014 868 1067 τῆς
898 1013 1001 1066 ἐμῆς
1041 1010 1246 1066 παρήκοος
1290 1012 1478 1065 ἐντολῆς,
1518 1009 1589 1053 ἐπὶ
1622 1010 1700 1051 τοῦ

266 1076 383 1120 ἱστοῦ
413 1075 784 1132 ἅπαιωρηθησεται
803 1079 873 1131 τῆς
900 1077 1014 1128 νεώς,
1042 1079 1082 1118 εἷ
1105 1078 1151 1118 δὲ
1177 1077 1322 1118 τοῦτον
1346 1078 1556 1130 παρέσυρε
1578 1078 1698 1131 φλοῖ-

264 1146 365 1196 σβος
396 1140 641 1195 θαλάττιος,
683 1145 750 1198 ἐφ’
795 1142 962 1197 ὑψηλῆς
1006 1141 1458 1196 ἀνασκολοπισθήσεται
1500 1140 1695 1192 σκοπιᾶς,

263 1209 457 1262 μεγίστης
487 1205 600 1257 τινὸς
629 1206 701 1248 καί
728 1210 948 1256 ἰθυτενοῦς
977 1209 1021 1249 ἐκ
1056 1209 1139 1248 τῶν
1163 1208 1295 1249 ἐκεῖσέ
1323 1222 1403 1247 που
1433 1207 1564 1260 ὀρέων
1592 1199 1759 1251 dno-15

263 1273 491 1328 τμηθείσης
514 1274 651 1325 δοκοῦ,
680 1272 732 1314 ἵν’
760 1270 869 1314 οὕτω
900 1271 972 1313 καί
998 1277 1083 1322 τοῖς
1112 1271 1214 1313 κατὰ
1243 1270 1293 1313 τὰ
1319 1271 1457 1326 οἷχανῆ
1484 1275 1696 1312 ναυτιλλο-

263 1339 401 1390 μένοις
425 1338 580 1392 πελάγη
606 1339 822 1393 περίοπτος
851 1335 984 1378 ἔοοετο
1006 1336 1061 1385 ὥς
1086 1341 1237 1392 λαῖφος
1264 1337 1309 1378 ἐν
1337 1339 1484 1393 κεραίᾳ
1512 1350 1696 1391 προφαι-

263 1402 434 1455 νόμενος
461 1403 534 1444 καί
559 1402 743 1456 ναυαγὸς
769 1404 813 1444 ἐν
844 1405 896 1459 γῇ
928 1400 1186 1455 δεικνύμενος
1213 1404 1285 1443 καί
1311 1404 1370 1450 εἰς
1387 1399 1594 1454 σύμβολον
1610 1417 1694 1443 πα..

263 1466 626 1522 ραλαμβανόμειός
654 1469 730 1510 τοῦ
765 1467 824 1523 μή
860 1469 1060 1522 προβῆναι
1092 1468 1164 1509 καί
1198 1468 1326 1509 εἰσέτι
1365 1468 1548 1520 θραῦσιν
1586 1467 1694 1520 νηῶν

262 1534 335 1573 καί
362 1535 442 1574 τῶν
467 1531 642 1574 ἐνόντων
675 1534 819 1582 αὐταῖς
848 1530 1146 1587 προνόμευσιν,
1176 1530 1286 1573 καθὰ
1318 1533 1389 1574 καί
1409 1530 1508 1580 θεὸς
1536 1533 1580 1573 ἐν
1598 1529 1691 1586 οἷὲρι
1705 1547 1756 1573 20

261 1595 309 1638 τὸ
341 1595 495 1639 ἑαυτοῦ
522 1596 637 1649 τόξον
676 1599 868 1639 ἐνέτεινεν
908 1599 967 1645 εἷς
1009 1602 1177 1653 σημεῖον
1214 1599 1289 1639 τοῦ
1324 1599 1471 1651 μηκέτι
1520 1594 1692 1638 ἔσεσθαι

223 1657 375 1717 Βῦδωρ
405 1664 464 1712 εἷς
490 1660 823 1716 κατακλυσμόν.”
879 1665 942 1719 (5)
974 1663 1046 1703 καί
1071 1661 1092 1702 ὁ
1120 1664 1198 1716 μὲν
1225 1662 1406 1718 φάμενος
1429 1663 1562 1704 ταῦτα
1590 1659 1692 1717 πρὸς

352 1809 385 1832 2.
409 1797 517 1838 ἓκζητ.
545 1795 584 1829 Α.
675 1796 706 1833 8.
734 1795 925 1830 camussia
949 1794 1134 1841 ἑπόμενον
1159 1796 1196 1830 Α.
1295 1806 1345 1828 ιο.
1371 1793 1561 1841 συνοῖσον]
1595 1802 1690 1840 συμ-

354 1845 473 1889 φέρον
502 1844 538 1875 Α.
638 1852 687 1874 ¹2.
713 1843 774 1876 ἐπὶ
797 1841 875 1888 τοῦ]
903 1844 954 1880 εἰς
978 1837 1019 1876 τὸ
1046 1842 1245 1887 κατάρτιον
1268 1841 1332 1875 τοῦ
1344 1844 1599 1883 τζακισθέντος
1621 1852 1690 1874 κα·-

354 1893 484 1935 ραβίου
506 1887 805 1934 κρεμασθήσεται
823 1920 825 1922 ,
843 1889 905 1921 καὶ
931 1888 1249 1935 φουρκισθήσεται
1274 1889 1310 1920 Β.
1419 1890 1470 1924 13.
1499 1888 1676 1933 φλοῖσβος

353 1936 453 1982 κῦμα
477 1934 676 1969 θαλάττιον
693 1959 702 1974 ,
730 1936 790 1980 ἐφ’
818 1933 956 1978 ὑψηλῆς
981 1933 1158 1980 ἀγχιάλου
1184 1933 1315 1971 ἀνασκ.
1342 1935 1381 1967 A.
1503 1937 1554 1969 16.
1577 1928 1670 1968 κατὰ

355 1983 393 2020 ἐς
419 1984 457 2016 Α.
574 1994 625 2026 ¹7·
647 1980 797 2027 λαῖφος]
826 1981 991 2027 ἄρμενον
1017 1985 1057 2015 Α.
1192 1981 1194 1983 ’

262 2099 334 2130 stra
362 2092 576 2126 auctoritate
602 2093 846 2136 magistratum
871 2092 1028 2137 aliquem
1044 2092 1158 2136 gerit,
1180 2093 1210 2125 si
1231 2092 1310 2137 quis
1336 2091 1466 2124 fundos
1491 2090 1686 2124 maritimos

259 2140 446 2187 possidet,
474 2140 503 2172 is
539 2139 693 2183 primum
727 2150 765 2172 se
790 2139 928 2184 ipsum,
965 2138 1098 2171 deinde
1124 2138 1287 2171 subditos
1312 2148 1456 2182 quoque
1483 2136 1528 2169 ad
1555 2137 1686 2170 iustam

262 2187 322 2220 dei
350 2192 385 2220 et
422 2185 562 2229 imperii
585 2186 699 2225 nostri
739 2185 1000 2218 observantiam
1024 2196 1064 2218 ac
1090 2185 1322 2218 reverentiam
1346 2184 1539 2216 confirmet.
1566 2184 1687 2227 profe-

261 2239 319 2267 cto
344 2243 460 2277 poena
489 2231 610 2264 dilecti
636 2232 825 2276 multiplex
849 2231 893 2263 ab
918 2242 960 2262 eo
979 2232 1158 2275 exigetur,
1189 2230 1251 2275 qui
1275 2230 1331 2263 vel
1356 2229 1559 2273 provinciae
1582 2241 1687 2274 prae-

262 2286 317 2314 est
342 2279 399 2312 vel
427 2289 546 2322 agrum
571 2278 742 2321 possidet.
773 2277 902 2321 quodsi
927 2277 1004 2321 ipse
1029 2283 1066 2310 et
1088 2277 1207 2309 auimo
1231 2287 1250 2308 a
1279 2276 1435 2308 facinore
1460 2275 1688 2309 abhorruerit

261 2331 299 2360 et
323 2336 446 2359 manus
473 2323 709 2364 abstinuerit,
734 2324 797 2357 sed
821 2323 977 2356 ministri
1001 2324 1077 2356 eius
1098 2323 1212 2356 scelus
1241 2322 1279 2354 id
1301 2321 1528 2363 admiserint,
1553 2320 1591 2354 id
1615 2322 1685 2366 ipsi

260 2371 508 2416 imputabitur.
534 2381 615 2402 nam
640 2371 670 2403 si
695 2370 887 2403 sceleratus
912 2368 1076 2401 dominus
1103 2368 1362 2412 flagellabitur,
1388 2368 1531 2402 servitia
1558 2369 1687 2412 resipi-

260 2423 372 2453 scent.
405 2423 440 2450 et
464 2421 505 2450 ut
531 2416 669 2449 subditi
692 2417 730 2449 in
765 2416 949 2448 illaudatis
973 2415 1078 2448 rebus
1106 2415 1303 2459 principem
1327 2413 1459 2447 imitari
1483 2415 1611 2455 solent,
1634 2415 1687 2449 ita

263 2465 394 2503 etiam,
420 2463 450 2497 si
474 2463 503 2496 is
529 2462 729 2506 flagelletur
752 2467 788 2495 et
813 2462 980 2506 publicae
1016 2461 1166 2494 utilitati
1196 2461 1327 2493 servire
1351 2466 1518 2505 cogatur,
1543 2460 1581 2493 hi
1605 2471 1686 2494 eum

263 2517 306 2545 ut
327 2517 475 2544 matrem
515 2509 610 2541 filius
636 2514 839 2553 sequentur.
872 2513 914 2540 ut
940 2512 1058 2540 autem
1077 2517 1214 2551 poenae
1239 2517 1383 2551 quoque
1407 2506 1551 2539 modum
1575 2518 1686 2542 nove—

265 2558 355 2598 ritis,
381 2567 486 2601 quam
515 2555 623 2587 edicti
647 2555 718 2587 mei
741 2559 964 2598 contemptor
996 2554 1089 2594 luet,
1113 2554 1149 2586 in
1174 2553 1268 2586 malo
1291 2554 1389 2586 navis
1416 2553 1607 2597 pendebit„
1627 2554 1684 2587 sin

265 2616 347 2637 eum
371 2603 499 2636 ssuctus
523 2602 679 2634 marinus
707 2600 917 2640 deturbant,
947 2599 984 2632 in
1006 2600 1079 2632 alto
1104 2600 1224 2632 littore
1249 2598 1417 2643 editaque
1441 2599 1685 2643 speculatissi-

265 2661 343 2684 mae
367 2649 485 2682 arbori
511 2659 602 2693 quae
633 2648 669 2680 in
696 2648 740 2680 iis
754 2647 935 2680 montibus
959 2646 1060 2679 caedi
1084 2646 1227 2690 poterit,
1255 2645 1431 2689 affigetur3
1457 2651 1498 2679 ut
1519 2646 1582 2691 qui
1608 2657 1684 2680 me-

266 2697 326 2729 dio
355 2696 442 2728 mari
465 2695 630 2738 navigant
654 2705 733 2726 eum
761 2694 993 2737 conspiciant,
1022 2693 1121 2725 velut
1146 2691 1190 2724 de
1210 2697 1364 2725 antenna
1385 2693 1525 2732 velum,
1548 2692 1683 2737 promi·

265 2747 410 2778 nentem
427 2768 436 2782 ‚
454 2746 564 2787 atque
587 2741 625 2775 in
650 2747 744 2775 terra
765 2741 991 2785 naufragum,
1016 2750 1080 2774 suo
1105 2738 1268 2784 exemplo
1293 2743 1452 2773 caeteros
1477 2743 1683 2773 monentem
