1878 3230
285 147 388 219 762
693 161 920 204 mcerAE
965 160 1272 204 cnomATAE

281 265 477 317 φυρῶσαι
497 266 580 309 τοῖς
597 260 768 313 atnam»
796 261 839 302 οἳ
863 259 934 314 τὴν
952 258 1221 314 Ἰερουσαλήμ
1253 260 1558 316 ἐξεπόρθησαν,
1598 264 1692 316 μηδ’

281 325 561 381 ἆνδρίσασθαι
596 327 782 379 γυναιξίν
810 325 838 379 ἦ
865 327 959 366 καθ’
989 322 1153 378 ὁμιλίαν
1190 325 1339 373 αυ’ταῐ’ς
1380 329 1589 368 συνελθεῖν
1626 329 1695 381 ἐφ’

282 388 376 433 ὅσον
405 388 457 432 ἂν
483 391 633 444 χρόνον
661 389 734 432 τὸν
759 389 943 445 σταυρὸν
971 389 1207 442 ε’πωμάδιον
1244 391 1450 444 φέρωσιν,
1476 389 1544 439 ’ὥς
1581 388 1694 444 ἥγνι-

279 457 422 507 σμένοι
448 458 533 511 θεῷ
556 456 628 497 καί
654 453 728 509 την
758 453 889 498 αὐτοῦ
907 458 1074 509 πορείαν
1102 453 1374 506 στελλόμενοι.
1431 450 1557 503 ὄντως
1581 458 1696 508 λογο·

279 522 392 561 ποιοῖ
420 517 728 575 ε’ξεφάνθησαν,
755 523 827 561 καί
851 523 926 562 τοῦ
951 521 1068 561 θείου
1095 517 1230 575 τάφου
1265 521 1463 575 διφῶντες
1495 520 1732 574 ἑκδίκησινό

278 583 384 626 κατὰ
413 586 606 640 Χριστοῦ
633 583 848 640 προδήλως
875 585 1126 639 ἑλύττησαν,
1155 586 1228 626 καί
1258 583 1359 636 μετὰ
1397 585 1584 639 σταυροῦ
1623 583 1699 638 τήν

278 653 353 691 τοῦ
382 650 569 704 σταυροῦ
615 649 839 692 κατάλυσιν
873 649 1147 705 ἦνομήκασιν,
1187 647 1231 691 ὃν
1267 647 1482 691 ε’πινῶτιον
1523 649 1699 705 ἔφερον,

242 718 427 756 Βτοῦτον
461 713 539 770 πρὸ
576 717 713 757 ποδῶν
750 717 911 757 τιθέναι
946 715 1003 770 μή
1033 717 1272 770 φρίττοντες
1303 712 1371 756 διὰ
1391 713 1567 769 χρυσίον
1594 716 1701 769 βρα-

278 778 334 832 χύ
394 781 466 822 καί
507 779 713 835 ἀργύριον.
785 779 857 821 καί
907 781 1166 834 μαργαρίτας
1223 778 1570 832 ἐγκολπιζόμενοι,
1627 777 1701 820 τὸν

279 843 504 897 πολύτιμον
543 848 800 901 μαργαρίτην
842 844 1026 901 Χριστὸν
1069 843 1316 900 η’θετήκασι,
1360 850 1444 893 τοῖς
1480 843 1765 898 ἑναγεστὰ-ιο

277 925 362 959 τοις
412 911 494 951 τῶν
541 909 658 960 ζώων
701 909 773 950 τὸν
815 910 1122 963 παναγὲστατον
1164 911 1501 963 διασπείραντες.
1576 907 1614 950 οἱ
1663 909 1702 950 δ’

278 976 322 1024 ἐξ
350 973 519 1028 Ίσμαὴλ
549 975 627 1028 οὐχ
655 971 807 1028 οὕτως,
837 972 901 1016 ὅτι
937 972 994 1029 μὴ
1034 973 1105 1015 καί
1143 973 1250 1015 πάνυ
1290 971 1594 1030 φιλανθρώπως
1631 975 1703 1014 καί

278 1041 491 1094 προσηνῶς
526 1046 608 1088 τοῖς
651 1042 697 1082 ἐκ
742 1042 818 1082 τοῦ
857 1041 999 1094 γένους
1038 1039 1174 1080 αὐτῶν
1214 1042 1583 1094 προσηνέχθησαν,
1628 1039 1700 1093 τῆς

280 1104 390 1146 Σιών
416 1104 749 1157 κατισχύσαντες.
807 1102 899 1148 οἷῖτε
926 1104 1003 1161 γὰρ
1042 1104 1206 1158 γυναιξὶ
1231 1106 1454 1146 Λατινίσιν
1480 1105 1699 1158 ε’πεχρεμέ-

279 1186 413 1222 τισαν,
442 1165 536 1211 οὔτε
564 1169 608 1212 τὸ
642 1172 831 1225 Χριστοῦ
858 1171 1044 1225 κενήριον
1066 1169 1340 1224 πολυάνδριον
1365 1168 1568 1211 πεσόντων
1595 1167 1763 1212 ἔδει-15

280 1238 381 1286 ξαν,
410 1237 508 1276 ου’δὲ
541 1234 721 1276 κάθοδον
751 1237 794 1284 ἐς
824 1233 928 1293 ᾅδου
962 1234 1037 1289 τήν
1073 1234 1177 1289 πρὸς
1212 1234 1282 1276 τὸν
1324 1234 1538 1289 ζωηφόρον
1569 1232 1701 1288 τάφον

277 1299 461 1352 εἴσοδον,
491 1302 588 1341 ου’δὲ
616 1298 799 1341 θάνατον
827 1299 900 1355 την
931 1297 1064 1353 ζωήν,
1097 1300 1196 1340 ου’δὲ
1227 1302 1381 1341 πτῶσιν
1415 1298 1490 1352 τὴν
1523 1293 1701 1340 &aldow-

277 1381 365 1416 σιν,
395 1364 636 1415 ἁπαξάπασι
664 1366 703 1406 δ’
733 1365 892 1413 α’νέντες
917 1363 991 1418 τήν
1019 1363 1155 1415 ἔξοδον
1176 1363 1390 1419 χρυσίνοις
1419 1363 1588 1420 ἀριθμῷ
1613 1364 1702 1404 κατ’

142 1441 183 1474 V.
198 1443 263 1475 305
278 1425 412 1484 ἄνδρα
439 1432 641 1485 βραχέσιν
671 1428 883 1485 οἷφῶριζον
910 1428 962 1470 τὰ
991 1427 1201 1483 ζωάγρια,
1228 1428 1279 1470 τοὶ
1303 1427 1421 1470 λοιποὶ
1451 1434 1536 1477 τοῖς
1562 1443 1698 1482 κεκτη-

237 1496 412 1547 εμένοις
443 1497 661 1549 παρέντες,
706 1491 781 1536 κᾶν
823 1493 983 1551 ψάμμῳ
1017 1490 1123 1549 ἦσαν
1151 1491 1373 1549 παρόμοια.
1427 1495 1498 1534 καί
1525 1494 1696 1534 τοιαῖσδε
1711 1512 1765 1538 20

273 1563 350 1612 μὲν
376 1558 422 1600 τὸ
447 1558 743 1615 Χριστομοέχον
772 1565 858 1607 τοῖς
886 1560 1146 1606 οἷλλοπίστοις
1161 1559 1359 1607 Λατίνοις
1386 1559 1610 1612 ἐχρήσατο,
1636 1557 1694 1611 μὴ

275 1626 411 1681 ξίφος,
433 1625 491 1680 μὴ
521 1627 634 1681 πῦρ,
662 1623 719 1680 μή
749 1623 893 1678 λιμόν,
920 1623 979 1679 μὴ
1011 1624 1218 1678 διωγμόν,
1252 1623 1310 1678 μὴ
1340 1622 1599 1678 γυμνότητα,
1635 1621 1694 1677 μὴ

368 1747 395 1768 ι.
419 1734 600 1783 μηδ’]-μῆ
625 1736 761 1780 βλέψαι
791 1739 954 1780 γυναῖκα
976 1735 1103 1771 ποσῶς
1139 1731 1162 1776 ἢ
1190 1735 1386 1768 συνελθεῖν
1416 1734 1496 1780 μετ’
1524 1731 1635 1771 αὐτῆς
1660 1732 1696 1764 Β.

363 1785 396 1827 4.
420 1782 547 1829 ὄντως]
571 1781 716 1824 α’ληθῶς
743 1781 878 1828 λόγους
902 1781 1024 1827 μόνον
1058 1781 1185 1814 λαλεῖν
1210 1781 1408 1826 ἔμαθονΒ.
1502 1790 1533 1823 7.
1562 1778 1698 1813 ἐπινοί-

361 1828 459 1875 τιον]
487 1829 704 1875 ἔμπροσθεν
730 1829 767 1860 Β.
888 1839 937 1860 ιο.
962 1833 1040 1864 τοῖς
1063 1827 1177 1872 eras]
1202 1833 1281 1864 τοῖς
1305 1830 1457 1873 μιαροῖς
1485 1827 1558 1860 τῶν
1595 1825 1699 1865 ζώων

361 1873 405 1910 τὰ
429 1875 648 1920 μιαρῶτατα
671 1873 702 1907 δ.
727 1875 763 1907 Β.
864 1876 915 1909 ι5.
938 1868 997 1921 τὸ]
1022 1874 1089 1907 τοῦ
1113 1872 1231 1917 vulg0.

274 1966 379 2009 guine
403 1966 576 1998 tincturos
604 1976 679 1998 esse
705 1964 864 2009 giadios,
891 1964 952 2009 qui
975 1964 1222 2007 Hierosolyma
1261 1962 1509 2007 expugnastis,
1542 1961 1604 2006 qui
1634 1971 1694 1994 vos

274 2011 531 2045 consuetudine
557 2017 593 2044 et
619 2011 799 2055 colloquio
826 2011 1014 2043 mulierum
1040 2015 1297 2054 temperaturos
1322 2007 1553 2052 promisistis,
1582 2018 1696 2051 quan-

274 2059 335 2089 diu
363 2069 499 2090 crucem
522 2058 559 2090 in
585 2057 741 2090 humeris
766 2057 940 2097 tuleritis,
967 2062 1007 2089 ut
1037 2056 1103 2089 deo
1133 2061 1356 2088 consecratos
1381 2053 1560 2087 viatores?
1585 2064 1696 2096 nuga-

273 2108 368 2136 tores
395 2114 454 2136 eos
480 2115 556 2136 esse
579 2104 685 2148 plane
713 2105 868 2144 constat,
894 2102 957 2147 qui
980 2102 1063 2135 dum
1090 2102 1248 2135 divinum
1277 2100 1478 2145 sepulcrum
1500 2098 1694 2138 vindicant,

272 2149 459 2183 manifeste
483 2154 605 2182 contra
619 2150 796 2183 Christum
811 2150 1054 2190 insanierunt3
1080 2153 1117 2181 et
1139 2159 1216 2181 cum
1240 2158 1342 2180 cruce
1364 2157 1501 2179 crucem
1516 2144 1696 2178 violarunt

273 2200 311 2227 et
321 2195 580 2235 destruxerunt,
591 2207 696 2240 quam
708 2195 862 2228 humeris
874 2195 1094 2234 baiuhabnnt,
1106 2194 1190 2227 dum
1203 2205 1280 2226 eam
1293 2193 1410 2236 exigui
1422 2192 1499 2224 auri
1512 2196 1548 2224 et
1559 2190 1694 2234 argenti

273 2252 378 2273 causa
392 2247 473 2273 ante
485 2241 593 2285 pedes
609 2242 794 2283 abiiciunt3
804 2247 840 2274 et
848 2241 932 2274 dum
945 2241 1148 2285 margaritas
1164 2240 1345 2283 colligunt,
1360 2238 1549 2282 pretiosam
1559 2246 1696 2279 marga-

272 2287 375 2319 fitam
391 2287 567 2319 Christum
581 2287 800 2327 abiecerunt,
815 2289 851 2319 in
866 2286 1119 2321 sordidissimis
1132 2286 1257 2319 bestiis
1276 2296 1312 2317 re
1328 2284 1545 2317 sanctissima
1557 2281 1696 2326 disper-

273 2344 321 2365 sa.
339 2344 411 2365 non
427 2333 477 2364 ita
488 2333 650 2366 fecerunt
667 2334 888 2366 Ismaelitae:
904 2333 966 2367 sed
989 2333 1181 2377 populares
1203 2333 1348 2364 istorum
1368 2328 1642 2362 clementissime
1658 2333 1696 2361 et

271 2378 527 2412 humanissime
553 2384 758 2420 tractarunt,
782 2380 889 2423 potiti
904 2379 1171 2422 Hierosolymis.
1197 2387 1313 2421 neque
1342 2376 1435 2407 euim
1454 2375 1597 2407 Latinas
1619 2385 1695 2406 ma-

271 2430 391 2471 tronas
415 2425 614 2465 violarunt,
642 2436 758 2469 neque
784 2425 912 2458 Christi
944 2425 1142 2469 sepulcrum
1178 2421 1409 2456 cadaveribus
1434 2421 1692 2464 oppleverunt3

270 2482 388 2515 neque
412 2472 604 2516 ingressum
631 2471 748 2503 vitalis
779 2471 907 2503 tumuli
933 2470 1139 2504 descensum
1172 2470 1216 2501 ad
1251 2468 1406 2507 inferos,
1442 2477 1559 2511 neque
1583 2466 1691 2499 vitam

270 2523 440 2556 mortem,
467 2528 584 2561 neque
608 2517 900 2549 resurrectionem
929 2517 1063 2548 ruinam
1095 2519 1313 2553 effecerunt,
1346 2513 1407 2546 sed
1434 2514 1554 2557 paucis
1577 2512 1691 2544 aureis

270 2564 308 2596 in
332 2564 469 2607 singula
495 2564 610 2607 capita
636 2563 792 2595 contenti
822 2562 986 2594 omnibus
1024 2563 1174 2594 liberum
1211 2560 1396 2592 arbitrium
1431 2559 1690 2603 permiserunt,

270 2615 411 2642 caetera
449 2610 671 2654 quantumvis
712 2609 823 2641 multa
859 2608 1120 2652 possessoribus
1161 2617 1374 2639 concessere.
1408 2611 1444 2638 et
1478 2605 1547 2637 hoc
1584 2603 1690 2636 modo

270 2655 401 2689 Christi
426 2661 684 2701 oppugnatores
710 2666 785 2687 cum
812 2654 946 2686 Latinis
976 2654 1080 2686 alium
1108 2654 1313 2697 religionem
1330 2650 1580 2696 profitentibus
1608 2659 1689 2692 ege-—

271 2708 372 2746 runt3
398 2707 434 2735 et
459 2708 498 2735 ut
525 2712 650 2747 magno
676 2702 790 2735 animo
815 2701 960 2745 dignum
990 2706 1066 2739 est,
1103 2711 1168 2733 nec
1194 2699 1286 2733 ferro
1310 2710 1376 2732 uec
1399 2698 1474 2742 igni
1499 2707 1564 2731 nee
1595 2695 1687 2730 same
