1838 3210
276 199 346 252 92
391 176 393 178 ’
697 194 923 236 ΝΙΟΕΤΑΕ
963 192 1273 235 οΗοΝιΛΤΛΕ

237 300 526 352 Εφιλοκρινεΐν
552 292 721 346 θελήσει
749 307 837 341 τις,
871 292 911 333 εἰ
931 291 988 346 μή
1019 291 1230 346 προδήλως
1246 293 1499 346 παρακοπείς
1528 291 1573 332 τὸ
1597 305 1700 347 φρο-

274 367 358 402 νεῖν
382 359 489 414 ὃραῖν
516 353 706 409 ἄντικρυς
738 356 817 408 οὐχ
836 353 914 411 ὁρᾷ
941 358 1011 398 καί
1036 357 1198 398 ἀκούων
1225 355 1421 408 οὕδαμῶς
1449 355 1697 408 ἐνωτίζεται.

276 425 388 477 εἴπερ
420 420 494 464 οὖν
521 423 594 474 τῆς
622 418 838 462 εὐθὺταῖν
863 421 1082 463 ἀθανάτων
1100 423 1237 474 μονῶν
1252 422 1420 475 πορείας
1450 423 1575 473 μέλον
1603 419 1703 471 ὑμῖν

278 489 394 543 (οὐδὲ
423 486 500 540 γὰρ
549 480 689 534 ἄδικος
717 484 740 525 ὅ
766 485 886 539 θεός,
926 485 983 536 ὥς
1009 484 1067 540 μή
1117 485 1164 527 τὸ
1193 487 1262 541 τῆς
1289 485 1391 526 ὁδοῦ
1419 485 1569 540 ταύτης
1596 485 1702 540 ὁρᾶν

276 551 541 603 αἰτιώμενον,
583 551 682 604 μηδ’
713 548 930 605 οἷκηράτων
955 551 1228 604 μεταδιδόναι
1255 548 1464 603 λειμώνων
1494 553 1566 591 καί
1590 550 1735 592 oms-5

275 618 359 670 ρῶν
385 617 428 656 ἑν
457 617 508 671 τῇ
533 616 652 667 Ἐδὲμ
678 615 980 658 καταπαύσεων
998 647 1010 669 ,
1039 615 1082 658 οἳ
1101 615 1150 657 τὰ
1180 614 1283 657 οἴκοι
1313 612 1600 664 καταλιπόντες
1629 616 1702 657 α’ν-

274 677 505 732 θειλόμεθα
532 681 606 721 τοῦ
634 681 706 735 ζῆν
733 679 778 722 τό
812 680 918 734 ὑπὲρ
948 681 1084 721 αὐτοῦ
1111 683 1299 736 θανεῖν),
1328 680 1400 720 καί
1422 681 1463 721 εἰ
1487 678 1627 734 μνήμη
1656 680 1704 722 δέ

274 760 336 792 τις
364 744 478 796 ὑμᾶς
504 744 797 798 ὑπεισέρχεται
817 742 847 786 οἳ
865 747 961 786 καθ’
990 741 1104 800 ὥραν
1136 745 1174 787 οἱ
1193 747 1458 800 α’περίτμητοι
1487 740 1603 786 οὗτοι
1628 743 1705 798 τήν

275 810 452 864 καρδίαν
491 811 551 858 εἰς
589 809 684 858 ’τούς
721 811 766 850 ἐκ
793 811 866 851 τοῦ
902 810 1044 864 γένους
1071 812 1341 865 παροινοῦσιν
1368 810 1509 864 ἡμῶν,
1535 808 1608 851 καὶ
1633 807 1704 857 οὓς

277 874 420 923 αὐτοῖς
447 875 706 929 ε’πιτριβουσι
727 872 949 923 κονδύλους
978 880 1068 924 ταῖς
1095 877 1243 930 φρεσίν
1266 871 1506 931 ἀναφέρετε,
1534 874 1606 915 καὶ
1628 877 1706 915 τοῦ
1722 891 1768 917 ιο

275 940 553 991 ἐκκεχυᾸιιένου
595 938 834 988 ἀνευθύνως
876 940 1054 991 αἵματος
1089 938 1296 992 μαλάσσει
1330 955 1391 989 τις
1416 937 1552 991 ἔλεος,
1585 942 1703 992 στῆτε

233 1013 266 1045 D
276 1003 470 1057 γενναίως
510 999 604 1058 ἄρτι
641 1005 714 1045 καί
739 1005 982 1059 ἐρρωμένως
1021 1005 1341 1058 διαγωνίσασθε.
1410 1002 1518 1059 μήδέ
1543 1021 1582 1046 τι
1616 1006 1706 1053 δέος

275 1070 503 1123 ἐκπλῆσσον
527 1070 752 1124 ἐκκρουέτω
781 1070 853 1110 τοῢ
889 1068 1150 1124 καθηκόντως
1179 1068 1435 1123 ἀμύνασθαι,
1469 1066 1574 1110 ἀλλὰ
1601 1068 1706 1123 γνώ-

274 1149 414 1176 τωσαν
456 1133 625 1188 οἷληθῶς
664 1134 702 1174 οἱ
727 1130 959 1190 ἀλλόφυλοι
1000 1133 1056 1183 ὥς
1096 1131 1191 1176 ὅσον
1227 1133 1414 1189 Χριστὸς
1455 1133 1477 1176 ὃ
1523 1137 1705 1189 καθηγη-

273 1197 349 1254 τής
387 1199 504 1253 ἡμῶν
542 1200 615 1239 καί
646 1195 896 1247 διδάσκαλος
935 1196 1175 1253 ὑπέρκειται
1203 1199 1431 1254 ιπροφήτου
1468 1199 1704 1242 λαοπλάνου
1723 1203 1768 1244 ι5

273 1262 347 1304 καί
381 1263 587 1316 μυοῦντος
624 1266 738 1318 σφᾶς
775 1261 827 1304 τὰ
878 1261 1115 1319 ἀπόβλητα,
1155 1266 1353 1305 τοσοῦτον
1379 1263 1450 1305 καί
1485 1265 1601 1318 ἡμεῖς
1629 1260 1706 1305 αὖ·

273 1330 355 1371 τῶν
399 1327 502 1369 κατὰ
540 1327 666 1369 πάνθ’
707 1326 1014 1383 ὕπερφέρομεν.
1084 1328 1178 1370 ἐπεὶ
1214 1323 1288 1370 οὖν
1322 1328 1560 1384 παρεμβολὴ
1608 1329 1706 1383 ἁγία

273 1393 397 1447 ἡμεῖς
437 1394 511 1434 καί
548 1391 725 1446 στρατὸς
764 1392 1005 1447 θεόλεκτος,
1039 1391 1098 1447 μή
1147 1391 1503 1448 φιλοψυχήσωμεν
1530 1395 1708 1448 α’γενναῖς

274 1457 380 1514 πρὸς
407 1456 680 1514 φιλόχριστον
708 1458 782 1500 καὶ
808 1458 1055 1513 ἀείμνηστον
1093 1458 1294 1512 τελευτήν.
1324 1460 1365 1500 εἰ
1388 1457 1573 1513 Χριστὸς
1598 1459 1705 1514 ὑπὲρ
1747 1451 1751 1454 ’

275 1523 396 1577 ἡμῶν
423 1523 630 1575 ἀπέθανε,
658 1520 772 1579 πόσῳ
801 1522 919 1577 ἡμεῖς
945 1520 1141 1564 τεθνάναι
1168 1524 1219 1564 δι’
1240 1520 1368 1564 αὕτόν
1397 1525 1522 1576 ε’σμεν
1549 1521 1705 1565 δικαιό-
1719 1538 1771 1565 20

273 1599 412 1643 τεροι;
446 1588 608 1642 α’γαθῆς
639 1589 817 1642 ταυτησί
850 1587 1023 1642 πορείας
1050 1586 1212 1641 α’γαθόν
1239 1586 1343 1629 ἔστω
1369 1590 1442 1630 καί
1465 1590 1577 1638 τέλος
1607 1591 1707 1644 ἐφο-

275 1655 478 1710 μ-αρτοῧν.
549 1652 832 1706 μαχεσώμεθα
873 1651 977 1705 μετὰ
1025 1655 1097 1706 τῆς
1137 1654 1180 1695 ἐν
1223 1656 1396 1710 Χριστῷ
1421 1652 1710 1709 πεποιθήσεως

277 1720 349 1760 καί
373 1720 450 1760 τοῦ
481 1712 531 1758 εὖ
556 1719 711 1759 εἰδέναι
738 1715 794 1764 ὥς
821 1716 921 1767 τούς
947 1716 1129 1773 ἐχθροὺς
1156 1718 1482 1772 τροπωσόμεθα,
1510 1716 1574 1761 ὅτι
1600 1721 1708 1774 μηδὲ

174 1787 263 1833 Ρ.47
279 1782 489 1838 δυσχερής
527 1782 553 1837 ἦ
594 1784 684 1837 νίκη
722 1784 878 1836 γένοιτο
922 1779 988 1826 οἷα
1031 1784 1218 1837 μηδένων
1264 1784 1612 1839 ὑποστησομένων
1633 1783 1710 1838 τήν

373 1899 405 1930 3.
433 1898 498 1939 τῆς
521 1895 629 1955 ἐυθύ]
654 1900 718 1940 τῆς
751 1901 826 1933 τῶν
849 1897 1021 1944 οὐρανῶν
1056 1900 1245 1942 βασιλείας
1277 1899 1493 1946 ὀρεγόμεθα
1522 1899 1559 1932 Β.
1658 1902 1707 1935 ιδ.

372 1943 573 1991 ἀπόβλητα]
600 1955 724 1978 ατοπα
748 1945 783 1976 Β.

282 2038 408 2071 audire
443 2037 560 2071 velit?
600 2036 729 2082 quodsi
770 2042 865 2070 recta
898 2038 935 2070 in
969 2038 1106 2071 eaelum
1141 2040 1332 2072 ascendere
1368 2038 1552 2073 studemus
1574 2040 1710 2084 (neque

282 2085 378 2117 enim
403 2084 556 2116 iniustus
584 2089 638 2116 est
663 2083 770 2123 deus,
796 2088 837 2116 ut
861 2083 966 2116 huius
989 2085 1070 2117 viae
1096 2096 1235 2118 causam
1260 2087 1417 2128 ignoret,
1442 2091 1504 2119 aut
1526 2086 1710 2119 immorta-

283 2131 332 2163 lia
356 2135 456 2175 prata
486 2135 523 2162 et
549 2129 716 2162 umbrosa
736 2129 860 2161 Edemi
883 2129 1066 2162 domicilia
1089 2141 1161 2163 non
1187 2132 1362 2164 retribuat
1385 2132 1509 2172 nobis,
1537 2132 1598 2176 qui
1625 2132 1711 2164 reli-

283 2177 350 2209 ctis
389 2175 538 2208 aedibus
572 2186 640 2219 pro·
674 2175 752 2219 ipso
789 2180 939 2208 mortem
964 2182 1134 2220 oppetere
1158 2188 1264 2221 quam
1287 2178 1405 2211 vivere
1429 2177 1652 2221 maluimus),
1678 2178 1709 2213 si

283 2223 454 2256 memoria
479 2222 641 2265 repetitis
669 2232 761 2266 quae
785 2221 988 2266 quibusque
1012 2223 1233 2266 temporibus
1256 2224 1317 2256 isti
1345 2224 1450 2256 corde
1472 2223 1710 2256 incircumcisi

283 2269 322 2301 in
350 2268 540 2313 populares
564 2273 703 2300 nostros
730 2266 941 2308 admittant,
977 2273 1013 2300 et
1037 2279 1124 2312 quas
1149 2270 1199 2301 eis
1228 2269 1348 2313 alapas
1372 2270 1572 2314 impingant
1593 2280 1711 2302 recor-

285 2314 439 2355 damini,
466 2319 502 2346 et
523 2313 704 2357 sanguinis
730 2314 942 2346 innocenter
966 2315 1067 2346 effusi
1093 2315 1214 2359 aliqua
1244 2315 1489 2348 misericordia
1510 2315 1713 2360 tangimini,

284 2366 377 2394 state
403 2361 474 2392 iam
501 2360 652 2400 fortiter,
678 2364 714 2392 et
736 2364 878 2392 strenue
901 2365 1079 2404 pugnate,
1104 2371 1222 2405 neque
1249 2362 1344 2394 ullus
1367 2367 1566 2397 vos'terror
1587 2372 1711 2395 move-

284 2412 323 2440 at
355 2407 544 2451 quominus
569 2406 735 2438 alacriter
762 2406 946 2438 resistatis.
981 2412 1194 2450 cognoscant
1219 2407 1383 2448 barbari,
1408 2413 1580 2452 quantum
1605 2406 1710 2440 Chri-

284 2458 359 2486 stus
384 2453 551 2496 magister
586 2457 709 2484 noster
742 2456 778 2484 et
802 2457 1012 2496 praeceptor
1034 2452 1256 2485 seductorem
1284 2453 1499 2498 prophetam*
1519 2459 1555 2486 et
1578 2453 1710 2498 impiae

285 2499 467 2543 religionis
492 2498 688 2531 antistitem
715 2503 876 2542 superat,
901 2503 1002 2531 tanto
1026 2503 1062 2530 et
1085 2509 1149 2531 nos
1177 2498 1282 2531 rebus
1307 2500 1472 2532 omnibus
1506 2499 1710 2544 superiores

285 2556 372 2581 esse.
398 2556 477 2577 cum
501 2545 611 2588 igitur
634 2548 746 2576 castra
774 2549 894 2576 sancta
918 2544 1026 2576 simus
1050 2550 1086 2577 et
1113 2544 1284 2578 divinitus
1311 2546 1481 2578 collectus
1506 2545 1680 2578 exercitus
1697 2569 1708 2586 ,

284 2602 330 2624 ne
354 2591 508 2636 turpiter
533 2590 643 2623 vitam
667 2600 843 2630 amemus,
867 2600 935 2622 nec
952 2589 1091 2622 obitum
1114 2591 1383 2626 memorabilem
1409 2603 1474 2635 pro
1498 2591 1631 2624 Christi
1651 2601 1710 2623 ca-

285 2637 391 2670 ritate
417 2636 696 2670 reformidemus.
733 2635 762 2668 si
788 2635 883 2668 enim
911 2635 1071 2669 Christus
1095 2647 1159 2680 pro
1184 2637 1289 2669 nobis
1313 2642 1474 2670 mortuus
1499 2642 1569 2676 est,
1595 2647 1710 2682 quan-

285 2689 323 2715 to
348 2683 476 2716 iustius
507 2693 572 2715 nos
601 2694 664 2727 pro
693 2682 757 2714 illo
781 2682 1016 2726 oppetemus?
1053 2682 1224 2715 honestae
1250 2683 1332 2716 huic
1355 2683 1577 2727 expeditioni
1601 2683 1715 2718 etiam⁴

287 2729 367 2763 finis
390 2729 559 2763 honestus
585 2729 805 2774 imponatur.-
834 2727 972 2762 Christo
1001 2728 1083 2762 freti
1107 2740 1314 2774 pugnemus,
1345 2741 1422 2763 cum
1447 2735 1542 2763 certa
1567 2740 1629 2774 spe
1655 2729 1710 2762 vi—
