1838 3210
255 188 273 221 1
287 169 359 224 68
676 186 904 227 NJCETAE
943 185 1252 227 cflomATAE

203 289 320 326 Βθεν
348 290 647 341 προσεφευρεῖν
675 282 821 339 ἑτέραν
847 288 1024 338 μέθοδον
1054 288 1107 328 δι’
1127 282 1175 341 ἧς
1203 286 1261 334 εἰς
1290 283 1396 341 ᾅδου
1425 286 1568 338 τάχιον
1599 300 1673 324 κα-

245 350 500 404 ταχθήσεται
532 351 759 403 Στέφανος.
812 352 955 403 α’μέλει
986 353 1058 393 καί
1100 354 1143 394 ἐν
1162 354 1216 407 τῷ
1246 351 1573 402 ἐξαιματοῦσθαι
1599 347 1673 402 τήν

245 418 380 469 φλέβα
408 417 463 469 τῷ
505 412 704 470 Στεφάνῳ
745 416 956 469 έγχρίεται
996 415 1203 473 φαρμάκῳ
1228 415 1274 456 τὸ
1302 417 1481 467 ἐπίθεμα
1505 415 1579 467 τῆς
1605 429 1671 454 το-

242 482 351 531 μῆς·
421 477 464 519 τὸ
511 480 555 520 δὲ
599 476 679 536 ὅλῳ
719 482 947 535 περιχυθὲν
972 485 1030 538 τῷ
1058 482 1223 534 σώματι
1251 483 1319 522 καί
1349 476 1579 534 διαδραμὸν
1606 480 1674 519 καί

241 550 327 590 τοῖς
356 546 643 597 καιριωτέροις
687 547 898 599 ἐνσκῆψαν
935 548 1103 599 μέρεσιν
1130 543 1281 600 οἷπάγει
1312 547 1386 587 τοῦ
1409 546 1482 598 ζῆν
1507 542 1577 585 τὸν
1605 538 1710 584 liv-5

240 611 436 660 θρωπον,
480 606 719 662 πράγμασιν
760 610 906 659 αὐτοῖς
945 612 1091 666 σαφῶς
1143 609 1451 663 πιστωσάμενον
1490 607 1565 656 ’τὰς
1593 611 1675 649 τῶν

241 672 475 726 α’νθρώπων
502 673 686 722 ἐπινοίας
717 676 998 731 ἀκροσφαλεῖς
1027 678 1099 717 καί
1127 674 1288 728 δειλάς,
1317 675 1389 716 καί
1414 673 1468 724 ὦς
1490 675 1578 729 εἰκῇ
1606 671 1678 714 καὶ

239 736 372 791 μα’την
400 742 484 786 τοῖς
513 738 731 794 α’κιχήτοις
755 740 998 795 ἐγχειροῦσί
1020 757 1127 791 τινες
1143 743 1306 797 ε’φετοΐς
1333 743 1405 782 καί
1436 732 1679 781 διαπονοῦνέ

240 817 308 842 ται
335 807 420 850 τοῖς
449 803 613 851 οἰκείοις
642 805 967 858 ἐπιτηδεύμασι,
1007 805 1066 860 μὴ
1096 808 1169 847 καί
1189 807 1332 861 θεϊκῆς
1360 803 1674 860 συνεφαπτομέ-

241 882 311 920 νης
354 866 495 921 χειρὸς
544 864 707 910 ἄνωθεν
735 870 807 911 καί
847 875 932 919 τοῖς
956 874 1251 925 πραττομένοις
1279 867 1579 923 ἐπευδοκούσης
1606 867 1679 909 καὶ
1695 885 1741 910 ιο

241 930 577 987 κατευθυνούσης
608 932 661 975 τοὶ
692 932 849 976 τούτων
876 934 1097 988 διαβούλιοί
1127 951 1170 977 τε
1199 935 1270 977 καὶ
1295 935 1548 990 διαβήματοι.
1607 935 1679 975 καί

243 995 264 1036 ὅ
294 999 371 1048 μὲν
401 995 531 1038 ἔκειτο
563 994 717 1052 οὕτως,
751 999 821 1041 καί
847 996 898 1054 ἦν
928 1000 952 1041 ὅ
986 998 1130 1054 νεκρὸς
1161 1002 1294 1041 αὕτοῦ
1310 998 1580 1055 ὑβριζόμενος
1607 998 1680 1040 καί

243 1060 361 1110 ὁσίας
389 1057 586 1118 ἄμοιρος,
629 1067 702 1106 καί
727 1064 772 1106 τὸ
814 1063 1047 1119 Ζεύγμινον
1074 1063 1155 1106 ὑπὸ
1191 1059 1357 1108 Οῧννων
1384 1064 1580 1120 ὁμολογίᾳ
1606 1060 1676 1105 ἑά-

244 1131 362 1170 λωκε.

359 1197 502 1236 Ταῦτα
536 1194 591 1243 ὥς
616 1194 814 1249 η’νιότιστο
842 1195 1065 1250 βασιλεύς,
1094 1197 1200 1239 κατὰ
1231 1202 1312 1240 τῶν
1331 1193 1501 1254 Οὕννῳν
1524 1195 1676 1251 κηρύσ-
1695 1196 1743 1237 ι5

130 1270 170 1302 V.
186 1270 231 1303 68
244 1275 307 1300 σει
336 1260 529 1311 πόλεμον.
605 1262 671 1316 (2)
699 1257 793 1302 “Ore
829 1264 902 1303 καί
930 1260 1192 1315 Ἀνδρόνικος
1229 1262 1355 1304 πάλιν
1395 1260 1580 1315 ἀποδρὰς
1608 1260 1681 1303 καί

243 1325 576 1378 παραγενόμενος
603 1327 662 1374 εἰς
693 1328 733 1367 Γ
730 1326 897 1377 άλιτζαν
938 1328 1096 1368 ἐκεῖθεν
1125 1328 1405 1378 ἐπανέζευξεν.
1461 1324 1549 1369 ἔστι
1578 1328 1622 1368 δὲ
1650 1325 1678 1380 ἢ

246 1390 431 1441 Γὰλιτζα
460 1391 538 1443 μία
565 1393 647 1433 τῶν
690 1392 804 1447 παρὰ
838 1397 924 1441 τοῖς
946 1390 1051 1443 Ῥιός
1079 1395 1342 1448 τοπαρχιῶν,
1375 1390 1448 1441 οὓς
1475 1393 1547 1434 καί
1573 1390 1679 1434 Emi-

140 1458 230 1491 P·85
243 1459 326 1504 θας
349 1455 650 1512 εΥπερβορέους
688 1456 833 1513 φασίν.
899 1457 920 1499 ὅ
952 1459 998 1499 δὲ
1033 1456 1182 1512 τρόπος
1209 1459 1280 1512 τῆς
1303 1460 1438 1513 φυγῆς
1464 1453 1515 1512 ἦν
1537 1452 1676 1506 οὗτος.

244 1522 466 1562 πλάττεται
507 1520 577 1563 τὸν
619 1525 845 1575 νοσοῦντα,
880 1523 954 1564 καί
980 1524 1199 1578 προκοίτου
1227 1521 1377 1572 παιδὸς
1407 1523 1465 1571 εἷς
1492 1521 1568 1572 τοὶς
1596 1538 1678 1563 σω·-
1691 1538 1743 1564 20

243 1584 423 1637 ματικοὶς
457 1586 691 1642 ’ὑπηρεσίας
730 1587 997 1642 ηιῖμοιρηκώς
1030 1588 1300 1640 ἀλλοεθνοῦς,
1339 1590 1411 1628 καί
1430 1587 1576 1628 τούτου
1608 1588 1680 1627 καί

242 1649 293 1692 τὰ
327 1650 459 1692 πολλοὶ
489 1654 564 1705 τῆς
592 1652 798 1708 ἡμετέρας
828 1654 1044 1694 διαλέκτου
1075 1653 1559 1706 παραγραμματίζοντος,
1588 1652 1678 1693 ἔπι-

245 1715 413 1770 σκήπτει
444 1715 594 1772 τούτῳ,
623 1718 713 1758 ἐπεὶ
738 1716 811 1758 καὶ
825 1715 937 1774 μόνῳ
966 1713 1048 1758 dud
1075 1717 1239 1758 πάντων
1265 1716 1291 1772 ἡ
1317 1715 1418 1772 πρὸς
1444 1717 1520 1771 τὴν
1546 1730 1677 1771 φρου-

247 1780 327 1835 ράν
356 1780 492 1823 dystro
515 1779 685 1834 εἴσοδος,
714 1781 949 1837 ὑφελέσθαι
973 1780 1115 1839 λα’θρᾳ
1136 1781 1211 1830 τοὶς
1237 1786 1345 1832 κλεῖς
1370 1783 1452 1824 τῶν
1476 1783 1549 1824 τοῦ
1574 1781 1681 1835 πύρ-

245 1862 320 1901 γου
348 1848 512 1899 πυλῶν,
545 1845 668 1888 ὁπότε
697 1846 802 1902 πρὸς
829 1845 1028 1903 ἡμερινὸν
1046 1843 1244 1889 ὕπνονοὶ
1270 1846 1455 1904 φύλακες
1483 1844 1677 1902 τράποιν-
1691 1851 1745 1892 25

342 1963 393 1985 12.
418 1950 518 1985 αὔτῶ
540 1953 580 1985 Α.
724 1954 774 1986 ι3.
796 1944 872 1986 ὑπὸ
897 1952 972 1989 τῶν
1001 1951 1154 1989 Οὔννων
1177 1953 1216 1987 A.
1355 1963 1409 1987 21.
1433 1950 1678 2000 ἀλλοεθνοῦς]

338 1997 504 2043 σθλάβου
525 1997 713 2045 βαρβάρου
733 2000 769 2032 Β.

249 2095 342 2127 sorte
377 2093 580 2138 Stephanus
615 2106 742 2127 venam
779 2095 984 2135 incidisset,
1024 2105 1161 2128 veneno
1190 2095 1299 2127 ictum
1327 2093 1493 2134 inunxit3
1520 2092 1617 2137 quod
1641 2093 1679 2125 in

249 2146 365 2172 totum
390 2151 517 2183 corpus
545 2141 724 2182 diffusum,
752 2142 925 2186 correptis
949 2141 1137 2182 vitalibus,
1164 2141 1344 2173 hominem
1368 2139 1533 2172 celeriter
1558 2140 1682 2172 conse-

250 2187 310 2218 cit.
340 2186 438 2218 cuius
463 2187 629 2218 interitus
664 2193 785 2231 aperte
811 2188 969 2220 declarat
995 2188 1178 2220 hominum
1207 2187 1441 2229 cogitationes
1467 2187 1619 2218 incertas
1645 2190 1682 2219 et

251 2232 400 2264 fallaces
424 2243 519 2272 esse,
549 2244 588 2264 ac
610 2233 804 2265 nonnullos
834 2245 875 2266 ea
909 2235 1011 2277 sequi
1033 2245 1125 2277 quae
1154 2233 1295 2277 assequi
1319 2237 1519 2277 nequeant,
1543 2237 1580 2264 et
1606 2232 1681 2264 fru-

252 2284 325 2311 stra
354 2278 426 2310 suis
458 2279 527 2310 niti
552 2279 712 2311 consiliis
754 2291 794 2311 ac
819 2279 1029 2319 conatibus,
1053 2279 1175 2311 divino
1198 2279 1332 2311 auxilio
1359 2289 1432 2311 non
1458 2280 1680 2321 suffragante.

253 2324 403 2357 cadaver
428 2325 504 2357 eius
529 2324 687 2357 ludibrio
721 2324 886 2359 habitum
912 2325 1118 2370 sepulturae
1141 2323 1278 2356 honore
1305 2326 1428 2358 caruit.
1452 2325 1680 2367 Zeugminum

251 2369 393 2403 Hunnis
419 2370 642 2403 deditionem
667 2372 762 2404 fecit.

344 2417 408 2448 His
432 2418 624 2459 imperator
650 2418 782 2450 auditis
810 2418 948 2450 Hunnis
973 2417 1108 2449 bellum
1137 2415 1275 2448 indicit.
1338 2417 1402 2460 (2.)
1427 2415 1500 2448 Sub
1525 2415 1565 2448 id
1590 2421 1681 2449 tem-

249 2474 316 2507 pus
332 2462 554 2495 Andronicus
581 2462 699 2495 denuo
727 2475 865 2496 carcere
891 2464 1030 2507 elapsus
1046 2463 1205 2495 Galizam
1226 2462 1406 2506 confugit:
1431 2461 1494 2494 sed
1517 2473 1590 2494 non
1617 2462 1680 2496 diu

251 2509 305 2542 ibi
340 2509 481 2542 mansit.
516 2514 570 2541 est
599 2516 717 2542 autem
749 2510 872 2543 Galiza
907 2508 1093 2563 toparchia
1125 2508 1337 2549 Rossorum,
1368 2508 1430 2552 qui
1467 2514 1502 2541 et
1528 2508 1679 2551 Scythae

251 2555 474 2600 Hyperborei
509 2556 746 2599 appellantur.
779 2556 882 2599 fugae
918 2556 1008 2588 ratio
1033 2554 1239 2587 huiusmodi
1264 2555 1343 2587 fuit.
1368 2553 1531 2587 morbum
1556 2555 1681 2598 fingit,

253 2613 294 2634 ac
316 2612 428 2646 puero
453 2602 659 2645 peregrino,
685 2602 785 2635 cuius
802 2613 910 2646 opera
927 2601 965 2634 in
988 2601 1144 2645 corporis
1163 2601 1373 2634 ministeriis
1400 2605 1573 2642 uteretur,
1610 2601 1681 2634 lin-

253 2658 342 2691 guae
368 2647 536 2681 nostratis
575 2659 648 2680 non
677 2649 761 2681 satis
793 2659 922 2701 gnaro3
966 2647 1027 2680 sed
1053 2647 1109 2679 cui
1138 2647 1205 2679 soli
1233 2646 1278 2679 ad
1305 2646 1503 2679 custodiam
1533 2646 1681 2691 patebat

253 2694 392 2735 aditus,
428 2693 573 2727 mandat
610 2700 650 2727 ut
676 2695 791 2727 claves
831 2694 938 2727 turris
966 2694 1055 2726 clam
1084 2694 1275 2738 surripiat,
1300 2704 1378 2725 cum
1404 2693 1530 2736 vigiles
1549 2693 1678 2736 largius

253 2741 330 2787 poti
356 2740 592 2776 meridianum
625 2752 786 2774 somnum
826 2741 988 2785 capiant,
1028 2750 1158 2786 easque
1189 2751 1267 2773 cera
1295 2739 1472 2784 exquisite
1496 2739 1678 2785 exprimat·
