1878 3230
434 189 657 231 ALExms
694 189 871 231 DUCAS
910 189 1239 231 MURzoFLUs.
1437 169 1542 244 755

132 282 286 342 αὖθις,
334 291 407 332 καί
445 289 542 344 περὶ
573 290 649 345 τήν
690 291 818 344 μονὴν
855 293 932 331 τοῦ
959 288 1262 332 Παντεπόπτου
1305 286 1550 344 στρατήγιον

130 351 353 408 βάλλουσι,
380 353 457 409 τὴν
482 358 694 408 βασίλειον
720 356 1008 405 ἑσκυλευκότες
1032 355 1184 411 σκηνὴν
1211 357 1284 397 καί
1309 355 1445 396 αὐτῶν
1470 357 1551 395 τῶν

132 420 178 460 ἐν
201 423 464 475 Βλαχὲρναις
491 421 670 474 ἀρχείων
696 420 970 473 ἀπραγμόνως
991 436 1035 461 τε
1060 424 1131 462 καί
1156 423 1200 471 ἐξ
1223 420 1378 476 ἐφόδου
1404 435 1552 473 κεκρα-

130 484 306 538 τηκότες.
360 482 380 525 ὅ
412 487 457 527 δὲ
486 486 684 538 βασιλεὺς
701 487 799 541 τῇδε
826 485 991 526 κάκεῖσε
1016 487 1096 527 τῶν
1113 487 1186 540 τῆς
1206 485 1362 534 πόλεως
1381 483 1552 540 περιιών

93 550 347 591 ὅστενωπιὸν
373 551 576 606 ἐπεχείρει
601 554 680 604 μὲν
707 553 901 592 συνιστιῖν
926 549 999 592 καὶ
1022 553 1251 606 διακροτεῖν
1274 550 1376 606 πρὸς
1403 551 1555 592 σύντα-

131 617 193 664 ξιν
218 614 291 657 τόν
318 615 408 671 εἰκῇ
443 617 747 671 περιφοιταῖντα
784 614 910 656 λαόν·
968 616 1006 658 οἱ
1048 618 1086 656 δ’
1127 612 1213 658 οὔτ’
1257 615 1470 658 ἐπείθοντό
1514 613 1554 656 οἱ

130 679 445 734 ἐπιρρωννύοντι
471 676 566 722 053²
595 679 805 735 ὑπήκουον
824 679 1140 735 εὲπιπλήττοντι,
1171 678 1261 723 ἀλλ’
1285 680 1556 735 ἀπογνώσεως

129 747 258 788 πᾶσιν
285 747 391 799 αἰγίς
412 747 687 788 ἐπεσέσειστο.
746 749 819 788 καί
845 748 913 788 ἵνα
933 748 991 803 τῷ
1018 744 1123 805 λόγῳ
1144 745 1384 802 προβιβάσω
1402 745 1445 788 τὸ
1466 750 1554 787 λοι-

130 808 233 864 πόν,
263 811 446 852 κέκλικεν
479 809 505 865 ἦ
531 810 665 865 ἡμέρα
696 811 816 867 καὶῆ
843 812 918 863 νύξ
951 810 1207 866 προύκοπτε,
1243 815 1316 853 καί
1354 813 1436 854 τῶν
1475 814 1554 864 μὲν

73 888 120 915 10
132 874 373 917 οἷστυπόλων
400 876 572 924 ἕκαστος
599 874 855 933 ἐνεπόνειτῇ
880 879 1102 929 μεταθέσει
1121 880 1194 919 καί
1218 875 1451 931 καταχώσει
1476 880 1556 919 τῶν
1571 882 1680 928 Ρ.367

132 940 306 993 οὐσιῶν,
333 936 440 994 ἦσαν
468 942 503 981 δ”
530 936 590 989 οἷς
616 941 807 997 ᾑρέτιστο
840 946 908 983 καὶ
939 939 965 995 ἦ
998 942 1043 983 ἐκ
1069 944 1142 996 τῆς
1166 940 1322 991 πόλεως
1350 939 1556 998 ἔπαρσις,

130 1005 205 1048 καί
229 1005 286 1055 ὥς
308 1003 497 1054 ἑκάστοις
523 1004 765 1060 προυχώρει
791 1006 998 1058 σώζεσθαι
1026 1007 1253 1061 ἠπείγοντο.

239 1075 277 1114 3.
328 1070 447 1114 Ἰδών
466 1074 602 1112 τοίνυν
632 1071 653 1112 ὅ
683 1070 848 1120 Δούκας
876 1071 932 1121 ὥς
960 1072 1082 1114 οὐδὲν
1108 1068 1286 1128 ὠφελεῖ,
1315 1075 1388 1115 καί
1410 1072 1558 1123 δεδιώς

132 1134 223 1190 ἅμα
249 1135 306 1191 μή
335 1139 597 1192 συλληφθείη
627 1137 696 1179 καί
723 1137 779 1186 ὥς
808 1133 912 1191 ὄψον
939 1135 967 1194 ἢ
993 1138 1248 1194 ἐπιτράγημα
1275 1145 1364 1188 ταῖς
1389 1141 1559 1193 γνάθοις

74 1203 121 1244 15
133 1204 215 1244 τῶν
241 1205 438 1245 Λατίνων
460 1204 746 1257 προκείσεται,
775 1201 946 1245 εἴσεισιν
973 1203 1144 1256 ἀρχεῖον
1169 1203 1216 1245 τὸ
1244 1206 1446 1257 μέγιστον.
1488 1206 1562 1245 καί

133 1267 184 1323 δὴ
212 1266 287 1322 τήν
313 1267 561 1319 βασίλισσαν
590 1265 869 1322 Εὐφροσύνην
904 1267 979 1323 τὴν
1013 1271 1090 1309 τοῦ
1135 1270 1338 1321 βασιλέως
1368 1266 1558 1320 Ἀλεξίου

130 1338 306 1387 γυναῖκα
333 1334 404 1374 καί
429 1330 502 1387 τήν
528 1333 683 1387 ταύτης
710 1335 925 1388 θυγατέρα
954 1333 1158 1375 Εὗὸοκίαν
1189 1335 1399 1392 λεμβαδιζο
1440 1337 1558 1376 ἐνθέ-

131 1413 279 1451 μενος,
319 1391 368 1452 ἧς
394 1398 451 1454 τῷ
476 1395 602 1451 ἔρωτι
632 1400 955 1453 προκατείληπτο
981 1401 1277 1453 πολυομίλητος
1304 1398 1350 1440 ἐκ
1391 1399 1559 1455 πρώτης

132 1462 278 1518 τριχὸς
305 1464 376 1504 καί
404 1461 611 1519 ῥυηφενὴς
636 1464 695 1512 εἰς
729 1465 867 1513 κοίτας
903 1465 1162 1516 δεικνύμενος
1200 1467 1273 1506 καί
1305 1465 1380 1506 δύο
1418 1480 1558 1520 κουρι-

68 1544 121 1571 20
135 1530 248 1577 διὀυς
277 1527 455 1581 ἀλόχους
483 1527 595 1582 παρὰ
628 1529 744 1582 δίκην
775 1527 1153 1582 ἀποπεμψάμενος,
1190 1532 1263 1583 τῆς
1301 1529 1456 1578 πόλεως
1492 1529 1559 1581 ἕξ-

132 1609 240 1646 εισι,
269 1592 525 1646 βασιλεύσας
551 1595 685 1647 μῆνας
716 1592 792 1634 δύο
822 1595 894 1635 καὶ
928 1591 1088 1648 ἡμέρας
1114 1595 1157 1645 ἓξ
1183 1594 1287 1649 πρὸς
1323 1600 1416 1643 ταῖς
1444 1595 1592 1637 &maz

131 1660 203 1701 τοῦ
236 1661 283 1701 δὲ
325 1661 527 1713 βασιλέως
569 1655 674 1701 οὕτω
718 1658 1141 1712 μεταναστεύσαντος,
1175 1662 1348 1701 νεανιῶν
1383 1661 1558 1720 ξυνιορίς

230 1775 258 1798 1.
282 1775 379 1797 παντ
414 1762 632 1804 πεζεῦουσι,
656 1765 718 1797 καὶ
741 1760 807 1801 τὰς
830 1763 947 1798 ἐκεῖσε
971 1764 1096 1801 τέντας
1119 1763 1389 1801 καταλύσαντες
1413 1765 1476 1798 καὶ
1501 1765 1556 1802 εἰς

222 1805 267 1844 τὰ
292 1811 333 1845 ἐν
357 1813 577 1855 βλαχέρναις
602 1810 766 1844 παλάτια
802 1809 1036 1847 εἰσελθόντες
1073 1813 1136 1843 καὶ
1161 1811 1408 1857 κρατήσαντες
1432 1809 1556 1846 αὐτῶν

222 1856 513 1902 ὑποστρέφουσι
544 1857 662 1892 πάλιν
696 1858 737 1891 ἐν
767 1858 812 1898 τῆ
844 1857 910 1890 τοῦ
935 1857 1198 1890 παντεπόπτου
1224 1862 1325 1903 μονῆ
1358 1857 1556 1901 βάλλοντες

223 1903 391 1948 χάρακα·
414 1904 451 1936 Β.
591 1914 646 1937 αι.
670 1909 753 1948 post
776 1902 866 1937 δέκα
890 1903 938 1935 B:
974 1905 1043 1936 τοῦ
1068 1903 1188 1937 αὐτοῦ’
1209 1904 1416 1948 χωνειάτου
1443 1902 1556 1949 τόμος

224 1962 279 1991 aq:
305 1952 520 1996 φιλονεικία
544 1949 612 1984 τοῦ
633 1949 752 1984 δούκα
777 1953 839 1983 καὶ
865 1949 934 1984 τοῦ
955 1950 1118 1995 λάσκαρι
1140 1953 1229 1996 περὶ
1250 1953 1313 1992 τῆς
1333 1951 1530 1995 βασιλείας.

135 2038 181 2071 ad
204 2038 393 2083 Drungarii
428 2038 535 2072 aedes
563 2039 772 2084 absumpsit)
800 2040 929 2073 reversi
954 2038 999 2072 acl
1034 2041 1272 2085 Pantepoptae
1306 2041 1558 2074 monasterium

135 2091 248 2118 castra
273 2086 412 2127 locant,
437 2086 660 2130 imperatoris
687 2087 844 2119 tentorio
872 2086 1025 2131 spoliato
1052 2092 1088 2120 et
1111 2087 1320 2121 Blachernio
1347 2087 1482 2131 palatio
1508 2089 1560 2120 ci-

134 2136 189 2165 tra
213 2133 394 2176 negotium
417 2133 531 2177 primo
557 2134 692 2177 impetu
717 2138 831 2177 capto.
860 2138 897 2166 at
920 2134 1114 2178 imperator
1142 2134 1180 2166 in
1216 2134 1306 2166 alios
1333 2139 1441 2178 atque
1467 2133 1558 2167 alios

135 2178 232 2211 urbis
257 2179 462 2223 angiportus
487 2179 685 2212 discurrens
712 2179 880 2212 studebat
904 2180 967 2212 ille
992 2180 1136 2224 quidem
1167 2186 1302 2213 temere
1332 2179 1573 2223 oberrantem·

134 2225 307 2269 populum
334 2226 502 2270 colligere
528 2231 564 2259 et
596 2226 815 2258 centuriare:
843 2225 905 2258 sed
929 2226 955 2258 ii
991 2237 1110 2271 neque
1146 2228 1291 2260 monitis
1328 2227 1402 2259 eius
1436 2234 1558 2259 move*

133 2271 287 2312 bantur,
313 2283 380 2305 nec
411 2273 674 2317 increpationes
699 2272 872 2305 curabant
895 2272 1039 2305 turbine
1063 2273 1320 2317 desperationis
1345 2283 1466 2306 omnes
1493 2284 1557 2318 op-

135 2318 257 2360 pressi.
281 2324 318 2351 et
341 2324 382 2351 ut
405 2329 445 2351 ea
470 2330 560 2363 quae
585 2324 720 2352 restant
743 2319 933 2363 adiungam
950 2344 959 2359 ‚
984 2319 1061 2352 dies
1087 2320 1291 2360 inclinavit,
1315 2331 1386 2352 nox
1413 2330 1556 2364 proces-

136 2363 206 2404 sit,
236 2369 272 2396 et
294 2364 390 2397 urbis
415 2364 635 2398 habitatores
659 2376 782 2398 omnes
808 2365 1061 2399 transferendis
1082 2372 1119 2399 et
1134 2365 1360 2399 defodiendis
1378 2366 1451 2399 suis
1476 2366 1554 2409 opi-

136 2408 203 2441 bus
231 2411 505 2455 occupabantur.
537 2418 639 2445 erant
664 2412 769 2444 etiam
792 2412 855 2456 qui
880 2422 923 2444 ex
947 2412 1035 2445 urbe
1075 2413 1212 2447 vellent
1248 2412 1451 2453 discedere,
1482 2423 1553 2455 qua

137 2456 288 2499 quisque
312 2464 432 2500 posset
456 2458 593 2491 ratione
621 2458 770 2492 salutem
795 2458 1001 2502 quaesituri.

227 2502 259 2534 3.
306 2503 420 2536 Ducas
444 2505 551 2548 igitur
580 2516 659 2537 cum
683 2515 720 2537 se
743 2503 835 2537 nihil
856 2505 1028 2548 proficere
1054 2505 1212 2545 videret,
1238 2504 1414 2548 simulque
1449 2503 1552 2535 time-

139 2553 194 2580 ret
215 2558 261 2580 ne
284 2554 406 2592 captus
428 2556 590 2593 paratum
615 2551 802 2596 opsonium
830 2551 985 2583 maxillis
1012 2551 1215 2584 Latinorum
1235 2556 1337 2591 esset,
1363 2550 1553 2582 maximum

137 2594 311 2638 palatium
345 2595 632 2638 ingreditur‚.et
662 2597 892 2642 Euphrosyna
931 2598 1155 2641 imperatoris
1189 2597 1304 2629 Alexii
1335 2597 1480 2638 coniuge
1517 2599 1554 2628 et

139 2641 216 2672 eius
241 2640 316 2672 filia
335 2640 514 2681 Eudocia,
537 2643 636 2676 cuius
658 2654 776 2676 amore
799 2643 989 2676 tenebatur
1013 2649 1106 2688 (erat
1129 2644 1223 2676 enim
1248 2643 1352 2675 homo
1379 2652 1398 2673 a
1422 2641 1554 2685 puber-

138 2692 214 2719 tate
241 2686 454 2730 libidinosus
485 2693 523 2719 et
544 2689 671 2729 salax,
708 2695 744 2723 et
781 2689 867 2722 duas
901 2690 1106 2722 iuvenculas
1140 2700 1266 2722 uxores
1297 2698 1360 2732 per
1389 2687 1554 2719 iniuriam

141 2732 379 2779 repudiarat),
406 2732 526 2766 lembo
550 2734 747 2779 impositis,
771 2735 860 2768 urbe
883 2735 1082 2780 egreditur,
1118 2744 1197 2771 cum
1230 2734 1317 2768 duos
1353 2743 1490 2767 menses
1518 2737 1555 2766 et
