1878 3230
234 162 343 236 298
658 176 887 218 NJCETAF.
934 173 1245 216 cnoNlATAE

229 277 301 319 καὶ
328 274 427 329 ύμῖν
453 275 526 329 τὴν
554 273 651 329 περὶ
679 271 824 315 τούτου
855 271 1000 321 διδούς
1038 273 1209 327 ἐσοίμην
1233 270 1412 327 εἴδησιν,
1441 274 1514 314 καὶ
1539 273 1659 321 αὐτὸς

231 344 299 394 δέ,
331 338 387 389 ὥς
424 338 514 389 ἐξόν
540 354 637 391 μοι,
679 340 798 380 τοῦτο
825 335 1014 379 κωλύω.”
1086 335 1158 379 καί
1182 343 1266 386 τοῖς
1313 335 1474 393 ῥήμασι
1500 338 1661 385 τούτοις

230 407 481 453 ἐπικαθίσας
522 403 579 452 ὥς
609 401 654 445 αἱ
681 407 806 456 μυῖαι
840 407 926 451 τοῖς
949 399 1155 454 μώλωψι,
1183 401 1291 443 πάνυ
1318 402 1544 456 χρησίμοις
1570 395 1664 442 οὖσι

230 469 336 524 πρὸς
362 468 414 523 ἢν
440 466 571 509 πάλαι
591 464 716 510 α’)’δινε
744 466 971 521 τυραννίδα
1001 468 1326 522 ἐμβριθέστερον
1351 464 1461 520 ἔχων
1486 463 1534 506 τὸ
1563 459 1666 518 ἦθος

231 536 302 576 καί
324 532 368 575 τό
399 533 593 590 φρόνημα
618 531 915 588 α’ρχικώτερον,
953 533 1164 586 ἐπάλληλα
1193 530 1245 573 τὰ
1271 530 1500 588 γράμματα
1527 528 1705 576 &irtel-'5

191 603 275 647 (ζλε
299 597 403 653 πρός
429 614 472 640 τε
499 597 574 640 τὸν
601 597 775 651 α’νεψιὸν
805 599 877 639 καί
894 600 1071 651 βασιλέα
1085 597 1277 649 Ἀλέξιον
1300 596 1371 639 καὶ
1394 594 1467 638 τὸν
1493 596 1567 650 τῆς
1592 605 1670 647 ’με-

228 663 371 718 γίστης
397 662 624 719 ἱερωσύνης
664 660 901 718 κοσμήτορα
937 663 1162 705 Θεοδόσιον
1194 662 1263 704 καὶ
1291 660 1390 710 τούς
1417 658 1584 708 λοιπούς
1608 655 1670 707 οἷς

232 727 424 783 ζώπυρόν
454 731 598 784 φιλίας
616 728 723 783 ὑπῆν
738 727 842 783 πρὸς
864 727 940 771 τὸν
959 726 1256 782 κατοιχόμενον
1273 727 1451 782 βασιλέα
1476 723 1550 768 τὸν
1568 726 1670 766 Ma-

230 792 378 847 νουήλ,
407 794 453 835 ἐν
485 795 606 851 δεινῷ
633 796 847 846 τιθέμενος
873 792 925 835 τὰ
963 794 1036 848 τῆς
1065 792 1300 848 ἀσχήμονος
1328 792 1471 849 φήμης
1498 793 1670 845 περιλαφ

232 855 416 913 λήματα,
457 861 530 900 καί
573 857 644 901 τόν
674 861 982 913 ἀγανακτοῦντα
1007 856 1327 913 ύποκρινόμενος
1357 856 1477 911 εἰμὴ
1508 854 1530 897 ὅ
1557 871 1671 910 πρω-
1688 869 1736 894 io

232 922 485 976 τοσεβαστὸς
515 926 589 978 τῆς
616 926 863 974 δυναστείας
900 926 1166 979 παραλυθειή
1205 923 1277 965 καί
1299 923 1374 978 τήν
1395 923 1673 977 μετριωτέραν

233 986 369 1042 τύχην
395 987 460 1043 εἴη
487 988 763 1044 μετειληφώς,
793 987 864 1030 καί
887 988 959 1030 διὰ
979 988 1054 1030 τὸν
1072 991 1359 1044 προσέρποντα
1387 989 1465 1040 μὲν
1484 988 1674 1029 ἐντεῦθεν

233 1052 307 1094 καί
334 1049 416 1108 ἤδη
453 1055 761 1107 καθιστάμενον
797 1053 1104 1110 προδηλότατον
1145 1055 1222 1096 τοῦ
1255 1055 1461 1107 βασιλέως
1487 1049 1674 1101 Ἀλεξίου

234 1110 432 1173 ὄλεθρον,
471 1119 579 1160 ἄλλα
621 1120 668 1160 δὲ
706 1120 778 1161 καί
803 1115 882 1174 τήν
910 1119 1078 1174 ἀπρεπῆ
1125 1119 1204 1172 οὐχ
1241 1115 1392 1173 ἥκιστα
1437 1116 1581 1173 φήμην
1606 1114 1678 1156 καί

235 1184 340 1224 ω’σίν
386 1182 603 1238 ἡμετέροις
642 1184 718 1225 οὐκ
750 1184 1084 1240 εὔπαρὰδεκτον,
1122 1181 1214 1238 ἥτις
1251 1185 1312 1225 ἐπ’
1345 1178 1483 1238 ἄκρων
1508 1182 1677 1235 τειχέων
1692 1181 1740 1222 ι5

235 1249 487 1303 κηρύσσεται
515 1252 588 1291 καί
617 1249 771 1299 πύλαις
801 1252 1018 1292 δυναστῶν
1045 1248 1264 1305 ἐφεδρεύει
1284 1251 1356 1290 καί
1379 1246 1545 1304 πρόεισι
1570 1261 1676 1300 παγ-

237 1310 408 1366 κόσμιον
432 1313 688 1370 περιήχημα.
744 1317 817 1357 καί
842 1316 977 1356 ταῦτα
1008 1315 1138 1368 λέγων
1167 1312 1240 1356 καὶ
1268 1312 1444 1370 γράφων
1467 1315 1564 1366 μεθ’
1586 1312 1678 1361 οἵας

195 1378 316 1423 notin
356 1376 463 1420 εἴποι
489 1395 553 1428 τις
594 1377 646 1422 ἂν
673 1379 954 1435 πειθανάγκης
991 1379 1061 1422 καὶ
1100 1379 1383 1434 λαμυρότητος
1416 1375 1488 1436 (ἦν
1511 1377 1612 1433 γάρ,
1641 1378 1682 1420 εἴ

239 1442 394 1493 και’τις
423 1441 572 1498 ἄλλος,
618 1449 876 1501 γραμμάτων
913 1445 1110 1502 ἔμπειρος
1151 1446 1223 1487 καί
1253 1444 1332 1487 οἴνα
1374 1442 1510 1498 στόμα
1540 1446 1680 1499 φέρων

241 1508 310 1550 αἐἶ
334 1512 410 1550 τοῦ
435 1509 817 1567 πνευματορήτορος
845 1510 1027 1553 Παύλου
1054 1510 1104 1552 τοὶ
1137 1509 1375 1566 ἐπιστόλια)
1406 1506 1492 1563 εἶχε
1519 1508 1680 1558 πάντας
1693 1523 1745 1547 20

241 1576 295 1631 τῇ
323 1576 452 1616 αὐτοῦ’
483 1574 621 1633 γνώμῃ
655 1579 1008 1632 προστιθεμένους
1036 1575 1108 1617 καί
1134 1575 1238 1631 πρὸς
1268 1577 1420 1617 ἐκεῖνον
1445 1574 1683 1623 νενευκότας

242 1638 483 1692 μονώτατον
514 1642 571 1690 ὥς
605 1640 892 1696 φιλορώμαιον
915 1637 1048 1696 ἄνδρα
1070 1640 1142 1682 καί
1163 1638 1300 1697 χρόνῳ
1321 1642 1467 1696 μακρῷ
1495 1639 1568 1681 καί
1593 1641 1682 1680 πεί-

244 1721 298 1762 ρᾳ
321 1709 550 1763 πολιωτέρᾳ
582 1707 632 1748 τα
672 1705 871 1749 κάλλιστα
910 1704 1227 1759 συλλεξάμενον.
1286 1705 1359 1747 καί
1386 1704 1510 1754 αὐτὸς
1539 1707 1585 1746 δὲ
1613 1706 1685 1746 τοῦ

249 1772 421 1813 Οἰναιόυ
462 1771 625 1826 α’πάρας
662 1771 768 1827 πρὸς
793 1771 868 1827 τήν
904 1775 985 1814 τῶν
1023 1770 1182 1813 πόλεων
1218 1773 1416 1823 βασιλίδα
1444 1773 1682 1824 μετέβαινε,

337 1877 370 1957 ἒ.
394 1869 434 1910 τὸ
463 1882 655 1957 Quumque
680 1889 736 1910 om
762 1879 800 1911 A.
967 1878 1015 1921 14.
1040 1875 1105 1920 τήν
1131 1876 1296 1925 ἀπρεπῆ]
1335 1875 1402 1911 τὸν
1431 1896 1476 1903 --
1503 1876 1617 1922 λόγον
1638 1895 1686 1902 ·-

368 1933 447 1960 στις
505 1948 512 1955 .

246 2023 385 2052 vestrae
409 2018 528 2052 fraudi
553 2019 616 2060 sit,
643 2018 682 2051 id
707 2024 742 2052 et
765 2019 867 2052 vobis
891 2019 1059 2052 indicabo
1086 2024 1122 2052 et
1144 2019 1222 2063 ipse
1246 2029 1310 2063 pro
1335 2018 1432 2051 virili
1454 2029 1537 2051 ,mea
1558 2017 1684 2062 prohi-

247 2065 365 2098 bebo”
391 2070 433 2098 ut
458 2076 600 2098 muscae
626 2065 808 2098 ulceribus
827 2065 1004 2106 inhaesit,
1031 2071 1254 2110 opportunae
1279 2064 1471 2098 admodum
1495 2063 1539 2096 ad
1564 2070 1686 2106 tyran-

249 2111 394 2152 nidem,
434 2123 543 2156 quam
568 2112 638 2144 iam
666 2112 754 2144 olim
769 2109 1014 2156 parturiebat.
1040 2118 1077 2145 et
1101 2117 1143 2145 ut
1165 2111 1273 2144 homo
1299 2122 1380 2144 acer
1405 2115 1482 2144 erat
1512 2115 1549 2143 et
1571 2110 1687 2154 impe-

250 2158 391 2198 riosus,
415 2158 556 2191 crebras
589 2158 728 2191 litteras
766 2158 814 2191 ad
851 2160 1103 2203 imperatorem
1129 2163 1164 2190 et
1198 2163 1366 2203 nepotem
1390 2157 1554 2191 Alexium
1579 2162 1616 2189 et
1641 2155 1687 2189 ad

251 2203 751 2249 patriarchamTheodosium
768 2217 808 2238 ac
835 2211 1009 2246 caeteros,
1037 2205 1076 2238 in
1103 2205 1235 2249 quibus
1260 2205 1382 2248 aliqua
1406 2203 1562 2236 scintilla
1589 2213 1688 2235 amo-

254 2251 304 2284 ris
332 2261 413 2293 erga
427 2251 632 2283 Manuelem
660 2250 868 2284 defunctum
897 2251 1104 2296 apparebat,
1128 2251 1258 2291 mittit,
1284 2251 1322 2283 in
1347 2249 1479 2294 quibus
1503 2249 1688 2282 infamiam

256 2297 510 2341 exaggerabat,
553 2308 663 2342 seque
701 2298 882 2341 indignari
929 2298 1123 2330 simulabat
1138 2322 1148 2338 ,
1185 2296 1283 2342 quod
1320 2297 1590 2341 protosebastus
1615 2307 1689 2329 non

254 2343 422 2388 adempta
438 2344 601 2387 potentia
638 2342 683 2375 ad
708 2344 984 2377 moderatiorem
1022 2344 1202 2377 fortunam
1225 2343 1464 2386 redigeretur,
1486 2347 1562 2375 tum
1590 2341 1689 2386 quod

253 2389 354 2422 haud
376 2389 526 2422 dubium
551 2391 759 2434 imperatori
804 2391 954 2423 exitium
978 2390 1122 2422 iamiam
1163 2389 1248 2422 inde
1272 2389 1515 2434 impenderet,
1540 2394 1617 2422 tum
1641 2388 1687 2421 ob

248 2436 501 2480 turpissimum
528 2447 705 2469 rumorem
733 2442 770 2470 et
794 2437 881 2480 ipsis
905 2435 1052 2469 auribus
1077 2447 1216 2480 gravem
1235 2461 1244 2476 ‚
1270 2437 1333 2481 qui
1358 2436 1396 2467 in
1421 2435 1567 2468 summis
1591 2446 1691 2468 moe-

257 2482 365 2515 nibus
390 2483 573 2523 clamitet,
600 2487 636 2515 et
660 2483 698 2514 in
726 2483 862 2515 foribus
889 2483 1089 2527 principum
1113 2488 1272 2515 versatus
1296 2487 1411 2515 totum
1438 2481 1560 2514 orbem
1579 2487 1692 2515 terra—

257 2540 334 2562 rum
374 2535 595 2573 pervagetur.
633 2529 722 2561 haec
751 2541 830 2561 cum
868 2540 1003 2561 summa
1031 2530 1200 2573 gravitate
1228 2534 1264 2561 et
1290 2528 1481 2573 splendore
1507 2527 1692 2572 loquendo

258 2581 296 2608 et
320 2576 508 2608 scribendo
534 2576 628 2617 (erat
652 2576 746 2607 enim
772 2575 971 2608 litterarum
999 2577 1159 2619 apprime
1186 2575 1344 2620 peritus,
1370 2581 1406 2607 et
1434 2574 1547 2607 divini
1571 2579 1692 2606 orato-

259 2622 307 2654 ris
333 2622 431 2655 Pauli
459 2622 629 2666 epistolas
654 2621 809 2655 subinde
835 2622 873 2654 in
899 2634 959 2654 ore
988 2622 1161 2666 habebat)
1185 2633 1307 2654 omnes
1334 2622 1369 2654 in
1395 2633 1493 2654 suam
1517 2620 1694 2654 sententi-

259 2680 314 2699 am
339 2670 534 2711 perti-axit3
558 2674 666 2712 atque
693 2668 730 2700 id
758 2674 968 2701 consecutus
989 2674 1062 2708 est,
1089 2674 1130 2701 ut
1153 2674 1321 2712 tanquam
1347 2668 1397 2700 rei
1422 2667 1590 2712 publicae
1615 2672 1692 2699 stu-

261 2713 480 2749 diosissimus
512 2721 548 2749 et
571 2716 676 2759 longo
704 2721 862 2760 tempore
887 2726 927 2747 ae
954 2727 1018 2748 usu
1045 2727 1160 2748 rerum
1185 2715 1356 2749 diuturno
1370 2714 1572 2761 perpolitus
1599 2724 1698 2748 sum-
