1838 3210
247 185 310 220 10
366 147 368 149 ¹
666 177 895 220 moinum
941 175 1250 217 emorimur:

1565 268 1578 283 ζ

237 278 369 333 μονήν
405 281 487 321 τῶν
528 274 766 332 ΙΠαγγάνων
813 272 1119 327 λαμπροτάτοις
1163 270 1508 325 οἰκοδομήμασιν,
1558 287 1579 322 ο
1623 273 1670 314 δὲ

236 350 336 393 παῖς
362 343 548 398 Ἰωάννης
576 341 647 384 τὸν
676 341 838 394 πατέρα
868 335 978 393 ὁρῶν
1004 340 1055 395 τῇ
1080 337 1248 393 τελευτῇ
1277 335 1568 390 πλησιάζοντα,
1599 334 1674 378 καί

236 409 312 462 τὴν
341 410 499 463 μητέρα
543 404 664 454 εἰδώς
704 403 1043 458 α’ποστέργουσαν
1067 401 1140 444 καί
1171 402 1221 458 τῇ
1253 397 1414 456 ἀδελφῇ
1443 400 1520 455 τήν
1547 405 1671 453 βασι-

236 476 352 515 λείαν
376 473 608 525 μνωμένην,
640 471 851 511 κοινοῦται
884 466 928 510 τὸ
961 469 1148 522 ποιητέον
1179 471 1266 515 τοῖς
1293 466 1338 507 ἐκ
1365 466 1436 520 τῆς
1463 463 1671 519 συγγενεί-

237 554 288 586 ας
316 538 455 592 §amane
494 539 600 592 φίλα
641 535 895 590 φρονοῦσιν,
936 527 994 574 ὧν
1028 531 1077 574 τά
1125 531 1328 586 κράτιστα
1356 525 1406 584 ἦν
1434 527 1456 570 ὅ
1487 526 1709 585 οἷδελφόςό

230 599 450 649 ’[σαάκιος.
508 600 582 641 καί
609 597 659 654 δή
683 596 829 640 λαθών
852 596 927 653 τήν
953 599 1114 652 μητέρα
1134 594 1280 638 εἴσεισι
1307 594 1378 637 τόν
1404 597 1579 637 κοιτῶνα
1598 593 1672 637 τὸν

235 663 462 720 πατρικόν,
509 666 584 707 καί
618 663 862 719 προσπεσών
901 663 958 711 ὥς
987 663 1132 717 ιδῆθεν
1168 658 1390 715 θρηνήσων
1425 659 1672 715 ὑφαιρεῖται

236 729 373 784 λάδρα
405 732 475 785 τῆς
519 728 675 772 ἐκείνου
717 727 861 784 χειρὸς
905 726 974 770 τὸν
1013 729 1306 782 σφραγιστῆρα
1334 723 1562 768 δακτύλιον.
1590 725 1674 767 εἰσί

198 797 276 837 (ἰδ’
305 797 350 838 οἳ
371 793 476 837 κατὰ
507 793 673 849 γνώμην
698 795 775 836 τοῦ
802 791 961 848 πατρὸς
990 789 1117 834 αὐτόν
1148 807 1255 847 φασι
1279 790 1369 832 τόδε
1389 791 1669 845 πεποιηκέναι,

236 858 294 910 ὥς
324 859 495 902 δίδωσιν
521 861 672 902 ἐννοεῖν
698 856 748 900 τά
768 856 873 910 μετὰ
902 856 1042 911 βραχύ
1075 855 1354 911 ῥηθησόμενα.
1413 851 1558 897 αὖτίκα
1589 855 1672 896 τοί·
1690 872 1737 898 10

235 942 311 968 νυν
351 924 373 966 ὅ
398 921 590 979 Ἰωάννης
627 922 728 972 τούς
765 925 1013 974 συνίστορας
1051 918 1260 976 η’θροικώς
1309 922 1380 962 καί
1402 918 1447 962 τὸ
1481 921 1673 974 πραχθὲν

234 987 444 1045 ἤγγελκώς
471 990 542 1030 ἐπὶ
573 990 740 1043 κέλητος
780 989 881 1040 μεθ’
908 983 1047 1028 ὅπλων
1075 984 1178 1041 πρὸς
1203 984 1248 1028 τὸ
1278 987 1474 1039 μέγιστον
1500 985 1673 1039 α’ρχεῖον

235 1054 472 1110 ἐξώρμησε,
510 1057 602 1095 κατ’
645 1053 778 1108 αὐτὴν
821 1051 896 1107 τήν
932 1053 1012 1093 τῶν
1053 1049 1296 1104 Μαγγάνων
1335 1049 1467 1104 μονήν
1501 1048 1573 1090 καί
1598 1048 1677 1099 τὰς

236 1118 390 1174 α’γυιάς
431 1117 584 1171 ὁμοίως
611 1118 685 1173 τῆς
711 1115 870 1165 πόλεως
910 1113 992 1157 ὑπὸ
1023 1114 1210 1169 πλήθους
1234 1116 1310 1156 τοῦ
1334 1112 1574 1170 σύμφρονος
1602 1115 1676 1156 καί

236 1186 320 1226 τῶν
359 1181 466 1225 κατὰ
511 1181 654 1238 φήμην
688 1183 769 1223 τῶν
820 1181 1041 1236 δρωμένων
1066 1180 1399 1232 συναλιζομένων
1427 1179 1674 1221 άστυπόλων
1690 1183 1738 1225 15

235 1246 435 1300 βασιλεὺς
464 1245 734 1302 αὐτοκράτωρ
757 1243 1138 1302 ἀνευφημούμενος.
1194 1244 1221 1299 ἧ
1246 1247 1411 1297 βασιλὶς
1440 1246 1486 1286 δὲ
1515 1245 1673 1300 Εἰρήνη

235 1314 309 1355 καί
331 1310 469 1368 μήτηρ
509 1314 584 1354 τοῦ
612 1308 803 1356 Ἰωάννου
831 1310 935 1367 πρὸς
962 1313 1045 1353 τῶν
1075 1309 1184 1352 οὕτω
1209 1311 1435 1364 γινομένων
1461 1310 1675 1364 ἐκθαμβη-

236 1382 362 1420 θεῖσα
390 1378 588 1420 στείλασα
631 1378 911 1430 μετεπέμπετο
947 1374 1018 1418 τὸν
1061 1372 1181 1429 υἱόν,
1221 1374 1294 1417 καί
1319 1372 1493 1431 παρῄνει
1520 1376 1604 1416 τῶν
1631 1373 1675 1416 ἐν

237 1445 388 1499 χερσῖν
424 1443 704 1496 ἀποσχέσθαι.
757 1441 815 1491 ὥς
842 1443 880 1483 δ’
924 1436 976 1496 ἦν
1002 1439 1098 1491 ὅλος
1126 1443 1209 1483 τῶν
1235 1442 1458 1496 δρωμένων
1488 1439 1510 1481 ὅ
1538 1437 1674 1481 Ἰωάν-

239 1524 312 1563 νης
349 1508 422 1549 καί
465 1509 550 1549 κατ’
589 1507 741 1549 οὐδένα
787 1506 938 1563 τρόπον
975 1506 1050 1560 τῆς
1089 1505 1246 1561 μητρὸς
1277 1507 1550 1561 ἐπεστρέφετο
1570 1536 1581 1554 ,
1607 1501 1675 1546 τὸν
1687 1523 1741 1550 20

195 1575 468 1628 ΒΒρυέννιον
481 1569 784 1627 έπιρρώννυσιν
815 1573 1039 1614 ἐπιθέσθαι
1066 1572 1117 1628 τῇ
1141 1574 1334 1628 βασιλείᾳ
1361 1567 1675 1626 συναρηγούσης

240 1639 378 1692 αὐτῆς.
435 1634 490 1687 ὥς
521 1639 558 1678 δ’
588 1637 674 1678 οὐδ’
706 1634 813 1678 οὕτω
846 1635 896 1678 τά
925 1635 1030 1678 κατά
1060 1638 1209 1689 σκέψιν
1240 1633 1353 1690 ἑώρα
1380 1637 1676 1690 προβαίνοντα,

239 1702 428 1756 πρόσεισι
455 1703 510 1759 τῷ
549 1702 673 1756 άνδρί
697 1700 769 1742 ἐπὶ
799 1700 937 1755 κλίνης
965 1701 1201 1758 ἐρριμμένῳ
1227 1704 1299 1743 καί
1325 1702 1546 1757 βραχείαις
1572 1700 1677 1741 α’να-

240 1772 386 1816 πνοαῖς
426 1764 498 1809 τὸν
534 1768 668 1818 ζῶντα
707 1766 1053 1821 ὖποσημαίνοντι,
1099 1768 1170 1808 καί
1205 1767 1396 1819 βαλοῦσα
1438 1762 1594 1820 ἑαυτήν
1621 1763 1679 1821 τιῑὶ

332 1879 366 1911 9.
390 1864 476 1900 τόδε
507 1864 776 1911 πεποιηκέναι]
812 1862 881 1906 τὴν
911 1865 976 1906 τῆς
998 1862 1127 1911 χειρὸς
1162 1863 1372 1911 ὑφελέσθαι
1397 1862 1612 1911 σφενδόνην
1634 1863 1676 1896 A.

241 1949 361 1977 cturus
393 1949 505 1984 esset,
546 1954 631 1988 prae
659 1954 697 1976 se
729 1942 848 1976 ferret.
875 1944 1032 1976 instante
1070 1948 1189 1976 autem
1218 1942 1320 1976 obitu
1347 1954 1426 1975 cum
1451 1943 1490 1975 in
1516 1941 1677 1986 splendi-

242 1990 398 2023 dissimis
421 1991 634 2033 Manganiae
668 1990 785 2033 regiae
810 1990 1138 2022 substructionibus
1164 1989 1414 2029 decumberet,
1436 1988 1613 2021 Iohannes
1639 1994 1676 2021 et

242 2038 320 2069 eius
345 2037 396 2069 rei
420 2041 457 2069 et
483 2037 635 2069 materni
663 2035 737 2068 odii
760 2047 906 2080 gnarus,
935 2047 1027 2080 quae
1052 2036 1240 2079 imperium
1266 2036 1304 2068 in
1329 2045 1486 2068 sororem
1514 2034 1676 2067 conferre

242 2083 420 2116 niteretur
437 2107 446 2123 ,
473 2083 656 2126 negotium
681 2093 761 2114 cum
785 2081 943 2125 cognatis
968 2081 1023 2114 sui
1047 2081 1216 2114 studiosis
1241 2082 1495 2121 communicat,
1523 2091 1676 2124 quorum

241 2130 408 2174 princeps
439 2134 516 2161 erat
542 2129 652 2161 frater
672 2128 849 2168 1saacius3
875 2133 911 2160 et
934 2128 1023 2160 clam
1044 2133 1156 2160 matre
1180 2134 1367 2172 paternum
1386 2126 1591 2159 cubiculum
1619 2127 1677 2159 in-

243 2187 383 2219 gressus
398 2201 408 2216 ,
433 2180 469 2207 et
495 2180 665 2219 tanquam
695 2174 860 2207 morbum
893 2175 969 2206 eius
993 2173 1179 2218 deplorare
1202 2175 1337 2215 vellet,
1362 2178 1560 2218 prostratus
1586 2183 1678 2205 anu-

242 2222 318 2253 lum
344 2221 388 2252 de
409 2232 517 2253 manu
542 2221 617 2253 eius
644 2220 799 2264 surripit.
829 2226 913 2253 sunt
936 2226 1056 2252 tamen
1080 2221 1143 2265 qui
1167 2220 1206 2253 id
1231 2232 1312 2253 eum
1338 2219 1382 2252 de
1408 2219 1588 2253 sententia
1611 2229 1678 2263 pa·

241 2268 309 2300 tris
334 2267 460 2300 fecisse
488 2267 678 2309 assirment3
706 2266 816 2311 idque
842 2278 886 2298 ex
920 2266 964 2299 iis
993 2277 1086 2311 quae
1108 2277 1192 2299 mox
1217 2272 1414 2311 sequentur
1441 2266 1482 2299 fit
1503 2265 1678 2310 probabi-

242 2314 289 2346 le.
325 2325 405 2346 cum
436 2319 555 2346 autem
589 2314 628 2345 in
670 2318 774 2345 coetu
802 2323 944 2346 suorum
970 2324 1043 2345 rem
1066 2318 1202 2357 gestam
1227 2313 1470 2358 exposuisset,
1496 2322 1605 2356 eques
1629 2310 1677 2344 ad

241 2360 432 2392 maximam
460 2360 591 2404 regiam
613 2359 835 2403 properavit,
858 2360 962 2391 armis
987 2360 1137 2403 stipatus
1152 2385 1161 2400 ‚
1186 2365 1294 2404 atque
1319 2360 1357 2392 in
1379 2360 1456 2404 ipso
1481 2357 1675 2402 Manganio

243 2406 460 2439 monasterio
488 2412 524 2438 et
551 2405 647 2438 urbis
672 2406 878 2449 regionibus
903 2417 922 2437 a
948 2405 1181 2438 multitudine
1199 2407 1254 2438 sui
1279 2406 1451 2446 studiosa,
1481 2410 1517 2437 et
1542 2405 1588 2436 iis
1611 2403 1677 2447 qui

243 2453 339 2485 sama
362 2452 414 2484 rei
440 2452 547 2485 exciti
577 2453 613 2484 in
638 2452 726 2484 urbe
750 2451 1003 2493 versabantur,
1034 2452 1228 2496 imperator
1251 2452 1425 2485 salutatus
1451 2456 1514 2483 est.
1542 2449 1679 2494 quibus

243 2499 352 2531 rebus
376 2499 478 2532 Irene
512 2498 636 2531 territa
674 2498 787 2530 filium
815 2498 955 2530 monuit
990 2503 1030 2530 ut
1054 2498 1188 2542 coeptis
1221 2498 1420 2531 desisteret.
1458 2496 1522 2530 sed
1545 2495 1676 2528 cumis

242 2555 380 2578 summo
405 2544 525 2578 studio
551 2555 622 2576 rem
644 2550 786 2588 urgeret
803 2555 921 2588 neque
945 2544 1062 2577 verbis
1088 2545 1211 2576 matris
1239 2544 1436 2589 quidquam
1461 2547 1676 2581 moveretur,

242 2591 460 2634 Bryenniuxn
502 2591 667 2623 hortatur
695 2595 736 2623 ut
767 2601 804 2623 se
828 2590 1002 2623 adiutrice
1037 2601 1181 2634 regnum
1205 2593 1357 2623 affectet.
1381 2595 1422 2623 ut
1444 2599 1528 2622 vero
1555 2599 1601 2621 ne
1625 2587 1677 2619 sie

243 2637 390 2681 quidem
426 2649 481 2670 res
517 2636 754 2682 procedebat,
792 2635 838 2668 ad
860 2636 1026 2669 maritum
1053 2636 1191 2669 accedit
1218 2637 1255 2669 in
1282 2637 1375 2669 lecto
1403 2635 1677 2669 decumbentem

243 2689 283 2716 et
317 2684 420 2716 tenui
457 2683 585 2727 spiritu
609 2683 717 2716 vitam
742 2682 859 2715 adhuc
882 2693 967 2727 prae
1006 2693 1044 2715 se
1072 2682 1267 2723 serentem,
1293 2688 1330 2715 et
1354 2682 1494 2726 corpori
1519 2680 1594 2713 eius
1620 2678 1677 2711 in-

244 2729 413 2765 cumbens
435 2730 528 2763 clare
557 2730 792 2769 vociferatur,
826 2728 979 2762 lacrimis
1005 2729 1117 2764 instar
1151 2728 1261 2763 sontis
1289 2728 1582 2767 exuberantibus,
1605 2725 1677 2762 fili-
