1878 3230
331 210 442 264 9²0
852 206 920 244 οι
922 205 1013 244 oss
1018 204 1207 244 Anmm.

329 310 398 347 GB
425 300 653 357 παραμονὴ
682 310 739 342 est
769 310 902 342 autem
928 298 1144 353 παραμονῆ
1173 301 1379 350 custodia,
1407 300 1536 340 statio.
1568 300 1736 356 Stepha-

330 376 402 400 nus
432 360 472 398 in
507 358 809 396 Commentario
842 359 883 395 in
914 356 1133 394 Aristotelis
1166 356 1418 395 Rhetoricam
1448 355 1639 395 hactenus
1676 358 1736 397 in-

327 416 434 454 edito
474 409 712 465 τυραννίδος
755 410 799 451 δὲ
843 408 954 456 τέλος
993 405 1155 462 φυλακὴ
1193 403 1319 462 ἤγουν
1358 405 1577 462 λεγόμεναι
1606 425 1738 463 παρα-

294 497 297 501 <
346 467 461 508 ιοναί.

327 484 345 520 ι
434 515 813 572 παραπόρτιον
857 516 1045 580 portella.
1077 518 1306 557 Anastasius
1333 516 1518 557 Biblioth.
1558 516 1610 557 de
1647 518 1740 558 vitis

326 576 472 616 Pontif.
499 575 778 614 Constantinus
806 574 846 612 in
874 571 1074 614 Tacticis:
1121 569 1388 626 παραπόρτια
1429 570 1474 610 δὲ
1510 568 1638 624 μικροὶ
1669 585 1741 611 πε-

325 627 560 682 ρισσότερα.
586 628 676 667 vide
701 628 750 667 ad
782 627 875 667 Ced.

433 679 770 745 παρασκευή.
798 696 837 735 p.
868 680 945 728 342
985 680 1014 720 h
1041 677 1067 732 ἦ
1094 679 1188 731 ἕκτη
1212 693 1293 719 των
1321 674 1514 731 ἧμεροόνε
1546 680 1647 720 alius
1673 695 1742 721 co·-

325 739 398 778 dex
428 732 681 787 παρασκευῆ.
715 737 797 775 dies
835 742 962 775 sextus
982 764 993 784 ,
1038 735 1122 773 dies
1159 734 1339 774 Veneris.
1379 746 1417 773 v.
1459 734 1511 774 ad
1552 735 1667 775 Cedr.
1699 742 1740 776 et

325 793 572 837 Glossarium
600 790 952 830 Arabicolatinum.

433 842 640 890 πασιάς
681 845 808 884 Bassa
838 843 946 910 apud
971 843 1136 883 Turcas.
1162 837 1232 882 τὸν
1261 837 1482 894 Πασιάτην
1509 837 1742 895 Θεόδωρον.

328 900 418 940 vide
447 899 662 939 Meursium
692 900 730 937 in
763 913 805 937 v.
835 895 999 943 πασιἀς.

432 950 604 999 πάτος
631 953 819 1000 divitioe,
851 953 976 991 dives.
1006 950 1099 990 vide
1126 951 1361 990 Mem-sium.

432 1002 734 1071 πάτροκλον
763 1007 992 1054 excusatio,
1023 1010 1265 1058 praetextus.
1297 1019 1336 1044 v.
1363 1002 1594 1043 Meursium.

431 1059 836 1124 ποδαρούλλιον
885 1060 997 1099 sella.
1054 1059 1171 1099 ‚385
1199 1073 1222 1097 a
1252 1058 1311 1105 εἷς
1337 1056 1490 1109 ἓδραςε
1523 1057 1646 1096 codex
1671 1057 1742 1097 GB

326 1111 622 1164 ποδαρούλλια.
656 1114 887 1154 Eustathius
916 1115 967 1153 ad
999 1074 1146 1167 Opdyss.
1174 1108 1210 1164 η’
1244 1127 1284 1166 p.
1321 1111 1416 1165 1571
1450 1125 1492 1149 n.
1513 1124 1596 1150 20:
1627 1111 1748 1164 δηλοῖ

332 1167 378 1208 δὲ
408 1166 660 1231 (ἀνδράχλη)
689 1165 734 1207 τὸ
765 1168 981 1213 ἰδιωτικῶς
1004 1171 1232 1218 γυναικεῖον
1252 1161 1564 1218 ποδαρούλλιον.

437 1219 610 1273 πόρτα
654 1236 744 1275 pag.
780 1223 851 1261 108
893 1231 931 1261 et
969 1221 1063 1260 568.
1110 1221 1217 1260 idem
1243 1235 1282 1273 p.
1309 1219 1365 1271 '44
1393 1217 1528 1264 πύλας
1556 1218 1637 1260 τῶν
1669 1214 1744 1257 πό-

329 1279 467 1316 Jsmv:
498 1275 618 1332 codex
649 1252 728 1313 GBD
745 1273 912 1327 πόρτας.
953 1276 1035 1314 Leo
1062 1275 1175 1313 Tact.
1213 1288 1299 1326 cap.
1336 1287 1376 1312 11
1412 1277 1436 1320 §
1462 1272 1545 1323 48.
1591 1269 1744 1324 ἔμπρο-

330 1331 431 1370 σθεν
456 1329 537 1369 τῶν
567 1341 740 1379 πορτων.
784 1331 862 1368 Leo
891 1327 1210 1368 Grammaticus:
1241 1327 1314 1367 καί
1340 1324 1518 1389 μηδενὸς
1545 1324 1741 1365 ἀνθιστα-

329 1384 454 1434 μένου
486 1380 718 1449 ἀνοίξαντες
739 1379 813 1429 τὰς
838 1380 992 1434 πόρτας
1018 1379 1258 1444 εἰσήγαγον
1261 1377 1389 1420 αὐτὸν
1417 1379 1476 1425 εἰς
1503 1376 1578 1431 τήν
1611 1375 1743 1420 πόλιν.

331 1438 487 1476 Auctor
515 1437 605 1475 GB:
637 1430 742 1484 ἦλθε
767 1435 840 1475 καί
864 1436 1083 1498 ἑκατέλαβε
1110 1436 1182 1475 τοῦ
1209 1430 1384 1498 κρίσι-ρον
1407 1447 1451 1473 τε
1475 1432 1550 1479 τὰς
1577 1431 1744 1484 πόρτας,

330 1488 402 1584 gat*
426 1486 582 1543 πόρταν
609 1486 775 1541 ηῧρικεν
801 1485 998 1542 λαμπρὰν
1026 1489 1070 1536 ἐξ
1095 1487 1336 1540 οἷδαμιὶντου
1363 1487 1501 1528 λίθου.
1530 1501 1571 1527 v.
1601 1487 1654 1528 ad
1671 1488 1747 1528 Ce-

362 1557 514 1586 r.enum

439 1593 926 1662 πορφυρογὲνητος
967 1596 1355 1661 porphyrogenitus.
1397 1593 1442 1635 ἓν
1470 1594 1521 1649 τῇ
1551 1593 1746 1649 πορφύρα

330 1648 495 1701 τεχθεὶς
522 1650 638 1689 Chris
641 1649 802 1689 toduius
831 1651 914 1689 sive
936 1652 1132 1690 Iohannes
1153 1653 1269 1691 Cant.
1299 1651 1341 1690 in
1368 1651 1484 1702 epist.
1514 1649 1567 1688 ad
1592 1650 1743 1689 Nilum:

329 1704 373 1742 in
404 1719 579 1757 purpura
607 1706 777 1757 genitus.
806 1704 957 1743 Idatius
981 1704 1169 1758 Episcop.
1199 1706 1240 1744 in
1274 1704 1399 1744 Fastis
1431 1703 1744 1744 consularibus.

330 1759 420 1821 ips?
445 1772 549 1798 anno
577 1767 692 1797 naeus
720 1767 776 1796 est
799 1758 1008 1798 Honorius
1032 1760 1141 1798 nobis
1165 1760 1210 1798 in
1231 1760 1434 1814 purpuris.
1459 1757 1746 1811 Porphyroge-

330 1812 409 1850 niti
439 1811 534 1851 dicti
560 1811 627 1851 vel
657 1812 765 1864 quod
799 1814 880 1850 nati
916 1827 1098 1866 purpura
1123 1815 1410 1866 exciperentur,
1441 1818 1553 1864 patre
1573 1813 1649 1850 iam
1668 1813 1746 1850 im..

330 1873 519 1931 peratore
543 1866 652 1928 ¹⁸.(huc
671 1865 813 1904 alludit
842 1866 1006 1905 Proclus
1034 1873 1140 1906 orat.
1173 1868 1228 1917 4,
1259 1867 1428 1931 loquens
1470 1865 1520 1905 de
1556 1866 1742 1905 Christo:

331 1932 353 1957 ο
383 1917 580 1969 βασιλεῦς
604 1918 673 1971 τῆς
705 1916 825 1970 δόξης
849 1919 942 1960 α’νθ
975 1897 1228 1972 ἆλουργίδος
1244 1917 1294 1960 τὰ
1321 1916 1585 1970 σπάργανα),
1631 1919 1695 1959 vel
1724 1934 1748 1958 a

333 1973 455 2034 domo
488 1974 529 2012 in
558 1987 635 2035 qua
663 1975 863 2039 Augustae
867 1975 1115 2040 ⁴'pat-iebant.
1139 1974 1343 2014 Constant.
1371 1976 1598 2013 Manasses:
1642 1986 1748 2026 πορ-

335 2021 477 2078 φύραν
503 2021 774 2089 ὄνομάζουσιν
797 2026 950 2067 ἐκεῖνον
977 2024 1048 2066 τὸν
1073 2026 1265 2068 οἶκισκον.
1293 2031 1408 2067 Anna
1436 2028 1637 2066 Comnena
1654 2028 1746 2067 Ale-

335 2080 466 2119 xiados
494 2079 565 2119 lib.
595 2081 646 2119 6:
675 2077 777 2119 κατὰ
808 2076 852 2119 τὸ
888 2079 1185 2147 ἀφωρισμένον
1223 2081 1354 2121 πάλαι
1388 2085 1478 2128 ταῖς
1513 2076 1747 2127 τικτούσαις

334 2132 418 2170 τῶν
442 2132 667 2183 βασιλίδων
694 2130 843 2198 οἴκημα
881 2133 951 2173 ἒηί
984 2138 1076 2180 ταῖς
1113 2134 1260 2174 ω’δῖσιν
1296 2130 1493 2199 ευρηκώς.
1524 2131 1747 2186 πορφύραν

334 2185 456 2225 τοῦτο
487 2184 687 2224 ἀνέκαθεν
714 2184 1012 2249 ὀνομάζουσιν,
1043 2187 1087 2236 ἐξ
1115 2181 1167 2227 ου
1197 2186 1269 2228 καὶ
1295 2187 1340 2229 τὸ
1370 2202 1452 2232 των
1487 2200 1746 2240 πορφυρογε-

335 2236 470 2289 νήτων
502 2231 632 2287 ὄνομα
663 2239 720 2284 εἷς
747 2237 819 2290 τήν
846 2241 1084 2294 οἰκουμένην
1121 2240 1331 2294 διέδραμε.
1367 2243 1467 2282 adde
1501 2240 1574 2280 lib.
1607 2254 1629 2292 7
1660 2255 1743 2280 uon

334 2291 464 2331 multo
486 2299 580 2345 post
595 2294 762 2330 initium.
783 2293 888 2332 idem
905 2296 1104 2334 Manasses
1123 2295 1444 2360 ζιορφυρᾴπαιδα
1461 2293 1634 2347 appellat
1652 2309 1743 2335 eum

332 2347 407 2397 qui
437 2347 477 2385 in
504 2360 675 2399 purpura
705 2353 818 2385 natus
846 2354 934 2398 est,
963 2350 1004 2387 in
1034 2349 1212 2389 versibus
1237 2351 1306 2403 qui
1333 2350 1533 2390 habentur
1566 2348 1608 2389 in
1636 2348 1744 2390 calce

335 2399 433 2439 litui
463 2399 614 2439 calamo
628 2401 810 2462 exarati,

445 2449 737 2517 πορφυρόπαις
752 2483 764 2503 ,
792 2451 908 2517 γόνος
933 2451 1236 2501 αυσονάνακτος
1262 2453 1602 2520 καρτεροθύμου,

442 2505 722 2573 Ἀνδρόνικος
727 2503 986 2558 μεγάθυμος,
1019 2508 1242 2575 ἑῦμμελιῂς
1268 2506 1543 2574 πολεμιστής,

444 2560 605 2613 ωγέρα
631 2559 771 2613 πρῶτα
807 2559 1194 2613 σεβαστοκρατοριής
1226 2562 1329 2611 νειμ’
1357 2558 1377 2600 ὃ
1408 2561 1631 2616 φυτεύσας.

443 2615 681 2665 πρίγκιψ
736 2615 929 2682 princeps.
981 2616 1236 2681 Nicephmus
1282 2619 1481 2670 Gnegoras
1523 2619 1576 2668 4:
1626 2614 1745 2669 πρίγ-

329 2675 412 2715 ,κιψ
455 2666 746 2734 Πελοπονήσου
796 2683 863 2708 και
911 2667 1096 2731 Ἀχαΐας
1143 2647 1413 2734 ΜεηοΙοςίυῦηι
1457 2685 1590 2711 mense
1638 2674 1749 2711 Maio

331 2721 401 2759 ὼε
434 2721 512 2772 οίε
543 2715 599 2761 ὧν
637 2737 671 2762 οι
699 2737 749 2773 με
734 2721 775 2762 ὲν
810 2717 915 2776 ησαν
954 2719 1146 2775 κόμητες,
1192 2720 1227 2762 οἱ
1273 2722 1318 2764 δὲ
1355 2725 1577 2777 τριβοῦνοι,
1619 2722 1656 2764 οἱ
1698 2725 1746 2765 δὲ
