1878 3230
262 154 374 228 3:98
676 164 924 210 ‘NICETAE
961 163 1268 208 mmmmm

260 268 432 317 ἀσώτως
454 265 687 322 ἐκέχρηντο.
743 264 787 305 τό
819 266 865 305 δὲ
892 261 948 312 ὥς
976 261 1055 304 dud
1091 265 1222 317 πηγῆς
1248 262 1394 317 προϊὸν
1421 260 1625 306 ἄκενώτου
1651 261 1683 318 ἢ

260 338 304 385 ἐξ
340 332 528 386 α’βύσσου
555 328 788 384 α’ναβάλλον
831 329 1000 383 ε’πέρρεε
1032 325 1344 383 πλησμιώτερον
1384 330 1456 369 καί
1488 329 1679 384 ὑπερεξε-

221 405 370 453 exsero
397 397 701 450 καινοπρεπῶς,
731 390 788 443 ὥς
805 395 878 435 καί
903 390 1008 442 τούς
1025 391 1266 448 βαρβάρους
1295 391 1448 441 αὖτοὺς
1476 392 1543 434 διὰ
1571 393 1680 436 θαύ-

257 477 387 515 ματος
415 461 610 502 τίθεσθαι
639 458 683 501 τὸ
709 456 931 514 δρώμενον,
959 457 1032 500 καί
1056 455 1129 513 τὴν
1142 455 1269 512 χάριν
1295 459 1580 513 ἐκπεπλῆχθαι
1605 462 1682 500 τοῦ·

255 525 612 581 χριστομοὶρτυρος
641 523 693 579 ἢν
719 521 871 566 θεόθεν
898 522 1075 578 εἴληχεν.
1133 524 1172 565 εἰ
1209 524 1255 564 δὲ
1292 522 1435 578 καιρὸς
1472 523 1729 581 ὑμνῳδιάς-Ξ“

255 592 484 646 ὁμηγερέας
510 588 640 631 ἐτίθει
669 581 771 631 κατὰ
801 588 895 638 τοὺς
921 587 1021 637 νεώς
1048 587 1146 637 τούς
1168 587 1400 641 Ῥωμαίους
1417 619 1429 640 ,
1460 587 1560 628 ου’δὲ
1593 587 1682 630 vivre

254 658 375 711 σφῶν
401 657 619 708 α’πείχοντο
646 653 684 696 οἱ
713 654 959 696 ἀπαίδευτοι
978 656 1054 695 τοῦ
1080 651 1402 707 στρατεύματος,
1432 651 1538 694 ἄλλα
1556 665 1692 708 προσ-’

257 720 385 769 ιόντες
425 717 482 770 ὥς
515 716 947 774 συνεκκλησιάσωνταί
970 734 1092 774 σφισι
1120 719 1193 760 καί
1217 715 1459 760 συνθύσωσι
1489 719 1574 774 θεῷ
1603 721 1683 759 θυ-

255 790 352 828 σίαν
379 786 600 838 αἰνέσεως,
628 786 705 827 τοῦ
728 787 806 837 μὲν
833 789 966 825 ποιεῖν
991 781 1179 826 τοιοῦτόν
1205 798 1247 825 τι
1277 782 1527 839 ἀφίσταντο,
1554 787 1691 825 lala-²

256 854 422 906 γοῦντες
441 852 486 892 δὲ
514 851 619 906 πρὸς
644 848 825 898 ἓαυτούς
852 850 924 891 καί
949 855 1041 898 ταῖς
1057 848 1233 903 ἀσήμοις
1259 853 1416 904 φωναῖς
1436 847 1682 904 ὃιαρρηγνύ-
1699 866 1750 892 ro

256 931 396 970 μενοι,
426 912 455 971 ἢ
479 918 555 957 καί
575 930 689 963 τινας
718 914 799 956 τῶν
822 914 1042 968 Ῥωμαίων
1067 913 1136 955 διά
1159 930 1198 956 τι
1220 912 1433 966 συμπεσὸν
1457 913 1562 969 πρὸς
1588 916 1685 968 βίαν

256 979 453 1036 ἄγχοντες
481 979 553 1022 καί
578 977 799 1034 πράγματα
827 980 1103 1034 παρέχοντες,
1129 981 1323 1032 συνέχεον
1344 978 1415 1020 τὸν
1443 975 1583 1031 ὕμνον,
1612 981 1686 1037 καί

256 1043 366 1102 ἦσαν
396 1044 435 1087 οἱ
463 1044 690 1099 ψάλλοντες
720 1039 916 1099 ἄντικρυς
942 1043 1012 1086 ἐπὶ
1041 1045 1115 1098 τῆς
1148 1039 1365 1099 ἀλλοτρίας
1393 1038 1584 1102 ᾅδοντες,
1613 1043 1693 1086 καῖ’

256 1113 339 1164 οὐχ
367 1110 422 1160 ὥς
450 1112 675 1166 ἐφεστῶτες
698 1110 857 1162 τεμένει
887 1111 1004 1151 θεοῦ.
1060 1111 1205 1150 πολλοὶ
1245 1110 1291 1151 δὲ
1333 1111 1406 1151 καί
1446 1107 1688 1165 ἆντςίδοντες

216 1181 243 1218 C
258 1181 343 1225 τοῖς
367 1173 624 1226 ἁλαλάζουσι
644 1175 772 1230 κυρίῳ
802 1170 968 1231 ᾄσματα
996 1170 1178 1230 ἠφίεσαν
1201 1172 1386 1230 πορνικᾰ,
1416 1173 1487 1217 καί
1509 1172 1686 1230 κυνηδὸν
1703 1179 1752 1220 15

258 1241 531 1289 ὑλακτοῦντες
557 1241 768 1282 ἐνέκοπτον
793 1238 866 1294 τὴν
885 1236 995 1296 ᾠδὴν
1020 1238 1094 1281 καί
1107 1234 1406 1295 ὕπερεφώνουν
1424 1239 1495 1282 τὸν
1509 1241 1568 1291 εἷς
1584 1237 1686 1282 θεὸν

255 1304 475 1361 ἱκετήριον.

365 1369 459 1413 Καὶ
484 1372 656 1413 τοιαῦτα
684 1371 786 1424 μέν,
818 1368 875 1428 ὥς
905 1370 950 1411 ἐκ
978 1371 1140 1412 πολλῶν
1168 1371 1283 1424 ὀλίγα
1322 1371 1469 1424 εἰπεῖν,
1506 1367 1550 1413 οἱ
1579 1373 1685 1414 Θεσ-

256 1440 484 1485 σαλονικεΐς
516 1438 853 1491 πολιορκηθέντες
891 1433 1096 1489 ἔπασχον,
1130 1432 1160 1477 ἃ
1196 1435 1269 1477 καί
1304 1437 1363 1485 εἰς
1407 1435 1541 1491 ι’δικὴν
1575 1452 1685 1487 τινες

257 1502 460 1553 α’πέτεμον
487 1499 732 1556 συγγραφὴν
754 1499 826 1542 καὶ
848 1499 924 1555 τὴν
950 1499 1138 1556 ἱστορίαν
1165 1502 1208 1549 ἒς
1233 1499 1278 1542 τὸ
1306 1498 1553 1555 πολύστιχον
1579 1503 1684 1557 ἐφα-
1695 1518 1752 1545 20·

257 1567 451 1608 κὲλωσαν.
507 1566 598 1607 ἐπεὶ
625 1566 671 1606 δὲ
705 1564 727 1606 ὅ
765 1566 810 1606 ἐν
845 1564 1023 1619 ὑψηλοῖς
1068 1567 1269 1607 κατοικῶν
1313 1565 1384 1607 καί
1423 1564 1476 1607 τὰ
1512 1567 1682 1609 ταπεινὰ

253 1632 418 1687 ἐφορῶν
446 1630 644 1684 διέκοψεν
682 1628 913 1685 οὐρανόθεν
923 1662 936 1682 ,
977 1628 1049 1671 καὶ
1087 1629 1240 1671 ου’δένα
1276 1631 1359 1672 τῶν
1393 1631 1679 1684 αἰχμαλωτευ-

352 1753 378 1774 1.
402 1738 443 1775 τὸ
475 1739 516 1774 δὲ
539 1738 765 1785 ἐπέχεενζιῦς
787 1734 862 1774 dmi
883 1742 1004 1785 πηγῆς
1025 1741 1189 1787 μεγάλης
1221 1742 1284 1775 καὶ
1310 1740 1513 1785 ἐξεχύνετο.
1539 1743 1576 1774 Β.
1651 1742 1683 1775 3.

347 1784 425 1834 διά]
451 1779 544 1820 κατὰ
582 1789 693 1821 τοῦτο
728 1787 851 1833 μόνον
873 1785 936 1820 διὰ
961 1788 998 1820 A.
1115 1789 1148 1822 6.
1175 1786 1296 1835 ὄμηγ]
1323 1780 1573 1833 ὁμοθυμαδὸν
1596 1797 1685 1823 συν-

348 1834 477 1870 ιόντας
497 1834 538 1866 A.
670 1832 753 1866 τότε
776 1832 979 1877 α’πείχοντο
1006 1833 1152 1868 τούτων
1174 1834 1213 1867 Α.
1305 1837 1338 1870 8.
1363 1834 1685 1876 συνεκκλησιάσω-

348 1883 389 1912 σί
410 1880 450 1912 Α.
543 1891 575 1923 9.
602 1880 669 1913 τοῦ
692 1878 778 1926 μὲν]
806 1877 846 1913 τὸ
870 1880 942 1925 μὲν
966 1879 1143 1914 τοιοῦτόν
1165 1891 1203 1913 τι
1225 1885 1352 1914 ποιεῖν
1374 1880 1443 1914 οὐκ
1467 1881 1623 1914 ἐποίουν
1649 1882 1683 1913 Β.

354 1936 403 1960 10.
433 1924 591 1971 φωναῖς]
640 1931 722 1962 οαῑς
742 1926 782 1958 A.
917 1926 966 1960 ⁸3.
991 1927 1065 1974 τῆς]
1091 1927 1160 1971 γῆς
1184 1927 1224 1959 Α.
1359 1928 1407 1961 15.
1430 1929 1479 1970 τῷ
1506 1930 1619 1972 κυρίω
1644 1928 1682 1959 Α.

351 1982 402 2015 ¹7·
429 1929 638 2018 ἱκετήριονς1
667 1971 897 2018 ὑμνητήριον
917 1972 958 2005 A.
1076 1984 1130 2008 aa.
1155 1972 1243 2019 τῶν]
1284 1975 1359 2008 τῶν
1382 1974 1573 2018 πολεμίων
1596 1958 1683 2007 ξΡω-

347 2019 477 2063 μαίοις
498 2018 539 2050 Α.

259 2108 377 2140 oleum
392 2107 471 2139 usui
486 2110 550 2147 est,
567 2109 701 2140 temere
718 2110 755 2140 et
767 2106 936 2151 nequiter
947 2107 1190 2142 abuterentur.
1205 2108 1242 2141 id
1258 2117 1341 2141 vero
1359 2113 1401 2141 ut
1424 2118 1443 2141 e
1466 2108 1564 2140 sonte
1583 2108 1684 2141 inox-

258 2155 386 2186 hausto
410 2152 579 2197 prodiens
603 2158 666 2185 aut
688 2163 731 2185 ex
747 2153 874 2196 abysso
899 2154 1095 2187 scaturiens
1123 2155 1302 2199 copiosius
1328 2154 1507 2194 affluebat,
1533 2159 1568 2187 et
1591 2165 1682 2188 nova

259 2200 398 2233 ratione
423 2198 639 2239 exundabat,
663 2203 705 2231 ut
728 2204 764 2231 et
787 2198 929 2231 barbari
958 2211 1069 2233 unum
1104 2200 1142 2232 id
1164 2201 1378 2232 mirarentur
1404 2206 1440 2233 et
1455 2201 1567 2243 gratia
1590 2211 1683 2233 mar-

258 2246 328 2290 tyri
354 2245 524 2278 divinitus
558 2255 723 2277 concessa
761 2244 1066 2288 obstupescerent.
1091 2246 1220 2290 quodsi
1254 2246 1402 2278 Romani
1438 2246 1484 2278 ad
1507 2247 1684 2280 canendas

259 2293 319 2325 dei
342 2291 466 2324 laudes
491 2291 530 2323 in
555 2291 697 2335 templis
722 2290 1003 2332 conveniebant,
1031 2303 1077 2324 ne
1099 2298 1175 2325 tum
1199 2292 1344 2336 quidem
1369 2303 1387 2324 a
1414 2293 1561 2325 militari
1586 2293 1684 2325 inso-

258 2339 371 2372 lentia
405 2338 579 2370 immunes
618 2342 729 2370 erant.
761 2348 843 2369 nam
870 2337 1144 2381 importuniores
1189 2348 1231 2370 ex
1254 2339 1319 2378 iis,
1345 2347 1410 2381 per
1433 2339 1586 2382 speciem
1611 2349 1682 2373 una

257 2384 407 2418 canendi
433 2388 470 2416 et
493 2383 665 2416 laudandi
690 2382 748 2415 dei
773 2383 942 2427 ingressi,
966 2384 1255 2417 vociferabantur
1281 2385 1374 2416 inter
1397 2395 1474 2417 sese
1499 2390 1535 2418 et
1557 2386 1684 2418 consu-

257 2432 304 2465 sis
330 2429 544 2463 clamoribus
568 2428 836 2474 rumpebantur,
861 2435 922 2462 aut
946 2429 1090 2463 obtorto
1117 2430 1211 2462 collo
1238 2430 1402 2462 Romanis
1423 2431 1608 2475 aliquibus
1634 2432 1680 2464 ob

257 2478 443 2510 fortuitum
481 2476 637 2520 aliquem
675 2485 794 2508 casum
829 2476 980 2520 arreptis
1003 2477 1185 2509 cantiones
1217 2476 1429 2516 turbabant,
1455 2483 1495 2510 ut
1518 2483 1680 2512 cantores

257 2525 362 2569 plane
387 2523 425 2556 in
447 2523 565 2554 aliena
592 2527 685 2555 terra
714 2526 903 2562 canerent,
928 2533 1000 2554 non
1027 2527 1067 2554 ut
1092 2523 1129 2555 in
1154 2523 1288 2566 templo
1313 2522 1382 2555 dei.
1407 2523 1509 2555 multi
1535 2535 1680 2570 quoque

258 2582 300 2603 ex
325 2569 471 2602 adverso
488 2568 698 2602 meretriciis
718 2568 864 2600 canticis
890 2573 928 2601 et
942 2568 1078 2601 caninis
1104 2569 1293 2602 latratibus
1310 2569 1457 2612 hymnos
1474 2570 1680 2612 turbabant,

258 2623 295 2650 et
319 2617 377 2649 dei
401 2615 638 2649 celebratores
663 2614 815 2647 clamore
839 2614 1066 2658 superabant.

348 2663 464 2707 Atque
488 2661 576 2694 haec
601 2672 713 2706 pauca
737 2660 781 2694 de
804 2661 926 2694 multis
950 2672 1042 2705 quae
1070 2660 1407 2694 Thessalonicenses
1434 2662 1470 2694 in
1496 2662 1592 2695 urbis
1618 2672 1679 2695 ex-

257 2709 473 2755 pugnatione
497 2712 579 2742 sunt
603 2707 782 2754 perpessi,
809 2718 828 2741 a
853 2707 1036 2741 nonnullis
1060 2707 1235 2752 peculiari
1263 2709 1394 2753 scripto
1420 2708 1558 2753 prolixe
1581 2719 1686 2751 com-7
