<?xml version="1.0" encoding="UTF-8"?>
<!DOCTYPE html PUBLIC "-//W3C//DTD XHTML 1.0 Transitional//EN"
    "http://www.w3.org/TR/xhtml1/DTD/xhtml1-transitional.dtd">
<html xmlns="http://www.w3.org/1999/xhtml" xml:lang="en" lang="en">
 <head>
  <title>
</title>
<meta http-equiv="Content-Type" content="text/html;charset=utf-8" />
  <meta name='ocr-system' content='tesseract 3.04.00' />
  <meta name='ocr-capabilities' content='ocr_page ocr_carea ocr_par ocr_line ocrx_word'/>
</head>
<body>
  <div class='ocr_page' id='page_1' title='image "./corpusscriptorum41niebuoft/corpusscriptorum41niebuoft_0296.png"; bbox 0 0 1838 3210; ppageno 0'>
   <div class='ocr_carea' id='block_1_1' title="bbox 231 181 1268 239">
    <p class='ocr_par' dir='ltr' id='par_1_1' title="bbox 231 181 1268 239">
     <span class='ocr_line' id='line_1_1' title="bbox 231 181 1268 239; baseline 0.004 -4"><span class='ocrx_word' id='word_1_1' title='bbox 231 181 343 236; x_wconf 77' lang='lat'><em>266</em></span> <span class='ocrx_word' id='word_1_2' title='bbox 681 191 909 239; x_wconf 79' lang='lat' dir='ltr'><strong>NlcETAE</strong></span> <span class='ocrx_word' id='word_1_3' title='bbox 955 196 1268 239; x_wconf 72' lang='grc' dir='ltr'><em>οΗοΝιΛΤΛΕ</em></span> 
     </span>
    </p>
   </div>
   <div class='ocr_carea' id='block_1_2' title="bbox 85 290 1723 1853">
    <p class='ocr_par' dir='ltr' id='par_1_2' title="bbox 85 290 1723 1851">
     <span class='ocr_line' id='line_1_2' title="bbox 223 290 1660 353; baseline 0.003 -17"><span class='ocrx_word' id='word_1_4' title='bbox 223 300 370 351; x_wconf 83' lang='grc' dir='ltr'><em>βληντο</em></span> <span class='ocrx_word' id='word_1_5' title='bbox 391 294 723 350; x_wconf 71' lang='grc' dir='ltr'><em>παραδράμοιμι,</em></span> <span class='ocrx_word' id='word_1_6' title='bbox 753 290 890 349; x_wconf 74' lang='grc' dir='ltr'><em>ὥσπερ</em></span> <span class='ocrx_word' id='word_1_7' title='bbox 911 295 984 336; x_wconf 83' lang='grc' dir='ltr'><strong><em>καί</em></strong></span> <span class='ocrx_word' id='word_1_8' title='bbox 1010 294 1056 336; x_wconf 81' lang='grc' dir='ltr'><em>τὸ</em></span> <span class='ocrx_word' id='word_1_9' title='bbox 1077 297 1220 337; x_wconf 82' lang='grc' dir='ltr'><em>ποθεῖν</em></span> <span class='ocrx_word' id='word_1_10' title='bbox 1239 294 1432 348; x_wconf 80' lang='grc' dir='ltr'><em>νειόματα</em></span> <span class='ocrx_word' id='word_1_11' title='bbox 1461 296 1506 338; x_wconf 71' lang='grc' dir='ltr'><em>ἐν</em></span> <span class='ocrx_word' id='word_1_12' title='bbox 1531 297 1660 353; x_wconf 73' lang='grc' dir='ltr'><em>(ἱρού-</em></span> 
     </span>
     <span class='ocr_line' id='line_1_3' title="bbox 224 355 1660 419; baseline 0.001 -17"><span class='ocrx_word' id='word_1_13' title='bbox 224 378 321 415; x_wconf 83' lang='grc' dir='ltr'><em>ραις</em></span> <span class='ocrx_word' id='word_1_14' title='bbox 349 363 419 402; x_wconf 84' lang='grc' dir='ltr'><em>καί</em></span> <span class='ocrx_word' id='word_1_15' title='bbox 445 361 501 415; x_wconf 70' lang='grc' dir='ltr'><em>τῷ</em></span> <span class='ocrx_word' id='word_1_16' title='bbox 517 356 670 400; x_wconf 74' lang='grc' dir='ltr'><em>ἑαυτοῦ</em></span> <span class='ocrx_word' id='word_1_17' title='bbox 688 358 849 415; x_wconf 73' lang='grc' dir='ltr'><em>ἀρότρῳ</em></span> <span class='ocrx_word' id='word_1_18' title='bbox 879 361 1108 413; x_wconf 77' lang='grc' dir='ltr'><em>ὃιασχίζειν</em></span> <span class='ocrx_word' id='word_1_19' title='bbox 1137 356 1325 409; x_wconf 70' lang='grc' dir='ltr'><em>αὔλακας</em></span> <span class='ocrx_word' id='word_1_20' title='bbox 1343 393 1355 412; x_wconf 87' lang='grc'><em>,</em></span> <span class='ocrx_word' id='word_1_21' title='bbox 1388 362 1433 411; x_wconf 74' lang='grc' dir='ltr'><em>ἐξ</em></span> <span class='ocrx_word' id='word_1_22' title='bbox 1460 355 1516 402; x_wconf 80' lang='grc' dir='ltr'><em>ὧν</em></span> <span class='ocrx_word' id='word_1_23' title='bbox 1545 365 1660 419; x_wconf 67' lang='grc' dir='ltr'><em>αὐτῷ</em></span> 
     </span>
     <span class='ocr_line' id='line_1_4' title="bbox 179 419 1659 480; baseline 0.001 -14"><span class='ocrx_word' id='word_1_24' title='bbox 179 421 535 479; x_wconf 74' lang='grc' dir='ltr'><em>Βᾶνὸρομεγέθης</em></span> <span class='ocrx_word' id='word_1_25' title='bbox 564 423 812 476; x_wconf 74' lang='grc' dir='ltr'><em>(ἶνέβλαστεν</em></span> <span class='ocrx_word' id='word_1_26' title='bbox 852 419 1053 477; x_wconf 73' lang='grc' dir='ltr'><em>ἄσταχυς.</em></span> <span class='ocrx_word' id='word_1_27' title='bbox 1117 420 1170 478; x_wconf 74' lang='grc' dir='ltr'><em>ἢν</em></span> <span class='ocrx_word' id='word_1_28' title='bbox 1207 426 1255 465; x_wconf 80' lang='grc' dir='ltr'><em>δὲ</em></span> <span class='ocrx_word' id='word_1_29' title='bbox 1290 423 1342 467; x_wconf 84' lang='grc' dir='ltr'><em>τοὶ</em></span> <span class='ocrx_word' id='word_1_30' title='bbox 1382 426 1659 480; x_wconf 79' lang='grc' dir='ltr'><em>συλλεγόμενα</em></span> 
     </span>
     <span class='ocr_line' id='line_1_5' title="bbox 221 487 1661 548; baseline 0 -18"><span class='ocrx_word' id='word_1_31' title='bbox 221 489 423 544; x_wconf 81' lang='grc' dir='ltr'><em>χρήματα</em></span> <span class='ocrx_word' id='word_1_32' title='bbox 455 490 521 538; x_wconf 63' lang='grc' dir='ltr'><em>ἷου“</em></span> <span class='ocrx_word' id='word_1_33' title='bbox 563 490 758 530; x_wconf 81' lang='grc' dir='ltr'><em>τοσοῦτον</em></span> <span class='ocrx_word' id='word_1_34' title='bbox 800 489 1034 543; x_wconf 75' lang='grc' dir='ltr'><em>αἶποθήκαις</em></span> <span class='ocrx_word' id='word_1_35' title='bbox 1075 489 1356 543; x_wconf 72' lang='grc' dir='ltr'><em>ἀποτιθέμενοι</em></span> <span class='ocrx_word' id='word_1_36' title='bbox 1383 487 1412 544; x_wconf 74' lang='grc' dir='ltr'><em>ἢ</em></span> <span class='ocrx_word' id='word_1_37' title='bbox 1437 493 1560 548; x_wconf 74' lang='grc' dir='ltr'><em>μυχῷ</em></span> <span class='ocrx_word' id='word_1_38' title='bbox 1586 494 1661 546; x_wconf 80' lang='grc' dir='ltr'><em>γῆς</em></span> 
     </span>
     <span class='ocr_line' id='line_1_6' title="bbox 220 550 1697 611; baseline 0 -16"><span class='ocrx_word' id='word_1_39' title='bbox 220 551 622 607; x_wconf 81' lang='grc' dir='ltr'><em>ἐγκατορυττὸμενα,</em></span> <span class='ocrx_word' id='word_1_40' title='bbox 667 550 767 594; x_wconf 74' lang='grc' dir='ltr'><em>ὅσον</em></span> <span class='ocrx_word' id='word_1_41' title='bbox 810 555 1070 608; x_wconf 67' lang='grc' dir='ltr'><em>ἀμφοτέραις</em></span> <span class='ocrx_word' id='word_1_42' title='bbox 1108 551 1415 608; x_wconf 74' lang='grc' dir='ltr'><em>ἆποκενούμενα</em></span> <span class='ocrx_word' id='word_1_43' title='bbox 1441 558 1516 597; x_wconf 84' lang='grc' dir='ltr'><em>καί</em></span> <span class='ocrx_word' id='word_1_44' title='bbox 1538 552 1697 611; x_wconf 73' lang='grc' dir='ltr'><em>ἅψει-5</em></span> 
     </span>
     <span class='ocr_line' id='line_1_7' title="bbox 220 615 1661 674; baseline 0 -14"><span class='ocrx_word' id='word_1_45' title='bbox 220 620 304 667; x_wconf 79' lang='grc' dir='ltr'><em>δῶς</em></span> <span class='ocrx_word' id='word_1_46' title='bbox 343 615 613 672; x_wconf 85' lang='grc' dir='ltr'><em>παρεχόμενα</em></span> <span class='ocrx_word' id='word_1_47' title='bbox 651 620 724 660; x_wconf 85' lang='grc' dir='ltr'><strong><em>καί</em></strong></span> <span class='ocrx_word' id='word_1_48' title='bbox 745 623 892 672; x_wconf 80' lang='grc' dir='ltr'><em>μοναῖς</em></span> <span class='ocrx_word' id='word_1_49' title='bbox 917 622 994 672; x_wconf 82' lang='grc' dir='ltr'><em>μὲν</em></span> <span class='ocrx_word' id='word_1_50' title='bbox 1033 619 1107 662; x_wconf 83' lang='grc' dir='ltr'><em>καί</em></span> <span class='ocrx_word' id='word_1_51' title='bbox 1126 622 1313 674; x_wconf 85' lang='grc' dir='ltr'><em>τεμένεσι</em></span> <span class='ocrx_word' id='word_1_52' title='bbox 1341 619 1415 662; x_wconf 83' lang='grc' dir='ltr'><em>καί</em></span> <span class='ocrx_word' id='word_1_53' title='bbox 1434 620 1661 674; x_wconf 86' lang='grc' dir='ltr'><em>Ῥωμαίοις</em></span> 
     </span>
     <span class='ocr_line' id='line_1_8' title="bbox 220 681 1662 740; baseline 0.002 -16"><span class='ocrx_word' id='word_1_54' title='bbox 220 683 562 736; x_wconf 76' lang='grc' dir='ltr'><em>ἑλασσουμένοις,</em></span> <span class='ocrx_word' id='word_1_55' title='bbox 589 681 640 725; x_wconf 71' lang='grc' dir='ltr'><em>τά</em></span> <span class='ocrx_word' id='word_1_56' title='bbox 673 685 720 724; x_wconf 76' lang='grc' dir='ltr'><em>δὲ</em></span> <span class='ocrx_word' id='word_1_57' title='bbox 746 687 919 725; x_wconf 82' lang='grc' dir='ltr'><em>πλεῖστα</em></span> <span class='ocrx_word' id='word_1_58' title='bbox 946 691 1038 734; x_wconf 84' lang='grc' dir='ltr'><em>ταῖς</em></span> <span class='ocrx_word' id='word_1_59' title='bbox 1062 687 1144 727; x_wconf 76' lang='grc' dir='ltr'><em>τῶν</em></span> <span class='ocrx_word' id='word_1_60' title='bbox 1172 687 1308 727; x_wconf 73' lang='grc' dir='ltr'><em>ἐθνῶν</em></span> <span class='ocrx_word' id='word_1_61' title='bbox 1334 685 1662 740; x_wconf 79' lang='grc' dir='ltr'><em>μεταγγιζόμενα</em></span> 
     </span>
     <span class='ocr_line' id='line_1_9' title="bbox 220 748 1659 806; baseline 0.001 -16"><span class='ocrx_word' id='word_1_62' title='bbox 220 751 529 803; x_wconf 85' lang='grc' dir='ltr'><em>πανσπερμιάις</em></span> <span class='ocrx_word' id='word_1_63' title='bbox 544 781 557 801; x_wconf 91' lang='grc'><em>,</em></span> <span class='ocrx_word' id='word_1_64' title='bbox 585 749 658 791; x_wconf 82' lang='grc' dir='ltr'>καί</span> <span class='ocrx_word' id='word_1_65' title='bbox 684 748 868 802; x_wconf 76' lang='grc' dir='ltr'><em>μάλιστα</em></span> <span class='ocrx_word' id='word_1_66' title='bbox 894 755 983 798; x_wconf 84' lang='grc' dir='ltr'><em>ταῖς</em></span> <span class='ocrx_word' id='word_1_67' title='bbox 1011 753 1260 799; x_wconf 86' lang='grc' dir='ltr'><em>Λατινικαῖς</em></span> <span class='ocrx_word' id='word_1_68' title='bbox 1284 751 1476 804; x_wconf 79' lang='grc' dir='ltr'><em>ἐκρέοντα</em></span> <span class='ocrx_word' id='word_1_69' title='bbox 1505 749 1659 806; x_wconf 78' lang='grc' dir='ltr'><em>ὃμηγύ-</em></span> 
     </span>
     <span class='ocr_line' id='line_1_10' title="bbox 85 812 1658 871; baseline 0.001 -17"><span class='ocrx_word' id='word_1_70' title='bbox 85 820 128 854; x_wconf 87' lang='lat' dir='ltr'><em>V.</em></span> <span class='ocrx_word' id='word_1_71' title='bbox 147 832 209 867; x_wconf 84' lang='lat'><em>¹⁰9</em></span> <span class='ocrx_word' id='word_1_72' title='bbox 221 829 326 870; x_wconf 86' lang='grc' dir='ltr'><em>ρεσι.</em></span> <span class='ocrx_word' id='word_1_73' title='bbox 384 816 640 868; x_wconf 76' lang='grc' dir='ltr'><em>φιλοδωρίας</em></span> <span class='ocrx_word' id='word_1_74' title='bbox 669 812 748 869; x_wconf 77' lang='grc' dir='ltr'><em>γὰρ</em></span> <span class='ocrx_word' id='word_1_75' title='bbox 778 814 1049 867; x_wconf 78' lang='grc' dir='ltr'><em>μεταδιώκων</em></span> <span class='ocrx_word' id='word_1_76' title='bbox 1084 817 1281 866; x_wconf 78' lang='grc' dir='ltr'><em>ἐπίδειξιν</em></span> <span class='ocrx_word' id='word_1_77' title='bbox 1310 816 1478 866; x_wconf 80' lang='grc' dir='ltr'><em>α’σιότως</em></span> <span class='ocrx_word' id='word_1_78' title='bbox 1510 814 1658 871; x_wconf 78' lang='grc' dir='ltr'><em>ἐσκόρ-</em></span> 
     </span>
     <span class='ocr_line' id='line_1_11' title="bbox 219 875 1722 936; baseline 0.003 -17"><span class='ocrx_word' id='word_1_79' title='bbox 219 881 313 931; x_wconf 77' lang='grc' dir='ltr'><em>πιζε</em></span> <span class='ocrx_word' id='word_1_80' title='bbox 340 877 413 920; x_wconf 84' lang='grc' dir='ltr'><strong><em>καί</em></strong></span> <span class='ocrx_word' id='word_1_81' title='bbox 454 877 672 933; x_wconf 78' lang='grc' dir='ltr'><em>ἀνήλισκεν</em></span> <span class='ocrx_word' id='word_1_82' title='bbox 712 875 817 935; x_wconf 67' lang='grc' dir='ltr'><em>ὅπερ</em></span> <span class='ocrx_word' id='word_1_83' title='bbox 861 876 1122 936; x_wconf 67' lang='grc' dir='ltr'><em>ἀμφοτέραις</em></span> <span class='ocrx_word' id='word_1_84' title='bbox 1150 882 1366 935; x_wconf 77' lang='grc' dir='ltr'><em>συνέλεγε,</em></span> <span class='ocrx_word' id='word_1_85' title='bbox 1394 880 1493 930; x_wconf 80' lang='grc' dir='ltr'><em>τούς</em></span> <span class='ocrx_word' id='word_1_86' title='bbox 1519 877 1658 936; x_wconf 73' lang='grc' dir='ltr'><em>ἄκρως</em></span> <span class='ocrx_word' id='word_1_87' title='bbox 1676 902 1722 928; x_wconf 85' lang='lat'><em>10</em></span> 
     </span>
     <span class='ocr_line' id='line_1_12' title="bbox 219 936 1658 1001; baseline 0.002 -16"><span class='ocrx_word' id='word_1_88' title='bbox 219 943 498 999; x_wconf 74' lang='grc' dir='ltr'><em>κερματιστὰς</em></span> <span class='ocrx_word' id='word_1_89' title='bbox 529 943 784 1000; x_wconf 76' lang='grc' dir='ltr'><em>φροντιστὰς</em></span> <span class='ocrx_word' id='word_1_90' title='bbox 811 936 892 987; x_wconf 72' lang='grc' dir='ltr'><em>ταῖν</em></span> <span class='ocrx_word' id='word_1_91' title='bbox 925 947 1087 987; x_wconf 77' lang='grc' dir='ltr'><em>οἰκείων</em></span> <span class='ocrx_word' id='word_1_92' title='bbox 1103 947 1297 1001; x_wconf 80' lang='grc' dir='ltr'><em>έφιστῶν.</em></span> <span class='ocrx_word' id='word_1_93' title='bbox 1353 948 1482 999; x_wconf 85' lang='grc' dir='ltr'><em>μέρος</em></span> <span class='ocrx_word' id='word_1_94' title='bbox 1511 948 1557 988; x_wconf 78' lang='grc' dir='ltr'><em>δὲ</em></span> <span class='ocrx_word' id='word_1_95' title='bbox 1584 950 1658 1001; x_wconf 75' lang='grc' dir='ltr'><em>τῆς</em></span> 
     </span>
     <span class='ocr_line' id='line_1_13' title="bbox 219 1005 1661 1065; baseline 0.001 -14"><span class='ocrx_word' id='word_1_96' title='bbox 219 1011 405 1065; x_wconf 77' lang='grc' dir='ltr'><em>δαπάνης</em></span> <span class='ocrx_word' id='word_1_97' title='bbox 444 1012 605 1065; x_wconf 84' lang='grc' dir='ltr'><em>καίριον</em></span> <span class='ocrx_word' id='word_1_98' title='bbox 648 1005 756 1065; x_wconf 77' lang='grc' dir='ltr'><em>ἦσαν</em></span> <span class='ocrx_word' id='word_1_99' title='bbox 799 1012 872 1052; x_wconf 82' lang='grc' dir='ltr'><em>καί</em></span> <span class='ocrx_word' id='word_1_100' title='bbox 910 1005 1002 1052; x_wconf 84' lang='grc' dir='ltr'><em>ὅσοι</em></span> <span class='ocrx_word' id='word_1_101' title='bbox 1045 1013 1140 1052; x_wconf 85' lang='grc' dir='ltr'><em>καθ’</em></span> <span class='ocrx_word' id='word_1_102' title='bbox 1173 1007 1279 1064; x_wconf 84' lang='grc' dir='ltr'><em>αἷμα</em></span> <span class='ocrx_word' id='word_1_103' title='bbox 1309 1012 1562 1063; x_wconf 80' lang='grc' dir='ltr'><em>συνήπτοντο</em></span> <span class='ocrx_word' id='word_1_104' title='bbox 1587 1011 1661 1054; x_wconf 77' lang='grc' dir='ltr'><em>καὶ</em></span> 
     </span>
     <span class='ocr_line' id='line_1_14' title="bbox 217 1071 1661 1134; baseline 0.001 -18"><span class='ocrx_word' id='word_1_105' title='bbox 217 1071 353 1123; x_wconf 65' lang='grc' dir='ltr'><em>ἄλλως</em></span> <span class='ocrx_word' id='word_1_106' title='bbox 395 1071 608 1133; x_wconf 65' lang='grc' dir='ltr'><em>ᾠκείωντο.</em></span> <span class='ocrx_word' id='word_1_107' title='bbox 674 1077 826 1118; x_wconf 71' lang='grc' dir='ltr'><em>αὐτίκα</em></span> <span class='ocrx_word' id='word_1_108' title='bbox 851 1075 990 1118; x_wconf 89' lang='grc' dir='ltr'><em>τοίνυν</em></span> <span class='ocrx_word' id='word_1_109' title='bbox 1017 1076 1043 1132; x_wconf 79' lang='grc' dir='ltr'><em>ἦ</em></span> <span class='ocrx_word' id='word_1_110' title='bbox 1081 1073 1238 1129; x_wconf 70' lang='grc' dir='ltr'><em>ἀνεψιὰ</em></span> <span class='ocrx_word' id='word_1_111' title='bbox 1274 1076 1500 1131; x_wconf 72' lang='grc' dir='ltr'><em>Θεοδώρα,</em></span> <span class='ocrx_word' id='word_1_112' title='bbox 1532 1072 1560 1134; x_wconf 84' lang='grc' dir='ltr'><em>ᾗ</em></span> <span class='ocrx_word' id='word_1_113' title='bbox 1588 1078 1661 1118; x_wconf 76' lang='grc' dir='ltr'><em>καὶ</em></span> 
     </span>
     <span class='ocr_line' id='line_1_15' title="bbox 218 1140 1657 1198; baseline 0.001 -16"><span class='ocrx_word' id='word_1_114' title='bbox 218 1141 294 1196; x_wconf 78' lang='grc' dir='ltr'><em>(ὥς</em></span> <span class='ocrx_word' id='word_1_115' title='bbox 323 1140 500 1197; x_wconf 78' lang='grc' dir='ltr'><em>ἔφημεν)</em></span> <span class='ocrx_word' id='word_1_116' title='bbox 544 1142 788 1196; x_wconf 79' lang='grc' dir='ltr'><em>ἐπλησίαζε,</em></span> <span class='ocrx_word' id='word_1_117' title='bbox 828 1140 1157 1197; x_wconf 81' lang='grc' dir='ltr'><em>βασιλικωτάτης</em></span> <span class='ocrx_word' id='word_1_118' title='bbox 1181 1147 1345 1195; x_wconf 79' lang='grc' dir='ltr'><em>μετεῖχε</em></span> <span class='ocrx_word' id='word_1_119' title='bbox 1375 1143 1657 1198; x_wconf 78' lang='grc' dir='ltr'><em>δορυφορίας,</em></span> 
     </span>
     <span class='ocr_line' id='line_1_16' title="bbox 216 1206 1723 1264; baseline 0.001 -16"><span class='ocrx_word' id='word_1_120' title='bbox 216 1209 288 1249; x_wconf 84' lang='grc' dir='ltr'><em>καί</em></span> <span class='ocrx_word' id='word_1_121' title='bbox 312 1207 398 1262; x_wconf 70' lang='grc' dir='ltr'><em>μὴν</em></span> <span class='ocrx_word' id='word_1_122' title='bbox 426 1207 477 1248; x_wconf 84' lang='grc' dir='ltr'><em>ου’</em></span> <span class='ocrx_word' id='word_1_123' title='bbox 498 1208 775 1262; x_wconf 78' lang='grc' dir='ltr'><em>ὃιαδουμένη,</em></span> <span class='ocrx_word' id='word_1_124' title='bbox 805 1206 879 1248; x_wconf 79' lang='grc' dir='ltr'><em>καί</em></span> <span class='ocrx_word' id='word_1_125' title='bbox 901 1208 984 1248; x_wconf 77' lang='grc' dir='ltr'><em>τῶν</em></span> <span class='ocrx_word' id='word_1_126' title='bbox 1012 1207 1193 1262; x_wconf 68' lang='grc' dir='ltr'><em>ἀρχείων</em></span> <span class='ocrx_word' id='word_1_127' title='bbox 1211 1207 1484 1262; x_wconf 84' lang='grc' dir='ltr'><em>βαρουμένων</em></span> <span class='ocrx_word' id='word_1_128' title='bbox 1510 1209 1723 1264; x_wconf 45' lang='lat' dir='ltr'>nupti-15</span> 
     </span>
     <span class='ocr_line' id='line_1_17' title="bbox 216 1267 1657 1328; baseline 0 -14"><span class='ocrx_word' id='word_1_129' title='bbox 216 1288 286 1314; x_wconf 87' lang='grc' dir='ltr'><em>ναι</em></span> <span class='ocrx_word' id='word_1_130' title='bbox 315 1267 471 1326; x_wconf 69' lang='grc' dir='ltr'><em>ἤθελε,</em></span> <span class='ocrx_word' id='word_1_131' title='bbox 502 1274 576 1314; x_wconf 85' lang='grc' dir='ltr'><em>καί</em></span> <span class='ocrx_word' id='word_1_132' title='bbox 601 1270 704 1314; x_wconf 74' lang='grc' dir='ltr'><em>κατὰ</em></span> <span class='ocrx_word' id='word_1_133' title='bbox 734 1271 917 1328; x_wconf 71' lang='grc' dir='ltr'><em>φυσικὴν</em></span> <span class='ocrx_word' id='word_1_134' title='bbox 944 1274 1023 1326; x_wconf 81' lang='grc' dir='ltr'><em>μὲν</em></span> <span class='ocrx_word' id='word_1_135' title='bbox 1051 1271 1237 1327; x_wconf 75' lang='grc' dir='ltr'><em>ἰδιότητα</em></span> <span class='ocrx_word' id='word_1_136' title='bbox 1267 1270 1454 1326; x_wconf 75' lang='grc' dir='ltr'><em>σοβαράν</em></span> <span class='ocrx_word' id='word_1_137' title='bbox 1479 1274 1657 1314; x_wconf 73' lang='grc' dir='ltr'><em>ἕλκουσα</em></span> 
     </span>
     <span class='ocr_line' id='line_1_18' title="bbox 86 1333 1657 1393; baseline 0.001 -15"><span class='ocrx_word' id='word_1_138' title='bbox 86 1344 121 1378; x_wconf 81' lang='lat'><em>1³.</em></span> <span class='ocrx_word' id='word_1_139' title='bbox 142 1344 200 1382; x_wconf 82' lang='lat'><em>133</em></span> <span class='ocrx_word' id='word_1_140' title='bbox 216 1336 290 1392; x_wconf 78' lang='grc' dir='ltr'><em>την</em></span> <span class='ocrx_word' id='word_1_141' title='bbox 319 1336 457 1393; x_wconf 71' lang='grc' dir='ltr'><em>ὀφρύν</em></span> <span class='ocrx_word' id='word_1_142' title='bbox 489 1339 563 1379; x_wconf 82' lang='grc' dir='ltr'><em>καί</em></span> <span class='ocrx_word' id='word_1_143' title='bbox 602 1333 689 1379; x_wconf 72' lang='grc' dir='ltr'><em>ἄνω</em></span> <span class='ocrx_word' id='word_1_144' title='bbox 718 1336 765 1379; x_wconf 83' lang='grc' dir='ltr'><em>τὸ</em></span> <span class='ocrx_word' id='word_1_145' title='bbox 794 1333 912 1391; x_wconf 74' lang='grc' dir='ltr'><em>ὄμμα</em></span> <span class='ocrx_word' id='word_1_146' title='bbox 953 1337 1168 1390; x_wconf 86' lang='grc' dir='ltr'><em>τείνουσα,</em></span> <span class='ocrx_word' id='word_1_147' title='bbox 1197 1336 1242 1379; x_wconf 88' lang='grc' dir='ltr'><em>τὸ</em></span> <span class='ocrx_word' id='word_1_148' title='bbox 1272 1339 1317 1378; x_wconf 75' lang='grc' dir='ltr'><em>δὲ</em></span> <span class='ocrx_word' id='word_1_149' title='bbox 1347 1339 1470 1378; x_wconf 83' lang='grc' dir='ltr'><em>πλέον</em></span> <span class='ocrx_word' id='word_1_150' title='bbox 1498 1339 1657 1392; x_wconf 76' lang='grc' dir='ltr'><em>α’γέρω-</em></span> 
     </span>
     <span class='ocr_line' id='line_1_19' title="bbox 212 1401 1658 1460; baseline 0.001 -17"><span class='ocrx_word' id='word_1_151' title='bbox 212 1418 290 1456; x_wconf 84' lang='grc' dir='ltr'><em>χον</em></span> <span class='ocrx_word' id='word_1_152' title='bbox 317 1405 541 1457; x_wconf 81' lang='grc' dir='ltr'><em>βλέπουσα.</em></span> <span class='ocrx_word' id='word_1_153' title='bbox 565 1405 638 1445; x_wconf 81' lang='grc' dir='ltr'>καί</span> <span class='ocrx_word' id='word_1_154' title='bbox 664 1401 687 1444; x_wconf 82' lang='grc' dir='ltr'>ὅ</span> <span class='ocrx_word' id='word_1_155' title='bbox 714 1405 759 1445; x_wconf 83' lang='grc' dir='ltr'><em>ἐκ</em></span> <span class='ocrx_word' id='word_1_156' title='bbox 786 1405 940 1458; x_wconf 85' lang='grc' dir='ltr'><em>ταύτης</em></span> <span class='ocrx_word' id='word_1_157' title='bbox 969 1405 1014 1445; x_wconf 76' lang='grc' dir='ltr'><em>δὲ</em></span> <span class='ocrx_word' id='word_1_158' title='bbox 1037 1401 1255 1457; x_wconf 81' lang='grc' dir='ltr'><em>γενόμενος</em></span> <span class='ocrx_word' id='word_1_159' title='bbox 1283 1403 1337 1460; x_wconf 77' lang='grc' dir='ltr'><em>τῷ</em></span> <span class='ocrx_word' id='word_1_160' title='bbox 1365 1406 1538 1456; x_wconf 85' lang='grc' dir='ltr'><em>βασιλεῖ’</em></span> <span class='ocrx_word' id='word_1_161' title='bbox 1559 1408 1658 1452; x_wconf 86' lang='grc' dir='ltr'><em>παῖς</em></span> 
     </span>
     <span class='ocr_line' id='line_1_20' title="bbox 213 1465 1654 1524; baseline -0.001 -14"><span class='ocrx_word' id='word_1_162' title='bbox 213 1469 288 1511; x_wconf 80' lang='grc' dir='ltr'>καί</span> <span class='ocrx_word' id='word_1_163' title='bbox 315 1471 466 1524; x_wconf 76' lang='grc' dir='ltr'><em>ἑφεξῆς</em></span> <span class='ocrx_word' id='word_1_164' title='bbox 494 1470 626 1524; x_wconf 74' lang='grc' dir='ltr'><em>ἕτεροι</em></span> <span class='ocrx_word' id='word_1_165' title='bbox 656 1465 757 1518; x_wconf 77' lang='grc' dir='ltr'><em>ὅλας</em></span> <span class='ocrx_word' id='word_1_166' title='bbox 788 1470 1006 1518; x_wconf 81' lang='grc' dir='ltr'><em>θαλάσσας</em></span> <span class='ocrx_word' id='word_1_167' title='bbox 1032 1466 1262 1524; x_wconf 75' lang='grc' dir='ltr'><em>χρημάτων</em></span> <span class='ocrx_word' id='word_1_168' title='bbox 1289 1470 1348 1517; x_wconf 83' lang='grc' dir='ltr'><em>εἷς</em></span> <span class='ocrx_word' id='word_1_169' title='bbox 1376 1467 1550 1517; x_wconf 73' lang='grc' dir='ltr'><em>ἑαυτούς</em></span> <span class='ocrx_word' id='word_1_170' title='bbox 1578 1484 1654 1521; x_wconf 88' lang='grc' dir='ltr'><em>με-</em></span> 
     </span>
     <span class='ocr_line' id='line_1_21' title="bbox 214 1530 1721 1590; baseline -0.001 -14"><span class='ocrx_word' id='word_1_171' title='bbox 214 1535 458 1588; x_wconf 77' lang='grc' dir='ltr'><em>τωχέτευον.</em></span> <span class='ocrx_word' id='word_1_172' title='bbox 515 1530 680 1584; x_wconf 69' lang='grc' dir='ltr'><em>εὔκολος</em></span> <span class='ocrx_word' id='word_1_173' title='bbox 709 1537 755 1577; x_wconf 78' lang='grc' dir='ltr'><em>δὲ</em></span> <span class='ocrx_word' id='word_1_174' title='bbox 774 1531 833 1577; x_wconf 66' lang='grc' dir='ltr'><em>ὢν</em></span> <span class='ocrx_word' id='word_1_175' title='bbox 861 1534 934 1576; x_wconf 82' lang='grc' dir='ltr'><em>καί</em></span> <span class='ocrx_word' id='word_1_176' title='bbox 959 1535 1209 1590; x_wconf 75' lang='grc' dir='ltr'><em>εὐχείρωτος</em></span> <span class='ocrx_word' id='word_1_177' title='bbox 1235 1540 1322 1583; x_wconf 85' lang='grc' dir='ltr'><em>τοῖς</em></span> <span class='ocrx_word' id='word_1_178' title='bbox 1351 1537 1652 1590; x_wconf 74' lang='grc' dir='ltr'><em>κατευναστῆρ-</em></span> <span class='ocrx_word' id='word_1_179' title='bbox 1666 1555 1721 1580; x_wconf 83' lang='lat'><em>20</em></span> 
     </span>
     <span class='ocr_line' id='line_1_22' title="bbox 214 1596 1655 1655; baseline -0.002 -12"><span class='ocrx_word' id='word_1_180' title='bbox 214 1615 258 1643; x_wconf 89' lang='grc' dir='ltr'><em>σι</em></span> <span class='ocrx_word' id='word_1_181' title='bbox 287 1602 360 1642; x_wconf 84' lang='grc' dir='ltr'><em>καί</em></span> <span class='ocrx_word' id='word_1_182' title='bbox 385 1597 698 1655; x_wconf 86' lang='grc' dir='ltr'><em>θαλαμηπόλοις</em></span> <span class='ocrx_word' id='word_1_183' title='bbox 726 1600 956 1654; x_wconf 84' lang='grc' dir='ltr'><em>ἐκτομίαις,</em></span> <span class='ocrx_word' id='word_1_184' title='bbox 987 1599 1093 1642; x_wconf 75' lang='grc' dir='ltr'><em>ἄλλα</em></span> <span class='ocrx_word' id='word_1_185' title='bbox 1125 1599 1176 1654; x_wconf 77' lang='grc' dir='ltr'><em>δη</em></span> <span class='ocrx_word' id='word_1_186' title='bbox 1207 1603 1281 1641; x_wconf 85' lang='grc' dir='ltr'>καί</span> <span class='ocrx_word' id='word_1_187' title='bbox 1305 1606 1388 1650; x_wconf 78' lang='grc' dir='ltr'><em>τοῖς</em></span> <span class='ocrx_word' id='word_1_188' title='bbox 1417 1596 1496 1640; x_wconf 64' lang='lat' dir='ltr'><em>dud</em></span> <span class='ocrx_word' id='word_1_189' title='bbox 1525 1602 1655 1653; x_wconf 77' lang='grc' dir='ltr'><em>γενῶν</em></span> 
     </span>
     <span class='ocr_line' id='line_1_23' title="bbox 211 1659 1657 1720; baseline 0 -14"><span class='ocrx_word' id='word_1_190' title='bbox 211 1661 522 1719; x_wconf 71' lang='grc' dir='ltr'><em>ἑτερογλώττων</em></span> <span class='ocrx_word' id='word_1_191' title='bbox 551 1664 967 1719; x_wconf 76' lang='grc' dir='ltr'><em>ὑποβαρβαριζουσιν</em></span> <span class='ocrx_word' id='word_1_192' title='bbox 1005 1663 1256 1720; x_wconf 74' lang='grc' dir='ltr'><em>ὑπηρέταις,</em></span> <span class='ocrx_word' id='word_1_193' title='bbox 1287 1659 1344 1706; x_wconf 79' lang='grc' dir='ltr'><em>ὧν</em></span> <span class='ocrx_word' id='word_1_194' title='bbox 1369 1662 1390 1705; x_wconf 76' lang='grc' dir='ltr'><strong><em>ὅ</em></strong></span> <span class='ocrx_word' id='word_1_195' title='bbox 1419 1667 1553 1713; x_wconf 88' lang='grc' dir='ltr'><em>σιέλος</em></span> <span class='ocrx_word' id='word_1_196' title='bbox 1577 1666 1657 1706; x_wconf 81' lang='grc' dir='ltr'><em>τοῦ</em></span> 
     </span>
     <span class='ocr_line' id='line_1_24' title="bbox 214 1728 1656 1785; baseline 0.001 -15"><span class='ocrx_word' id='word_1_197' title='bbox 214 1729 335 1783; x_wconf 82' lang='grc' dir='ltr'><em>λόγου</em></span> <span class='ocrx_word' id='word_1_198' title='bbox 375 1732 716 1785; x_wconf 79' lang='grc' dir='ltr'><em>προηκοντίζετο,</em></span> <span class='ocrx_word' id='word_1_199' title='bbox 758 1737 841 1779; x_wconf 87' lang='grc' dir='ltr'><em>τοῖς</em></span> <span class='ocrx_word' id='word_1_200' title='bbox 870 1730 1101 1785; x_wconf 75' lang='grc' dir='ltr'><em>ῥυηφενέσι</em></span> <span class='ocrx_word' id='word_1_201' title='bbox 1140 1729 1213 1772; x_wconf 76' lang='grc' dir='ltr'><em>καί</em></span> <span class='ocrx_word' id='word_1_202' title='bbox 1251 1728 1416 1779; x_wconf 73' lang='grc' dir='ltr'><em>τούτους</em></span> <span class='ocrx_word' id='word_1_203' title='bbox 1447 1732 1656 1772; x_wconf 77' lang='grc' dir='ltr'><em>ὲνέταττεν</em></span> 
     </span>
     <span class='ocr_line' id='line_1_25' title="bbox 213 1790 1653 1853; baseline 0.001 -18"><span class='ocrx_word' id='word_1_204' title='bbox 213 1795 399 1845; x_wconf 69' lang='grc' dir='ltr'><em>εὐπετῶς</em></span> <span class='ocrx_word' id='word_1_205' title='bbox 428 1794 478 1838; x_wconf 78' lang='grc' dir='ltr'><em>τὰ</em></span> <span class='ocrx_word' id='word_1_206' title='bbox 507 1794 641 1838; x_wconf 66' lang='grc' dir='ltr'><em>πολλαὶ</em></span> <span class='ocrx_word' id='word_1_207' title='bbox 658 1793 701 1838; x_wconf 83' lang='grc' dir='ltr'><em>τὸ</em></span> <span class='ocrx_word' id='word_1_208' title='bbox 727 1790 799 1846; x_wconf 75' lang='grc' dir='ltr'><em>οὖς</em></span> <span class='ocrx_word' id='word_1_209' title='bbox 830 1796 978 1846; x_wconf 71' lang='grc' dir='ltr'><em>αὐτοῖς</em></span> <span class='ocrx_word' id='word_1_210' title='bbox 1005 1796 1248 1849; x_wconf 76' lang='grc' dir='ltr'><em>ὗποκλίνων,</em></span> <span class='ocrx_word' id='word_1_211' title='bbox 1279 1798 1351 1838; x_wconf 81' lang='grc' dir='ltr'><em>καί</em></span> <span class='ocrx_word' id='word_1_212' title='bbox 1374 1793 1479 1851; x_wconf 77' lang='grc' dir='ltr'><em>ἅπερ</em></span> <span class='ocrx_word' id='word_1_213' title='bbox 1506 1796 1653 1853; x_wconf 79' lang='grc' dir='ltr'><em>η’τοῦν-</em></span> 
     </span>
    </p>
   </div>
   <div class='ocr_carea' id='block_1_3' title="bbox 303 1901 1653 2001">
    <p class='ocr_par' dir='ltr' id='par_1_3' title="bbox 303 1901 1653 2001">
     <span class='ocr_line' id='line_1_26' title="bbox 311 1901 1653 1954; baseline -0.001 -12"><span class='ocrx_word' id='word_1_214' title='bbox 311 1919 362 1943; x_wconf 78' lang='grc' dir='ltr'><em>ιι.</em></span> <span class='ocrx_word' id='word_1_215' title='bbox 388 1905 466 1954; x_wconf 70' lang='grc' dir='ltr'><em>τῆς]</em></span> <span class='ocrx_word' id='word_1_216' title='bbox 493 1905 536 1940; x_wconf 74' lang='grc' dir='ltr'><em>τὰ</em></span> <span class='ocrx_word' id='word_1_217' title='bbox 563 1908 627 1950; x_wconf 77' lang='grc' dir='ltr'><em>τῆς</em></span> <span class='ocrx_word' id='word_1_218' title='bbox 651 1907 768 1952; x_wconf 81' lang='lat' dir='ltr'>vulgo.</span> <span class='ocrx_word' id='word_1_219' title='bbox 848 1909 898 1942; x_wconf 71' lang='lat'><em>15.</em></span> <span class='ocrx_word' id='word_1_220' title='bbox 921 1904 998 1952; x_wconf 74' lang='grc' dir='ltr'><em>μὴν</em></span> <span class='ocrx_word' id='word_1_221' title='bbox 1023 1905 1083 1953; x_wconf 77' lang='grc' dir='ltr'><em>οὐ]</em></span> <span class='ocrx_word' id='word_1_222' title='bbox 1116 1908 1150 1940; x_wconf 69' lang='grc' dir='ltr'><em>εἰ</em></span> <span class='ocrx_word' id='word_1_223' title='bbox 1171 1906 1222 1954; x_wconf 75' lang='grc' dir='ltr'><em>μὴ</em></span> <span class='ocrx_word' id='word_1_224' title='bbox 1249 1906 1534 1953; x_wconf 74' lang='grc' dir='ltr'><em>ᾳιλοκαληαένα</em></span> <span class='ocrx_word' id='word_1_225' title='bbox 1558 1901 1653 1949; x_wconf 68' lang='grc' dir='ltr'><em>ἦσαν</em></span> 
     </span>
     <span class='ocr_line' id='line_1_27' title="bbox 303 1953 1326 2001; baseline -0.002 -13"><span class='ocrx_word' id='word_1_226' title='bbox 303 1966 347 1988; x_wconf 81' lang='grc' dir='ltr'><em>τα</em></span> <span class='ocrx_word' id='word_1_227' title='bbox 377 1955 575 2001; x_wconf 65' lang='grc' dir='ltr'><em>μάρμαρος,</em></span> <span class='ocrx_word' id='word_1_228' title='bbox 598 1954 725 1989; x_wconf 73' lang='grc' dir='ltr'><em>ἐπάνω</em></span> <span class='ocrx_word' id='word_1_229' title='bbox 754 1956 1011 2000; x_wconf 73' lang='grc' dir='ltr'><em>περιπατῆσαι</em></span> <span class='ocrx_word' id='word_1_230' title='bbox 1036 1955 1106 1988; x_wconf 83' lang='grc' dir='ltr'><em>οὐκ</em></span> <span class='ocrx_word' id='word_1_231' title='bbox 1129 1953 1265 1996; x_wconf 73' lang='grc' dir='ltr'><em>ἤθελεν</em></span> <span class='ocrx_word' id='word_1_232' title='bbox 1291 1954 1326 1986; x_wconf 85' lang='lat'><em>13.</em></span> 
     </span>
    </p>
   </div>
   <div class='ocr_carea' id='block_1_4' title="bbox 211 2052 1653 2798">
    <p class='ocr_par' dir='ltr' id='par_1_4' title="bbox 211 2052 1653 2798">
     <span class='ocr_line' id='line_1_28' title="bbox 214 2052 1652 2100; baseline -0.001 -12"><span class='ocrx_word' id='word_1_233' title='bbox 214 2054 364 2089; x_wconf 73' lang='lat' dir='ltr'><strong>scidisse</strong></span> <span class='ocrx_word' id='word_1_234' title='bbox 388 2065 455 2087; x_wconf 88' lang='lat' dir='ltr'><em>nec</em></span> <span class='ocrx_word' id='word_1_235' title='bbox 481 2054 558 2100; x_wconf 81' lang='lat' dir='ltr'>ipse</span> <span class='ocrx_word' id='word_1_236' title='bbox 585 2055 811 2088; x_wconf 87' lang='lat' dir='ltr'>dissimulare</span> <span class='ocrx_word' id='word_1_237' title='bbox 838 2065 996 2099; x_wconf 87' lang='lat' dir='ltr'>possum.</span> <span class='ocrx_word' id='word_1_238' title='bbox 1024 2054 1089 2087; x_wconf 88' lang='lat' dir='ltr'><em>sed</em></span> <span class='ocrx_word' id='word_1_239' title='bbox 1110 2056 1264 2100; x_wconf 85' lang='lat' dir='ltr'>pecunia</span> <span class='ocrx_word' id='word_1_240' title='bbox 1282 2055 1351 2087; x_wconf 89' lang='lat' dir='ltr'><em>hoe</em></span> <span class='ocrx_word' id='word_1_241' title='bbox 1368 2053 1476 2087; x_wconf 88' lang='lat' dir='ltr'>modo</span> <span class='ocrx_word' id='word_1_242' title='bbox 1501 2052 1652 2087; x_wconf 81' lang='lat' dir='ltr'>collecta</span> 
     </span>
     <span class='ocr_line' id='line_1_29' title="bbox 212 2099 1653 2147; baseline -0.003 -12"><span class='ocrx_word' id='word_1_243' title='bbox 212 2113 288 2135; x_wconf 83' lang='lat' dir='ltr'><em>non</em></span> <span class='ocrx_word' id='word_1_244' title='bbox 326 2107 398 2134; x_wconf 85' lang='lat' dir='ltr'><em>tam</em></span> <span class='ocrx_word' id='word_1_245' title='bbox 441 2101 481 2134; x_wconf 88' lang='lat' dir='ltr'><em>in</em></span> <span class='ocrx_word' id='word_1_246' title='bbox 519 2101 710 2135; x_wconf 83' lang='lat' dir='ltr'>thesauros</span> <span class='ocrx_word' id='word_1_247' title='bbox 740 2102 964 2134; x_wconf 80' lang='lat' dir='ltr'>referebatur</span> <span class='ocrx_word' id='word_1_248' title='bbox 999 2112 1106 2146; x_wconf 89' lang='lat' dir='ltr'>quam</span> <span class='ocrx_word' id='word_1_249' title='bbox 1139 2107 1292 2147; x_wconf 87' lang='lat' dir='ltr'>utraque</span> <span class='ocrx_word' id='word_1_250' title='bbox 1316 2112 1423 2134; x_wconf 88' lang='lat' dir='ltr'>manu</span> <span class='ocrx_word' id='word_1_251' title='bbox 1451 2099 1653 2132; x_wconf 82' lang='lat' dir='ltr'>liberaliter</span> 
     </span>
     <span class='ocr_line' id='line_1_30' title="bbox 213 2147 1651 2192; baseline -0.003 -10"><span class='ocrx_word' id='word_1_252' title='bbox 213 2147 484 2188; x_wconf 79' lang='lat' dir='ltr'>effundebatur,</span> <span class='ocrx_word' id='word_1_253' title='bbox 512 2147 641 2192; x_wconf 81' lang='lat' dir='ltr'>partim</span> <span class='ocrx_word' id='word_1_254' title='bbox 664 2148 707 2181; x_wconf 78' lang='lat' dir='ltr'><em>in</em></span> <span class='ocrx_word' id='word_1_255' title='bbox 733 2148 971 2188; x_wconf 86' lang='lat' dir='ltr'>monasteria,</span> <span class='ocrx_word' id='word_1_256' title='bbox 997 2159 1111 2181; x_wconf 81' lang='lat' dir='ltr'>sacras</span> <span class='ocrx_word' id='word_1_257' title='bbox 1132 2148 1237 2181; x_wconf 88' lang='lat' dir='ltr'>aedes</span> <span class='ocrx_word' id='word_1_258' title='bbox 1264 2154 1301 2181; x_wconf 85' lang='lat' dir='ltr'><em>et</em></span> <span class='ocrx_word' id='word_1_259' title='bbox 1321 2157 1496 2192; x_wconf 86' lang='lat' dir='ltr'>pauperes</span> <span class='ocrx_word' id='word_1_260' title='bbox 1523 2147 1651 2178; x_wconf 83' lang='lat' dir='ltr'>Roma-</span> 
     </span>
     <span class='ocr_line' id='line_1_31' title="bbox 213 2193 1651 2239; baseline -0.003 -11"><span class='ocrx_word' id='word_1_261' title='bbox 213 2205 279 2228; x_wconf 83' lang='lat' dir='ltr'><em>nos</em></span> <span class='ocrx_word' id='word_1_262' title='bbox 296 2219 306 2235; x_wconf 94' lang='lat'>‚</span> <span class='ocrx_word' id='word_1_263' title='bbox 346 2195 475 2238; x_wconf 87' lang='lat' dir='ltr'>partim</span> <span class='ocrx_word' id='word_1_264' title='bbox 510 2204 619 2235; x_wconf 86' lang='lat' dir='ltr'>vero,</span> <span class='ocrx_word' id='word_1_265' title='bbox 656 2199 694 2227; x_wconf 83' lang='lat' dir='ltr'><em>et</em></span> <span class='ocrx_word' id='word_1_266' title='bbox 727 2195 881 2227; x_wconf 79' lang='lat' dir='ltr'>maxima</span> <span class='ocrx_word' id='word_1_267' title='bbox 903 2193 1050 2239; x_wconf 87' lang='lat' dir='ltr'>quidem</span> <span class='ocrx_word' id='word_1_268' title='bbox 1078 2205 1123 2227; x_wconf 78' lang='lat' dir='ltr'><em>ex</em></span> <span class='ocrx_word' id='word_1_269' title='bbox 1147 2199 1270 2239; x_wconf 85' lang='lat' dir='ltr'>parte,</span> <span class='ocrx_word' id='word_1_270' title='bbox 1296 2194 1334 2226; x_wconf 89' lang='lat' dir='ltr'><em>in</em></span> <span class='ocrx_word' id='word_1_271' title='bbox 1363 2193 1477 2226; x_wconf 88' lang='lat' dir='ltr'>varias</span> <span class='ocrx_word' id='word_1_272' title='bbox 1503 2197 1651 2236; x_wconf 81' lang='lat' dir='ltr'>gentes,</span> 
     </span>
     <span class='ocr_line' id='line_1_32' title="bbox 213 2239 1652 2284; baseline -0.002 -11"><span class='ocrx_word' id='word_1_273' title='bbox 213 2239 362 2273; x_wconf 80' lang='lat' dir='ltr'>Latinas</span> <span class='ocrx_word' id='word_1_274' title='bbox 398 2240 621 2284; x_wconf 87' lang='lat' dir='ltr'>praesertim.</span> <span class='ocrx_word' id='word_1_275' title='bbox 659 2251 742 2274; x_wconf 87' lang='lat' dir='ltr'><em>nam</em></span> <span class='ocrx_word' id='word_1_276' title='bbox 770 2251 814 2273; x_wconf 82' lang='lat' dir='ltr'><em>ex</em></span> <span class='ocrx_word' id='word_1_277' title='bbox 839 2241 1108 2274; x_wconf 87' lang='lat' dir='ltr'>munificentiae</span> <span class='ocrx_word' id='word_1_278' title='bbox 1144 2241 1385 2274; x_wconf 82' lang='lat' dir='ltr'>ostentatione</span> <span class='ocrx_word' id='word_1_279' title='bbox 1414 2241 1522 2272; x_wconf 77' lang='lat' dir='ltr'>effuse</span> <span class='ocrx_word' id='word_1_280' title='bbox 1551 2249 1652 2283; x_wconf 87' lang='lat' dir='ltr'>spar-</span> 
     </span>
     <span class='ocr_line' id='line_1_33' title="bbox 214 2284 1651 2332; baseline -0.001 -13"><span class='ocrx_word' id='word_1_281' title='bbox 214 2286 323 2331; x_wconf 85' lang='lat' dir='ltr'>gebat</span> <span class='ocrx_word' id='word_1_282' title='bbox 349 2291 386 2319; x_wconf 87' lang='lat' dir='ltr'><em>et</em></span> <span class='ocrx_word' id='word_1_283' title='bbox 413 2286 619 2322; x_wconf 88' lang='lat' dir='ltr'>insumebat</span> <span class='ocrx_word' id='word_1_284' title='bbox 642 2297 683 2319; x_wconf 86' lang='lat' dir='ltr'><em>ea</em></span> <span class='ocrx_word' id='word_1_285' title='bbox 711 2298 803 2331; x_wconf 91' lang='lat' dir='ltr'>quae</span> <span class='ocrx_word' id='word_1_286' title='bbox 827 2293 980 2332; x_wconf 87' lang='lat' dir='ltr'>utraque</span> <span class='ocrx_word' id='word_1_287' title='bbox 1007 2298 1115 2320; x_wconf 85' lang='lat' dir='ltr'>manu</span> <span class='ocrx_word' id='word_1_288' title='bbox 1142 2286 1352 2330; x_wconf 84' lang='lat' dir='ltr'>collegerat,</span> <span class='ocrx_word' id='word_1_289' title='bbox 1389 2291 1427 2319; x_wconf 86' lang='lat' dir='ltr'><em>et</em></span> <span class='ocrx_word' id='word_1_290' title='bbox 1459 2284 1651 2318; x_wconf 86' lang='lat' dir='ltr'>acerbissi-</span> 
     </span>
     <span class='ocr_line' id='line_1_34' title="bbox 211 2331 1651 2377; baseline -0.002 -11"><span class='ocrx_word' id='word_1_291' title='bbox 211 2344 289 2367; x_wconf 83' lang='lat' dir='ltr'><em>mos</em></span> <span class='ocrx_word' id='word_1_292' title='bbox 314 2338 497 2366; x_wconf 79' lang='lat' dir='ltr'>exactores</span> <span class='ocrx_word' id='word_1_293' title='bbox 533 2338 740 2377; x_wconf 80' lang='lat' dir='ltr'>quaestores</span> <span class='ocrx_word' id='word_1_294' title='bbox 772 2333 992 2377; x_wconf 83' lang='lat' dir='ltr'>designabat.</span> <span class='ocrx_word' id='word_1_295' title='bbox 1029 2334 1069 2367; x_wconf 90' lang='lat' dir='ltr'><em>in</em></span> <span class='ocrx_word' id='word_1_296' title='bbox 1095 2334 1191 2366; x_wconf 81' lang='lat' dir='ltr'>iusta</span> <span class='ocrx_word' id='word_1_297' title='bbox 1229 2338 1435 2377; x_wconf 84' lang='lat' dir='ltr'>sumptuum</span> <span class='ocrx_word' id='word_1_298' title='bbox 1458 2337 1559 2376; x_wconf 88' lang='lat' dir='ltr'>parte</span> <span class='ocrx_word' id='word_1_299' title='bbox 1583 2331 1651 2364; x_wconf 85' lang='lat' dir='ltr'>illa</span> 
     </span>
     <span class='ocr_line' id='line_1_35' title="bbox 214 2378 1648 2424; baseline -0.002 -11"><span class='ocrx_word' id='word_1_300' title='bbox 214 2380 325 2413; x_wconf 85' lang='lat' dir='ltr'>etiam</span> <span class='ocrx_word' id='word_1_301' title='bbox 351 2378 633 2412; x_wconf 82' lang='lat' dir='ltr'>numerabantur</span> <span class='ocrx_word' id='word_1_302' title='bbox 658 2390 750 2424; x_wconf 85' lang='lat' dir='ltr'>quae</span> <span class='ocrx_word' id='word_1_303' title='bbox 776 2381 814 2412; x_wconf 88' lang='lat' dir='ltr'><em>in</em></span> <span class='ocrx_word' id='word_1_304' title='bbox 839 2386 1006 2424; x_wconf 83' lang='lat' dir='ltr'>cognatos</span> <span class='ocrx_word' id='word_1_305' title='bbox 1043 2384 1079 2413; x_wconf 88' lang='lat' dir='ltr'><em>et</em></span> <span class='ocrx_word' id='word_1_306' title='bbox 1105 2379 1298 2412; x_wconf 83' lang='lat' dir='ltr'>familiares</span> <span class='ocrx_word' id='word_1_307' title='bbox 1322 2378 1540 2411; x_wconf 86' lang='lat' dir='ltr'>conserebat.</span> <span class='ocrx_word' id='word_1_308' title='bbox 1564 2388 1648 2410; x_wconf 89' lang='lat' dir='ltr'><em>nam</em></span> 
     </span>
     <span class='ocr_line' id='line_1_36' title="bbox 213 2425 1649 2471; baseline -0.001 -12"><span class='ocrx_word' id='word_1_309' title='bbox 213 2426 333 2471; x_wconf 82' lang='lat' dir='ltr'>neptis</span> <span class='ocrx_word' id='word_1_310' title='bbox 356 2426 434 2458; x_wconf 90' lang='lat' dir='ltr'>eius</span> <span class='ocrx_word' id='word_1_311' title='bbox 462 2425 673 2466; x_wconf 84' lang='lat' dir='ltr'>Theodora,</span> <span class='ocrx_word' id='word_1_312' title='bbox 699 2427 811 2467; x_wconf 89' lang='lat' dir='ltr'>cuius,</span> <span class='ocrx_word' id='word_1_313' title='bbox 838 2432 878 2459; x_wconf 89' lang='lat' dir='ltr'><em>ut</em></span> <span class='ocrx_word' id='word_1_314' title='bbox 902 2426 996 2467; x_wconf 85' lang='lat' dir='ltr'>dixi,</span> <span class='ocrx_word' id='word_1_315' title='bbox 1023 2425 1282 2459; x_wconf 70' lang='lat' dir='ltr'>consuetudine</span> <span class='ocrx_word' id='word_1_316' title='bbox 1309 2425 1498 2466; x_wconf 81' lang='lat' dir='ltr'>utebatur,</span> <span class='ocrx_word' id='word_1_317' title='bbox 1522 2435 1649 2469; x_wconf 85' lang='lat' dir='ltr'>quam-</span> 
     </span>
     <span class='ocr_line' id='line_1_37' title="bbox 214 2471 1649 2518; baseline -0.001 -13"><span class='ocrx_word' id='word_1_318' title='bbox 214 2473 268 2505; x_wconf 86' lang='lat' dir='ltr'><em>vis</em></span> <span class='ocrx_word' id='word_1_319' title='bbox 292 2483 416 2517; x_wconf 82' lang='lat' dir='ltr'>expers</span> <span class='ocrx_word' id='word_1_320' title='bbox 439 2471 670 2512; x_wconf 83' lang='lat' dir='ltr'>diadematis,</span> <span class='ocrx_word' id='word_1_321' title='bbox 708 2478 828 2507; x_wconf 86' lang='lat' dir='ltr'>tamen</span> <span class='ocrx_word' id='word_1_322' title='bbox 856 2474 1026 2506; x_wconf 80' lang='lat' dir='ltr'>comitatu</span> <span class='ocrx_word' id='word_1_323' title='bbox 1049 2473 1156 2518; x_wconf 85' lang='lat' dir='ltr'>plane</span> <span class='ocrx_word' id='word_1_324' title='bbox 1181 2473 1276 2516; x_wconf 84' lang='lat' dir='ltr'>regio</span> <span class='ocrx_word' id='word_1_325' title='bbox 1305 2472 1492 2512; x_wconf 87' lang='lat' dir='ltr'>utebatur,</span> <span class='ocrx_word' id='word_1_326' title='bbox 1516 2471 1649 2510; x_wconf 75' lang='lat' dir='ltr'>mulier</span> 
     </span>
     <span class='ocr_line' id='line_1_38' title="bbox 216 2518 1646 2564; baseline -0.001 -14"><span class='ocrx_word' id='word_1_327' title='bbox 216 2518 449 2563; x_wconf 81' lang='lat' dir='ltr'>superciliosa</span> <span class='ocrx_word' id='word_1_328' title='bbox 484 2524 520 2552; x_wconf 93' lang='lat' dir='ltr'><em>et</em></span> <span class='ocrx_word' id='word_1_329' title='bbox 545 2530 731 2562; x_wconf 85' lang='lat' dir='ltr'>arrogans,</span> <span class='ocrx_word' id='word_1_330' title='bbox 768 2530 861 2563; x_wconf 84' lang='lat' dir='ltr'>quae</span> <span class='ocrx_word' id='word_1_331' title='bbox 885 2520 1061 2564; x_wconf 84' lang='lat' dir='ltr'>palatium</span> <span class='ocrx_word' id='word_1_332' title='bbox 1094 2519 1165 2552; x_wconf 86' lang='lat' dir='ltr'>nisi</span> <span class='ocrx_word' id='word_1_333' title='bbox 1189 2518 1367 2563; x_wconf 75' lang='lat' dir='ltr'>exquisite</span> <span class='ocrx_word' id='word_1_334' title='bbox 1391 2523 1646 2562; x_wconf 84' lang='lat' dir='ltr'>perpurgatum</span> 
     </span>
     <span class='ocr_line' id='line_1_39' title="bbox 216 2564 1647 2610; baseline -0.001 -12"><span class='ocrx_word' id='word_1_335' title='bbox 216 2564 357 2609; x_wconf 82' lang='lat' dir='ltr'>ingredi</span> <span class='ocrx_word' id='word_1_336' title='bbox 383 2565 580 2598; x_wconf 83' lang='lat' dir='ltr'>recusabat.</span> <span class='ocrx_word' id='word_1_337' title='bbox 609 2565 672 2598; x_wconf 88' lang='lat' dir='ltr'><em>sed</em></span> <span class='ocrx_word' id='word_1_338' title='bbox 696 2571 733 2598; x_wconf 87' lang='lat' dir='ltr'><em>et</em></span> <span class='ocrx_word' id='word_1_339' title='bbox 756 2566 833 2598; x_wconf 86' lang='lat' dir='ltr'>filio</span> <span class='ocrx_word' id='word_1_340' title='bbox 862 2576 905 2598; x_wconf 77' lang='lat' dir='ltr'><em>ex</em></span> <span class='ocrx_word' id='word_1_341' title='bbox 929 2577 969 2598; x_wconf 89' lang='lat' dir='ltr'><em>ea</em></span> <span class='ocrx_word' id='word_1_342' title='bbox 997 2570 1183 2610; x_wconf 83' lang='lat' dir='ltr'>procreato</span> <span class='ocrx_word' id='word_1_343' title='bbox 1211 2569 1247 2597; x_wconf 83' lang='lat' dir='ltr'><em>et</em></span> <span class='ocrx_word' id='word_1_344' title='bbox 1274 2564 1354 2597; x_wconf 87' lang='lat' dir='ltr'>aliis</span> <span class='ocrx_word' id='word_1_345' title='bbox 1380 2564 1546 2608; x_wconf 88' lang='lat' dir='ltr'>pluribus</span> <span class='ocrx_word' id='word_1_346' title='bbox 1568 2568 1647 2596; x_wconf 78' lang='lat' dir='ltr'>tota</span> 
     </span>
     <span class='ocr_line' id='line_1_40' title="bbox 215 2610 1647 2656; baseline -0.002 -11"><span class='ocrx_word' id='word_1_347' title='bbox 215 2612 327 2645; x_wconf 84' lang='lat' dir='ltr'>maria</span> <span class='ocrx_word' id='word_1_348' title='bbox 352 2612 526 2656; x_wconf 83' lang='lat' dir='ltr'>pecuniae</span> <span class='ocrx_word' id='word_1_349' title='bbox 544 2611 955 2645; x_wconf 76' lang='lat' dir='ltr'>affluebant.Eun11chis</span> <span class='ocrx_word' id='word_1_350' title='bbox 971 2622 1115 2656; x_wconf 83' lang='lat' dir='ltr'>quoque</span> <span class='ocrx_word' id='word_1_351' title='bbox 1140 2610 1370 2643; x_wconf 83' lang='lat' dir='ltr'>cubiculariis</span> <span class='ocrx_word' id='word_1_352' title='bbox 1399 2610 1552 2655; x_wconf 84' lang='lat' dir='ltr'>aliisque</span> <span class='ocrx_word' id='word_1_353' title='bbox 1577 2610 1647 2642; x_wconf 86' lang='lat' dir='ltr'>mi·-</span> 
     </span>
     <span class='ocr_line' id='line_1_41' title="bbox 214 2656 1646 2702; baseline -0.001 -12"><span class='ocrx_word' id='word_1_354' title='bbox 214 2658 337 2691; x_wconf 85' lang='lat' dir='ltr'>nistris</span> <span class='ocrx_word' id='word_1_355' title='bbox 373 2670 417 2692; x_wconf 72' lang='lat' dir='ltr'><em>ex</em></span> <span class='ocrx_word' id='word_1_356' title='bbox 458 2659 651 2702; x_wconf 72' lang='lat' dir='ltr'>peregrini·</span> <span class='ocrx_word' id='word_1_357' title='bbox 695 2658 782 2691; x_wconf 80' lang='lat' dir='ltr'>ortis</span> <span class='ocrx_word' id='word_1_358' title='bbox 816 2657 1037 2698; x_wconf 83' lang='lat' dir='ltr'>nationibus,</span> <span class='ocrx_word' id='word_1_359' title='bbox 1061 2656 1324 2697; x_wconf 83' lang='lat' dir='ltr'>semibarbaris,</span> <span class='ocrx_word' id='word_1_360' title='bbox 1353 2657 1415 2702; x_wconf 83' lang='lat' dir='ltr'><em>qui</em></span> <span class='ocrx_word' id='word_1_361' title='bbox 1441 2656 1646 2702; x_wconf 83' lang='lat' dir='ltr'>expeditius</span> 
     </span>
     <span class='ocr_line' id='line_1_42' title="bbox 216 2702 1644 2750; baseline 0 -15"><span class='ocrx_word' id='word_1_362' title='bbox 216 2705 396 2747; x_wconf 82' lang='lat' dir='ltr'>spuebant</span> <span class='ocrx_word' id='word_1_363' title='bbox 421 2716 527 2750; x_wconf 84' lang='lat' dir='ltr'>quam</span> <span class='ocrx_word' id='word_1_364' title='bbox 551 2704 810 2749; x_wconf 85' lang='lat' dir='ltr'>loquebantur,</span> <span class='ocrx_word' id='word_1_365' title='bbox 840 2709 916 2738; x_wconf 84' lang='lat' dir='ltr'>erat</span> <span class='ocrx_word' id='word_1_366' title='bbox 943 2705 1059 2737; x_wconf 82' lang='lat' dir='ltr'>facilis</span> <span class='ocrx_word' id='word_1_367' title='bbox 1087 2709 1124 2736; x_wconf 90' lang='lat' dir='ltr'><em>et</em></span> <span class='ocrx_word' id='word_1_368' title='bbox 1147 2703 1334 2747; x_wconf 78' lang='lat' dir='ltr'>benignus,</span> <span class='ocrx_word' id='word_1_369' title='bbox 1359 2714 1492 2747; x_wconf 85' lang='lat' dir='ltr'>eosque</span> <span class='ocrx_word' id='word_1_370' title='bbox 1524 2704 1563 2736; x_wconf 92' lang='lat' dir='ltr'><em>in</em></span> <span class='ocrx_word' id='word_1_371' title='bbox 1587 2702 1644 2735; x_wconf 82' lang='lat' dir='ltr'>di-</span> 
     </span>
     <span class='ocr_line' id='line_1_43' title="bbox 214 2750 1645 2798; baseline -0.003 -12"><span class='ocrx_word' id='word_1_372' title='bbox 214 2751 326 2787; x_wconf 74' lang='lat' dir='ltr'>vitum</span> <span class='ocrx_word' id='word_1_373' title='bbox 359 2763 545 2787; x_wconf 83' lang='lat' dir='ltr'>numerum</span> <span class='ocrx_word' id='word_1_374' title='bbox 573 2750 774 2792; x_wconf 76' lang='lat' dir='ltr'>referebat,</span> <span class='ocrx_word' id='word_1_375' title='bbox 819 2757 858 2786; x_wconf 80' lang='lat' dir='ltr'><em>ut</em></span> <span class='ocrx_word' id='word_1_376' title='bbox 893 2751 1025 2788; x_wconf 83' lang='lat' dir='ltr'>acervis</span> <span class='ocrx_word' id='word_1_377' title='bbox 1057 2751 1290 2798; x_wconf 81' lang='lat' dir='ltr'>pecuniarum</span> <span class='ocrx_word' id='word_1_378' title='bbox 1323 2756 1358 2784; x_wconf 83' lang='lat' dir='ltr'><em>et</em></span> <span class='ocrx_word' id='word_1_379' title='bbox 1387 2750 1484 2784; x_wconf 77' lang='lat' dir='ltr'>omni</span> <span class='ocrx_word' id='word_1_380' title='bbox 1515 2759 1645 2794; x_wconf 80' lang='lat' dir='ltr'>genere</span> 
     </span>
    </p>
   </div>
  </div>
 </body>
</html>
