1838 3210
249 174 322 240 34
383 165 386 167 Δ
660 188 886 231 ΝιοΕΤΑΕ
945 185 1253 228 CHONJATAE

246 305 324 346 φεν
362 291 420 338 εἰς
468 288 624 342 αὐτήν,
675 287 747 326 καί
781 283 906 324 τοῦτο
942 286 1169 338 Περσικοῖς
1207 284 1514 335 κατειλεγμένον
1563 284 1674 324 τέλε-

206 363 311 397 cmv
330 386 342 408 ‚
373 348 432 396 ὧν
460 350 692 408 ηύμοίρησε
721 347 920 403 πρότερον
947 346 1022 403 τὴν
1048 350 1087 390 Γ
1086 345 1242 402 άγγραν
1270 346 1641 402 παραστησάμενος
1660 378 1672 400 ,

241 425 390 475 πεῖραν
439 421 583 470 λαβεῖν
630 416 827 470 ἐντεῦθεν>
859 414 932 468 τῆς
981 414 1064 455 τῶν
1106 414 1331 467 Ἀρμενίων
1372 410 1534 467 γνώμης
1574 414 1675 465 βου-

242 483 404 537 λόμενος
435 483 509 523 καί
538 481 719 536 ἀκριβῶς
759 481 912 532 γνῶναι
940 477 1045 533 πρὸς
1073 473 1133 527 οἷς
1161 480 1277 523 εἰσίν.
1335 475 1372 518 οἱ
1399 478 1445 518 δὲ
1474 478 1546 518 καί
1570 475 1677 531 πρὸς

239 549 369 602 μόνην
399 546 472 601 τὴν
497 546 602 587 θέαν
630 542 784 586 τούτων
810 546 936 600 θυμῷ
962 542 1258 596 ὖπερζέσαντες
1288 541 1344 590 ὥς
1373 542 1710 594 α’πολουμένωνό

241 613 392 653 αὐτίκα
425 611 497 651 καί
531 611 638 664 μηδὲ
664 607 738 663 τὴν
786 607 951 664 πρώτην
979 609 1114 649 αὐτῶν
1143 607 1487 662 ὑποστησομένων
1516 604 1673 661 ὁρμήν,

239 675 315 724 τοὶς
342 674 477 724 πύλας
504 675 790 723 ἀνακλίναντες
818 676 908 715 κατ’
947 673 1085 714 αὐτῶν
1111 671 1362 727 ἐξερρύησαν
1371 706 1383 725 ,
1416 673 1490 713 καί
1515 667 1674 724 συμβοὲ

238 743 312 796 λῆς
350 741 568 795 γενομένης
613 738 771 795 ἧτταῖσί
791 755 833 782 τε
862 738 1031 787 τούτους
1070 737 1121 780 τά
1166 741 1279 779 νιὸτα
1314 738 1576 792 στρέψαντας
1605 735 1679 779 καί

238 808 310 848 ἐπὶ
335 811 523 847 πλεῖστον
563 804 877 847 καταδιώκουσι.
946 802 1185 846 συστάντων
1213 804 1259 844 δὲ
1284 801 1388 857 μετά
1420 800 1558 857 βραχύ
1593 803 1674 843 τῶν

239 869 473 927 φευγόντων
504 872 686 926 Περσῶν
718 871 762 911 ἐν
790 871 848 926 τῷ
874 869 948 924 τήν
979 862 1078 921 ὄψιν
1108 872 1356 921 μεταβαλεῖν
1386 864 1454 911 οἷα
1487 867 1672 910 καίῬω·
1693 883 1738 908 ιο

236 938 398 990 μαϊκῶν
427 935 567 985 αὐτοῖς
595 934 888 988 ἑπαρηξάντων
914 934 1150 987 ταγμάτων,
1177 933 1203 988 ἦ
1233 931 1351 988 μάχη
1368 935 1675 988 παλίνστροφος

193 1005 389 1056 Βγίιέται
407 1035 419 1054 ,
465 1002 536 1042 καί
575 997 739 1048 ἄκοντες
767 1001 824 1048 εἷς
862 998 909 1040 τὸ
942 1005 1078 1052 τεῖχος
1106 1001 1356 1053 ἐγκλειόνται
1388 996 1425 1039 οἱ
1449 995 1671 1052 Ἀρμένιοι.

235 1066 373 1122 μικρῷ
404 1069 450 1107 δὲ
477 1062 650 1120 ὕστερον
678 1066 751 1106 καί
773 1069 855 1112 τοῖς
883 1062 1065 1117 τείχεσιν
1094 1062 1138 1104 αἱ
1164 1065 1354 1118 μηχαναί
1379 1061 1673 1117 προσάγονται,

236 1133 307 1172 καί
335 1130 371 1172 οἱ
396 1131 509 1172 λίθοι
538 1132 890 1185 ε’κσφενδονῶνται
910 1130 1193 1184 σφαιροειδεῖς
1209 1127 1280 1169 καί
1300 1127 1372 1176 τοὶς
1396 1126 1541 1182 βάρεις
1572 1126 1674 1180 βάλ-

234 1200 390 1239 λουσιν.
458 1196 547 1236 οἷλλ’
577 1196 675 1236 οὐδὲ
701 1193 747 1236 τὸ
777 1193 994 1248 βάρβαρον
1023 1195 1093 1235 ὲπί
1114 1193 1275 1242 τούτοις
1301 1187 1456 1248 ἤρεμον
1489 1187 1562 1248 ἦν,
1590 1194 1673 1235 τῶν
1691 1198 1738 1239 15

235 1263 274 1302 δ’
300 1262 508 1312 ἐπάλξεων
538 1254 700 1302 ἄνωθεν
728 1262 771 1309 ἐξ
800 1260 1031 1308 α’ντιπάλου
1071 1261 1223 1314 στῆσαν
1250 1259 1322 1300 καί
1347 1256 1451 1299 αὐτὸ
1482 1251 1677 1312 μηχανή-

231 1343 343 1380 ματα
361 1326 482 1381 -βάρη
500 1342 545 1367 τε
575 1327 706 1367 λίθων
734 1323 942 1380 ἠκόντιζεν
970 1326 1028 1373 εἰς
1058 1323 1105 1365 τὸ
1134 1322 1375 1378 στράτευμα
1403 1324 1475 1364 καί
1502 1323 1673 1377 σιδήρια

233 1391 607 1446 σπινθηρακίζοντα
653 1391 912 1443 ἐξετίνασσε,
959 1392 1032 1432 καί
1070 1385 1122 1444 ἧν
1164 1388 1271 1431 κατὰ
1313 1391 1434 1431 τοῦτο
1456 1388 1675 1442 Ῥωμαίων

235 1456 290 1506 ὥς
319 1458 470 1498 ἐπίπαν
496 1459 850 1511 ἐπικρατέστερον.
908 1451 1008 1497 ὅθεν
1034 1453 1085 1497 τά
1113 1456 1190 1509 μὲν
1211 1455 1356 1509 πρῶτα
1386 1459 1568 1496 πλεῖστοι
1593 1455 1674 1496 ταῖν
1721 1474 1725 1479 ¹

228 1522 446 1573 Ῥωμαίων
492 1523 698 1563 ἐσίνοντο·
766 1518 854 1563 εἶτα
894 1522 966 1562 καί
1006 1521 1064 1569 εἷς
1098 1518 1332 1574 παράλογον
1363 1520 1420 1570 ὥς
1445 1521 1573 1562 εἰπεῖν
1602 1518 1674 1561 καί
1684 1535 1736 1562 20

233 1586 375 1641 συιόδη
403 1585 534 1641 ὁρμὴν
561 1585 842 1642 ὖποθήξαντες
870 1583 1048 1635 ἑαυτούς
1077 1585 1115 1627 οῖ
1151 1581 1367 1640 Ἀρμένιοι
1395 1585 1568 1636 ἐξιόντες
1595 1603 1672 1628 κα-

232 1654 504 1709 ταπιμπρῶσι
532 1650 608 1701 τοὶς
637 1650 857 1705 ἑλεπόλεις,
888 1652 1030 1708 εὐφυᾶ
1058 1650 1163 1707 πρὸς
1201 1649 1314 1706 ἁφὴν
1342 1649 1566 1706 εὑράμενοι
1594 1654 1674 1693 τοῦ

234 1715 367 1771 πυρὸς
387 1715 436 1758 τά
461 1719 504 1758 ἐκ
541 1716 724 1759 δονάκων
753 1718 1067 1769 ἑπισυνθέματά
1097 1732 1142 1758 τε
1170 1719 1243 1757 καί
1268 1716 1486 1771 πήγματα,
1517 1715 1546 1759 ἃ
1570 1715 1673 1772 πρὸς

234 1779 370 1837 ἔρυμα
404 1784 487 1824 τῶν
527 1784 730 1837 μηχανῶν
762 1785 1019 1837 προετέτατο.
1083 1780 1130 1824 τοὶ
1163 1784 1201 1823 δ’
1230 1783 1301 1824 έπί
1327 1781 1487 1832 τούτοις
1514 1797 1673 1838 καγχα-

329 1906 379 1929 ιο.
404 1894 569 1940 Περσῶν
596 1905 662 1927 om.
689 1895 727 1927 A.
882 1897 932 1940 ¹4·
956 1893 1299 1940 ἐκσῳενδονοῦνται
1326 1895 1363 1926 Α.

235 1995 350 2028 omnis
389 1995 526 2038 generis
569 1995 743 2028 machinis
787 1996 924 2028 firmata
952 2001 1038 2028 erat.
1075 1996 1268 2039 imperator
1308 1995 1415 2038 igitur
1449 2001 1587 2040 partem
1614 1999 1670 2031 sui

236 2042 412 2074 exercitus
446 2052 487 2073 eo
513 2043 719 2085 praemisit,
763 2053 856 2086 quae
882 2042 1028 2074 Persicis
1062 2042 1270 2074 cohortibus
1301 2041 1488 2075 constabat
1514 2054 1602 2087 quas
1630 2045 1669 2078 in

236 2088 397 2131 Gangrae
438 2086 624 2120 deditione
659 2094 823 2132 ceperat,
866 2094 906 2120 ut
949 2089 1085 2120 animos
1122 2089 1369 2120 Armeniorum
1403 2089 1670 2132 periclitaretur

235 2145 276 2166 ac
298 2135 406 2178 plane
422 2139 649 2177 cognosceret
667 2135 754 2166 utris
780 2133 976 2167 studerent.
1001 2145 1122 2167 verum
1151 2133 1268 2167 hostes
1295 2133 1340 2165 ad
1365 2135 1517 2178 primum
1546 2147 1670 2170 eorum

236 2185 464 2224 conspectum
492 2181 544 2212 ira
569 2180 800 2221 inflammati,
829 2181 931 2224 quasi
957 2192 1039 2214 vero
1064 2181 1183 2214 statim
1208 2180 1358 2224 perituri
1385 2192 1424 2213 ac
1447 2193 1492 2215 ne
1515 2183 1670 2227 primum

235 2226 383 2270 quidem
421 2227 595 2271 impetum
625 2238 727 2260 suum
766 2227 954 2259 toleraturi
995 2233 1133 2267 essent,
1158 2228 1271 2271 portis
1301 2228 1432 2270 apertis
1463 2236 1669 2273 eruperunt.

237 2284 389 2317 cumque
413 2272 459 2304 ad
495 2285 618 2306 manus
647 2279 790 2306 ventum
825 2279 938 2313 esset,
969 2284 1027 2306 eos
1055 2274 1092 2305 in
1117 2274 1232 2317 fugam
1258 2273 1437 2306 coniectos
1463 2274 1670 2319 longissime

235 2325 511 2363 persequuntur.
547 2319 620 2353 sed,
643 2331 720 2352 cum
745 2320 852 2364 paulo
889 2326 970 2364 post
993 2320 1116 2352 Persae
1143 2319 1302 2352 conversi
1325 2321 1492 2353 Romanis
1516 2322 1670 2366 legioni·-

236 2366 303 2398 bus
330 2376 433 2409 opem
460 2365 657 2398 ferentibus
687 2366 952 2406 substitissent,
990 2372 1126 2399 mutata
1152 2377 1291 2410 pugnae
1315 2367 1406 2399 facie
1427 2367 1586 2401 Armenii
1612 2369 1678 2404 in-‚

236 2412 302 2444 viti
334 2411 523 2444 moenibus
556 2411 798 2446 includuntur.
832 2424 914 2444 mox
947 2413 1055 2445 etiam
1088 2412 1261 2445 machinis
1300 2412 1474 2453 admotis,
1504 2414 1667 2448 rotundis

237 2458 330 2491 saxis
368 2464 482 2499 turres
522 2458 708 2492 feriuntur.
747 2465 903 2492 ceterum
942 2471 1007 2492 nec
1032 2459 1176 2492 barbari
1214 2459 1494 2503 conquiescunt:
1518 2461 1606 2505 quin
1632 2467 1669 2495 et

236 2505 306 2549 ipsi
332 2514 375 2536 ex
398 2504 544 2538 adverso
577 2505 760 2550 productis
788 2505 960 2538 machinis
989 2505 1134 2549 grandia
1154 2517 1236 2538 saxa
1262 2517 1304 2538 ex
1328 2508 1603 2550 propugnaculis
1628 2506 1667 2545 in

237 2551 430 2584 exercitum
455 2550 657 2584 iaculantur
685 2557 721 2584 et
743 2552 956 2584 Ferramenta
981 2552 1215 2585 scintillantia
1239 2552 1402 2594 vibrant;
1428 2563 1542 2597 eaque
1565 2559 1669 2599 parte

235 2597 402 2630 Romanis
427 2598 571 2631 omnino
597 2599 795 2643 superiores
833 2599 1009 2642 principio
1033 2599 1204 2643 plurimos
1229 2597 1432 2632 laedebant.
1455 2599 1586 2634 deinde
1610 2600 1667 2638 in-

235 2644 381 2688 opinato
407 2644 561 2688 quodam
587 2650 624 2678 et
648 2645 811 2677 belluino
835 2647 969 2689 impetu
995 2651 1239 2690 erumpentes,
1265 2655 1302 2678 se
1324 2645 1476 2678 invicem
1501 2646 1668 2682 cohorta-

234 2690 281 2730 ti,
307 2689 487 2723 machinas
504 2716 513 2731 ,
537 2691 619 2735 igne
640 2692 677 2724 in
703 2697 836 2724 storeas
861 2698 897 2724 et
917 2697 1080 2736 pegmata
1117 2691 1248 2736 quibus
1277 2691 1490 2735 tegebantur
1513 2693 1665 2737 ingesto,

234 2736 340 2769 facile
377 2742 544 2771 cremant.
581 2743 779 2783 sequuntur
811 2738 975 2774 cachinni
1010 2738 1190 2779 hostium,
1215 2737 1347 2772 hilares
1372 2739 1529 2784 corporis
1553 2739 1679 2785 agitem
