1838 3210
267 188 284 221 1
300 169 371 224 08
682 182 910 225 MCETAE
946 182 1257 226 cuomA‘rAE
1298 188 1302 190 ·

257 288 437 335 σιλειόυς
467 284 604 339 θύρας
632 285 904 335 ἐκτρίβουσαν
934 284 1006 324 καί
1034 282 1238 338 πρόσωπα
1267 280 1584 335 λαμβάνουσαν,
1611 279 1688 325 min

256 350 402 391 τούτου
430 349 487 402 μη
534 349 754 394 κανονικῶς
796 346 883 387 ἀλλ’
912 344 1109 400 ἆθὲσμως
1137 346 1209 388 καί
1232 344 1388 400 θρόνου
1418 346 1490 387 κατ’
1518 346 1689 402 ποίμνης

259 411 385 455 αὐτὸν
422 411 751 454 ἀπελαύνουσαν.
812 412 900 453 τότε
942 415 1078 455 τοίνυν
1119 410 1139 454 ὁ
1172 412 1512 466 Κοντοστέφανος
1543 407 1602 460 εἷς
1631 409 1690 454 α’)’ν

257 482 338 520 τῶν
365 477 620 518 κυκλούντων
661 474 812 528 θρόνον
839 476 910 518 τὸν
943 476 1233 531 ἆνακτορικόν,
1264 478 1344 517 τῶν
1372 474 1615 529 ἐγγιζόντων
1643 489 1688 518 τε

255 544 424 594 βασιλεῖ
450 542 522 582 καί
541 542 954 594 προσδιαλεγομένων
982 539 1338 596 θαρραλεώτερον,
1368 539 1481 582 δεινὰ
1509 541 1726 594 πάσχον-’5

253 624 292 647 τι
335 605 450 662 ἐῴκει
491 604 559 646 διὰ
590 603 665 659 τὴν
714 608 787 660 τῆς
828 608 1083 660 ὃεσποινικῆς
1136 598 1285 661 νηδύος
1325 608 1584 661 ἐπιτίμησιν,
1621 606 1692 647 καὶ

255 670 330 712 τὸν
374 668 561 724 ζηλωτὴν
604 669 675 711 ἐπί
724 671 887 721 τούτοις
928 672 1033 726 ὑπὲρ
1079 670 1179 720 τούς
1216 673 1485 725 παρεστῶτας
1533 668 1691 719 πάντας

254 737 541 789 παρακαιρίως
587 734 911 789 ὑποκρινάμενος
949 737 1172 791 ἐφίσταται
1209 738 1265 792 τῷ
1302 735 1539 791 πατριάρχῃ
1565 730 1691 790 βράτ-

146 805 182 837 Ρ.
198 804 240 839 55
253 817 332 841 των
360 801 487 856 θυμῷ
515 801 587 841 καί
616 799 698 849 πύξ
740 800 923 851 πατάξαι
963 803 1111 843 τοῦτον
1141 798 1461 853 διανοούμενος,
1495 797 1570 841 κᾶν
1597 800 1691 841 ἑπέ-

253 880 352 918 σχεν
381 863 531 905 ἑαυτὸν
558 867 632 918 τῆς
661 865 809 919 ὁρμῆς.
865 867 990 906 τοῦτο
1031 867 1078 906 δὲ
1107 861 1202 906 οὔτε
1242 867 1298 922 τῷ
1325 868 1493 918 βασιλεῖ
1514 864 1689 920 ἐχέφρο,
1709 885 1755 909 ιο

253 945 320 978 νος
340 928 467 983 ἔργον
497 927 636 982 ἔδοξε,
668 932 739 970 καί
768 928 945 984 ἔδειξεν,
976 927 1034 980 οἷς
1067 929 1322 985 ἠγανάκτησε
1341 964 1353 982 ,
1390 932 1553 984 βαρέως
1585 932 1691 983 ἐνεγ-

252 994 335 1037 univ
376 993 419 1036 τὸ
462 995 701 1048 γενόμενον·
753 995 826 1036 καί
852 995 889 1036 οὶ
918 998 1015 1037 καθ’
1042 993 1146 1048 αἷμα
1189 997 1235 1037 δὲ
1275 999 1332 1052 τῷ
1363 999 1534 1048 βασιλεῖ’
1563 1011 1693 1036 συνα-

250 1057 445 1112 πτόμενοι
484 1061 557 1101 καί
590 1058 634 1101 τὸ
678 1059 965 1115 ξυμπαρεστὸς
1009 1059 1223 1115 γερούσιον
1263 1058 1318 1110 ῶς
1351 1059 1499 1101 α’νόσια
1543 1063 1694 1115 δρῶντι

249 1127 306 1182 τῷ
339 1122 668 1182 Κοντοστεφάνῳ
709 1126 1009 1180 ἐπέπληττον,·
1026 1125 1131 1180 μήτε
1161 1125 1246 1180 μην
1272 1123 1492 1181 πεφρικότι
1520 1123 1596 1179 την
1624 1124 1693 1165 εὖ·

250 1188 303 1244 ρὺ
346 1188 462 1242 μάλα
502 1196 586 1238 τοῖς
626 1188 679 1231 τοὶ
721 1192 898 1231 τοιαῦτα
934 1193 1248 1245 παρανομοῦσιν
1277 1193 1576 1244 ἐπιχαίνουσαν
1604 1191 1756 1244 γῆν.”ι5

250 1254 379 1304 αὐτὸς
407 1257 452 1297 δὲ
488 1253 508 1295 ὅ
538 1255 800 1310 πατριάρχης
845 1259 997 1315 πραεία
1027 1255 1184 1298 οὑτωσί
1206 1273 1294 1305 πως
1324 1255 1455 1311 ἔφησε
1483 1257 1535 1313 τῇ
1572 1257 1693 1312 ᾳωνῇ

248 1315 410 1375 »ἄφετε
437 1319 580 1375 αὐτόν,
627 1317 724 1364 ὅσον
760 1317 878 1362 οὔπω
903 1321 979 1376 τὴν
1008 1325 1161 1365 οἰκείαν
1187 1325 1386 1378 πετραίαν
1417 1322 1690 1377 ληψόμενον,”

251 1384 327 1429 τὸν
369 1387 526 1428 ἐκείνου
562 1384 694 1442 μόρον
732 1384 813 1445 ὅτῳ
837 1387 1020 1442 ξυμβαίη
1050 1388 1188 1446 τρόπῳ
1217 1390 1481 1444 γριφολογῶν
1508 1382 1591 1428 ὦδε
1620 1387 1693 1429 καί

255 1448 551 1503 αἰνιττόμενος.
608 1452 647 1494 εἶ
677 1454 723 1493 δὲ
757 1455 829 1494 καί
854 1450 880 1507 ἧ
906 1452 1072 1506 βασιλὶς
1102 1453 1172 1494 δια
1197 1454 1372 1508 ταυτηνὶ
1397 1450 1474 1507 τήν
1500 1453 1689 1507 ἑπιτιζιιη-

253 1531 321 1558 σιν
346 1518 422 1558 τοῦ
447 1516 605 1572 πατρὸς
653 1517 728 1558 οὐκ
754 1512 904 1572 ἤκουσε
937 1518 1088 1568 παιδὸς
1115 1519 1251 1574 μήτηρ
1283 1515 1457 1573 ἄρρενος
1478 1550 1489 1570 ,
1518 1521 1593 1559 τοῦ
1617 1522 1688 1560 θε-
1702 1537 1759 1569 20

218 1582 307 1624 Βοῦ
344 1583 543 1634 τιμῶντος
587 1581 659 1624 τὸν
707 1584 840 1624 αὑτοῦ
878 1583 1116 1638 θεράποντα
1146 1584 1217 1625 καὶ
1243 1585 1554 1639 θηλυτεκοῦσαν
1579 1585 1689 1625 ἑκτε·

252 1648 417 1695 λοῦντος
443 1649 544 1688 καθ’
578 1644 670 1689 ὅλον
698 1647 770 1689 τὸν
808 1649 956 1704 ταύτης
982 1651 1145 1702 βίοτον,
1178 1647 1306 1697 αὖτὸς
1329 1652 1406 1702 μὲν
1435 1650 1584 1704 σαφῶς
1614 1649 1691 1690 οὐκ

252 1708 400 1766 ἴσημι·
468 1710 535 1766 ὅγε
568 1711 653 1767 μην
693 1713 893 1766 βασιλεὺς
939 1716 1229 1767 εὐγνωμονῶν,
1269 1713 1327 1763 ῶς
1354 1713 1508 1766 ἔδειξε,
1539 1715 1612 1755 καί
1634 1716 1693 1772 τῷ

252 1774 369 1819 ἔνδον
410 1780 483 1820 καί
518 1780 653 1835 οἰκείῳ
698 1782 894 1837 κριτηρίῳ
936 1779 1236 1835 πληττόμενος,
1275 1777 1335 1830 οἷς
1365 1776 1500 1835 ἄνδρα
1531 1780 1691 1822 δίκαιον

252 1926 289 1954 at
307 1947 315 1962 ,
345 1927 382 1955 et
406 1933 450 1955 ex
473 1924 681 1967 proceribus
721 1924 894 1968 quosdam
925 1935 1072 1957 censura
1099 1926 1338 1959 ecclesiastica
1362 1931 1482 1967 notatq
1511 1931 1548 1958 et
1570 1925 1690 1958 conci-

250 1968 339 2001 lium
365 1969 536 2002 eiiciendi
562 1971 616 2003 sui
641 1982 747 2002 causa
772 1971 960 2012 indictum,
988 1978 1026 2004 ut
1050 1972 1147 2017 quod
1171 1974 1297 2016 palatii
1323 1973 1417 2005 sores
1442 1973 1693 2016 frequentaret

250 2020 287 2047 et
310 2025 543 2059 personarum
578 2017 753 2049 rationem
790 2017 942 2050 haberet
958 2043 966 2057 ‚
1001 2028 1111 2062 seque
1142 2030 1207 2062 per
1231 2019 1398 2051 iniuriam
1423 2024 1460 2050 et
1484 2023 1607 2050 contra
1633 2018 1690 2050 in-

250 2061 376 2094 stituta
400 2062 575 2094 maiorum
599 2062 683 2095 sede
708 2069 744 2095 et
768 2074 871 2107 grege
894 2063 1068 2107 pelleret,
1094 2065 1289 2098 insectatus
1315 2070 1378 2097 est.
1427 2063 1698 2108 Contostepha-1

248 2116 315 2140 nus
344 2113 487 2148 autem,
522 2120 614 2141 unus
640 2120 682 2141 ex
710 2109 754 2141 iis
789 2110 851 2154 qui
880 2110 1003 2142 sellam
1032 2110 1256 2154 imperatoris
1283 2111 1548 2143 circumsistunt
1572 2115 1609 2142 et
1636 2110 1690 2142 fa-

248 2153 425 2186 miliarius
450 2165 529 2186 cum
554 2165 598 2187 eo
625 2155 892 2199 colloquuntur,
918 2156 1112 2200 aegerrime
1144 2157 1237 2190 ferre
1262 2168 1299 2190 se
1323 2157 1448 2190 herilis
1476 2156 1570 2189 uteri
1606 2167 1691 2189 exe-

248 2200 446 2232 crationem
485 2201 717 2243 ostendebat3
757 2207 794 2234 et
828 2202 995 2235 simulata
1031 2202 1168 2247 ingenti
1214 2215 1299 2248 prae
1329 2203 1479 2236 caeteris
1520 2201 1688 2236 omnibus

250 2245 521 2290 indignatione,
558 2247 611 2279 ira
641 2253 809 2280 aestuans
838 2247 1077 2292 patriarcham
1102 2250 1306 2293 aggreditur
1334 2250 1436 2294 quasi
1455 2249 1594 2294 alapam
1622 2249 1690 2282 im·-

247 2298 416 2336 pacturus
431 2319 440 2333 ‚
470 2304 676 2338 quanquam
701 2294 745 2326 ab
766 2305 807 2326 eo
833 2295 904 2327 sibi
930 2295 1152 2340 temperavit.
1179 2296 1218 2328 id
1241 2307 1308 2328 nec
1333 2296 1539 2340 imperatori
1563 2294 1688 2328 corda-

247 2339 279 2371 ti
305 2338 461 2372 hominis
485 2339 619 2373 factum
645 2351 720 2373 esse
743 2340 877 2383 visum3
902 2341 1001 2386 quod
1026 2353 1127 2374 suum
1158 2342 1332 2375 iudicium
1357 2342 1543 2375 iracundia
1567 2341 1688 2375 declar-

247 2385 356 2428 ravit3
398 2391 434 2418 et
474 2387 729 2430 consanguinei
759 2387 981 2432 imperatorii
1008 2393 1044 2421 et
1071 2394 1215 2422 senatus
1239 2386 1523 2433 Contostephani
1548 2387 1687 2421 facinus

247 2431 426 2464 nefarium
463 2432 796 2477 reprehenderunt,
834 2434 897 2478 qui
931 2434 1098 2467 tellurem
1130 2441 1228 2468 vasto
1270 2446 1330 2468 ore
1362 2435 1570 2468 hominibus
1594 2433 1686 2466 adeo

249 2477 385 2522 iniquis
413 2478 612 2512 inhiantem
639 2490 711 2512 non
737 2478 909 2513 horreret.
951 2481 1028 2525 ipse
1051 2492 1135 2514 vero
1160 2482 1360 2525 patriarcha
1387 2481 1463 2514 leni
1484 2491 1570 2514 voce
1595 2480 1687 2514 dixit

248 2525 382 2565 „sinite
410 2525 516 2558 istum
549 2525 691 2558 iamiam
717 2537 821 2568 suam>
832 2527 1012 2559 Petraeam
1038 2529 1298 2571 accepturum.”
1324 2527 1456 2573 quibus
1481 2525 1597 2560 verbis
1621 2537 1687 2572 per

248 2570 414 2615 ambages
440 2572 616 2605 innuebat
651 2583 722 2618 quo
748 2573 873 2605 mortis
904 2584 1034 2616 genere
1055 2575 1234 2618 periturus
1263 2580 1366 2607 esset.
1390 2586 1436 2607 an
1464 2584 1547 2606 vero
1571 2573 1686 2617 impe-

247 2618 377 2651 ratoris
401 2618 558 2651 coniunx
599 2619 646 2651 ob
678 2620 781 2651 istam
818 2620 929 2663 patris
954 2620 1216 2652 execrationem
1242 2632 1355 2653 mares
1379 2631 1452 2653 non
1479 2619 1684 2664 pepererit,

250 2662 318 2696 deo
343 2675 482 2698 servum
516 2676 618 2698 suum
645 2665 844 2698 honorante
881 2671 990 2711 atque
1016 2666 1191 2699 efficiente
1217 2672 1256 2700 ut
1282 2667 1346 2699 ilia
1369 2677 1433 2711 per
1461 2676 1600 2698 omnem
1623 2676 1685 2698 ae-

248 2715 361 2745 tatem
384 2716 524 2744 tantum
557 2711 695 2756 puellas
723 2713 940 2753 eniteretur,
976 2712 1145 2757 equidem
1167 2724 1239 2746 non
1265 2713 1350 2746 satis
1379 2713 1463 2746 scio.
1490 2710 1686 2758 imperator

251 2762 371 2792 autem
396 2763 490 2792 recte
519 2759 651 2793 sentire
670 2759 791 2801 -visus,
815 2770 894 2792 cum
923 2771 941 2792 a
969 2770 1031 2792 sua
1057 2759 1275 2794 conscientia
1299 2764 1506 2806 argueretur
1522 2785 1530 2800 ‚
1557 2756 1610 2792 oh
1630 2757 1684 2792 vi»
