1878 3230
254 142 365 198 686
577 132 579 134 ’
669 158 896 200 Memmi:
935 156 1244 200 CHONJATAE

251 260 509 313 πραγμάτων
537 252 685 311 ἄγριον
723 259 795 297 καί
836 255 1136 311 δυσπρόσιτον,
1184 273 1242 305 ως
1278 256 1301 297 ὅ
1332 260 1491 336 καιρὸς
1511 264 1675 315 ἐδίδου,

251 321 490 376 περιποππῦ
496 324 576 372 ζων
599 338 667 362 και
696 321 921 362 ὃιασαιίων
946 327 1136 369 παντοῖος
1154 320 1317 375 ἐγίνετο,
1346 323 1417 364 καί
1440 324 1539 374 τούς
1565 328 1679 384 αὐτῷ

253 387 528 434 οἰκειοτάτους
555 388 651 438 βιβ)
642 384 852 441 ιοφόρους
881 384 1037 438 ἔπεμπε
1066 383 1166 440 πρὸς
1187 384 1397 441 Ἀλέξων,
1436 390 1480 437 ἐς
1520 393 1683 444 συμβά-

250 467 335 498 σεις
379 450 510 492 αυ’τὸν
553 451 925 504 προσκαλούμενος.
990 449 1077 492 ἔστι
1130 452 1165 492 δ’
1205 448 1285 508 ὅπη
1332 454 1404 494 καί
1441 455 1685 510 δολοφονίας

252 515 490 571 ἐφρόντιζε,
521 517 628 570 μηδὲ
665 519 741 557 τοῦ
776 517 957 568 πολέμου
987 515 1222 558 παντάπασι
1263 516 1576 571 μεθιστάμενος.
1628 522 1723 578 “l-¹5

250 597 316 623 τοι
345 583 417 622 καί
441 580 514 635 τὴν
543 580 743 636 στρατιὰν
772 580 995 634 ἀναλαβών
1024 583 1098 623 καί
1122 581 1199 635 τὴν
1231 581 1443 624 Φιλίππου
1482 586 1688 639 ἐπαρχίαν

251 645 498 699 καταλαβών
525 646 624 700 περὶ
650 645 696 688 τὸ
731 644 935 702 φρούριον
966 645 1337 701 στρατοπεδεύεται
1375 648 1450 691 τὸν
1485 651 1689 702 Στενίμα-

250 727 355 765 χον,
385 713 445 760 εἰς
473 709 498 751 ὃ
525 713 672 753 πολλοί
696 714 778 752 τῶν
804 710 1031 765 βαρβάρων
1067 713 1322 767 συνέφυγον,
1360 715 1433 754 καί
1464 713 1690 770 διειληφώς

126 785 161 819 Ρ.
175 784 241 820 335
255 776 360 818 αὐτὸ
383 781 471 825 τοῖς
497 774 806 832 στρατεύμασιν
832 777 961 827 ἐξεῖλὲ
981 791 1026 817 τε
1054 774 1158 818 κατὰ
1186 776 1338 831 κράτος
1365 779 1437 819 καί
1461 777 1558 827 τοὺς
1577 780 1691 821 ἐνόν-ο

252 858 328 891 τας
356 842 703 897 ἠνδραποδίσατο.
762 839 785 883 ὅ
818 843 857 882 δ’
886 837 1119 896 ’ἀποστάτης
1146 840 1376 898 ἀφικέσθαι
1399 844 1477 895 μὲν
1503 844 1545 892 ἐς
1570 848 1690 897 βασι·
1709 865 1753 892 ιο

1166 904 1185 919 Ἃ

254 912 329 949 λεά
361 907 564 960 οὐδαμῶς
591 909 856 960 συνετίθετο,
889 904 995 948 dna*
1026 908 1127 960 μηδ’
1155 922 1208 948 αν
1244 904 1397 961 ἑτέρως
1435 910 1691 952 σπείσασθαι

256 974 494 1025 διετείνετο,
523 974 562 1014 εἰ
586 971 645 1026 μὴ
674 973 827 1027 χωρῶν
858 974 930 1014 καί
965 968 1123 1013 πόλεων
1156 970 1375 1027 ἐγγράφως
1413 973 1529 1030 αὐτῷ
1569 977 1692 1027 βασι-

255 1038 353 1087 λεὺς
378 1039 608 1093 ὕπεκσταιή
639 1035 796 1086 ὁπόσας
837 1036 963 1085 αότὸς
1005 1037 1278 1092 ἐχειρώσατο,
1317 1040 1388 1079 καί
1423 1037 1498 1092 τήν
1541 1055 1692 1094 κατηγ-

254 1106 462 1157 γυημένην
491 1103 607 1160 αὐτῷ
631 1103 852 1156 Θεοδώραν
877 1100 984 1153 μετὰ
1014 1104 1097 1143 τῶν
1136 1103 1321 1157 α’ρχικιὸν
1352 1104 1582 1157 ἐκπέμψειε
1610 1121 1691 1146 πα-

256 1169 471 1223 ρασήμων.
530 1171 614 1210 τῶν
643 1170 689 1209 δὲ
717 1170 936 1223 συνθηκῶν
965 1166 1047 1220 ὀψέ
1073 1183 1172 1208 ποτε
1199 1170 1273 1210 καί
1305 1171 1386 1210 ταῖν
1422 1166 1554 1222 ὅρκων
1585 1185 1691 1214 τετε·
1709 1174 1755 1224 ¹5.

254 1234 464 1285 λεσμένων
491 1232 548 1281 ὥς
579 1233 718 1290 ᾐτεῖτο
745 1234 946 1285 Ἀλέξιος,
972 1232 1230 1286 βουλεύεταί
1245 1250 1284 1275 τι
1313 1236 1534 1286 μετέπειτα
1565 1239 1691 1288 βασι-

255 1297 352 1347 λεὺς
383 1294 458 1338 οὐκ
488 1295 582 1339 οἶδα
610 1299 650 1339 εἰ
677 1303 919 1351 στρατηγοῖς
944 1299 1016 1339 καί
1057 1299 1301 1350 βασιλεῦσιν
1341 1299 1570 1352 ἁρμόδιον,
1617 1299 1692 1349 οὕς

255 1361 371 1418 παρά
401 1365 484 1404 πᾶν
513 1365 652 1418 ἕτερον
676 1362 720 1405 τὸ
748 1364 932 1417 εὐορκεῖν
967 1364 1130 1404 τιθέναι
1169 1365 1267 1419 περὶ
1297 1365 1490 1405 πλείστου
1526 1362 1690 1419 χρεών·

255 1428 328 1470 τὸν
355 1427 434 1483 γὰρ
461 1429 643 1479 Ἀλέξιον
669 1428 797 1470 θείων
819 1425 1095 1481 ἀκουσμάτων
1122 1423 1370 1477 ἀποστολαῖς
1399 1428 1470 1471 διὰ
1493 1431 1569 1471 τοῦ
1591 1446 1690 1485 πρε·
1735 1469 1738 1472 .

218 1496 458 1547 Βσβυτέρου
486 1510 566 1535 των
592 1495 792 1548 γαμβρῶν
817 1493 1005 1543 Ἀλεξίου
1034 1492 1135 1548 πρὸς
1171 1489 1322 1534 ἑαυτὸν
1360 1494 1690 1549 ἐφελκυσάμενος
1703 1512 1756 1539 20

258 1557 364 1612 μετὰ
396 1559 468 1614 τὴν
492 1561 575 1600 τῶν
607 1556 764 1614 ὅρκων,
810 1558 868 1607 (ὃς
907 1556 1034 1614 ἔφην,
1068 1555 1394 1613 συμπλήρωσιν,
1429 1559 1692 1616 συνειληφώς

350 1703 381 1725 2.
410 1696 590 1730 παντοῖος
615 1691 759 1737 ἐγίνετο
783 1693 846 1726 καὶ
871 1703 928 1725 om
952 1693 992 1724 A.
1087 1703 1142 1743 9.
1170 1686 1259 1728 τούς
1282 1690 1448 1747 ἐνόντας]
1471 1689 1559 1730 τούς
1584 1703 1692 1726 rom-

350 1750 443 1776 κους
468 1738 693 1796 ἐδέσμευσεν
718 1739 755 1771 Β.
881 1750 929 1783 ι9.
955 1735 1023 1773 τὸν
1050 1730 1125 1783 γὰρ
1150 1735 1324 1786 Ἀλέξων]
1347 1733 1415 1772 τόν
1437 1732 1513 1784 γὰρ
1532 1738 1694 1793 ἰβαγγόν

346 1783 439 1830 μετὰ
466 1784 505 1819 τὸ
543 1781 632 1822 τούς
666 1783 803 1829 ὅρκους
838 1785 1181 1838 συμπληρωθῆναι,
1216 1786 1370 1842 πξμψας
1393 1783 1415 1818 o‘
1437 1787 1593 1828 βασιλέα
1625 1785 1693 1820 ἕνα

351 1844 426 1865 των
462 1832 592 1876 ἱερέων
617 1831 738 1864 αὐτοῦ’
771 1840 867 1885 μετα
894 1834 963 1865 τοῦ
998 1833 1107 1864 θείου
1141 1831 1205 1863 και
1229 1830 1344 1886 οἶγίου
1375 1830 1606 1876 εὐαγγελίου
1630 1831 1694 1865 ἄλ-

350 1879 394 1910 λα
397 1880 538 1923 γμένον
564 1877 613 1914 οἷς
638 1878 701 1910 ἵνα
735 1871 851 1911 admit!
881 1878 976 1923 φέρι]
1004 1876 1101 1931 πρὸς
1131 1872 1170 1910 τό
1199 1874 1267 1919 τὴν
1289 1878 1408 1911 αὐτοῦ
1445 1878 1694 1923 εὐλογηθῆναι

352 1924 544 2014 ivgyfmssff
588 1923 751 1960 ἐλθόντα
801 1922 868 1959 τὸν
915 1917 1072 1968 ἰβαγγόν
1121 1923 1302 1968 ἔκρατησε
1352 1925 1415 1957 και
1459 1924 1501 1959 ἐν
1544 1925 1695 1971 φυλακῇ

393 1983 414 2003 α
439 1980 455 2003 ε

262 2070 448 2103 audaciam
474 2076 568 2104 retro
593 2070 754 2103 cedendo
778 2070 887 2114 magis
913 2069 1131 2102 invalescere
1156 2069 1315 2103 videbat.
1349 2073 1470 2104 tamen
1495 2075 1694 2116 temporum

262 2117 495 2150 difficultates
521 2123 703 2162 utcunque
730 2116 914 2156 leniendo,
942 2116 1106 2149 Alexium
1131 2126 1196 2161 per
1219 2116 1445 2150 fidelissimos
1473 2128 1554 2150 suos
1578 2117 1696 2151 tabel-

262 2163 372 2196 larios
398 2164 444 2195 ad
468 2164 651 2208 pactiones
677 2164 832 2205 invitat3
874 2162 1069 2206 aliquando
1108 2163 1214 2195 etiam
1251 2173 1315 2207 per
1351 2163 1472 2196 dolum
1509 2175 1632 2196 necem
1661 2165 1695 2197 ei

260 2208 510 2251 machinatur,
529 2221 647 2254 neque
672 2221 693 2242 a
717 2210 816 2243 bello
840 2209 984 2253 penitus
1012 2208 1158 2241 recedit.
1192 2209 1314 2253 itaque
1352 2221 1429 2241 cum
1467 2210 1622 2242 exercitu
1657 2211 1696 2244 in
1731 2221 1737 2225 ·

262 2255 630 2299 Philippopolitanam
653 2256 871 2300 provinciam
887 2255 1080 2299 profectus,
1105 2255 1196 2287 circa
1213 2255 1478 2287 Stenimachum
1497 2256 1695 2298 castellum,

263 2313 335 2346 quo
370 2302 475 2335 multi
505 2302 650 2335 barbari
675 2303 929 2345 confugerant,
960 2306 1239 2334 castrametatur.
1279 2311 1350 2345 quo
1386 2301 1590 2344 legionibus
1627 2303 1696 2335 cir-

264 2347 430 2381 cumdato
472 2353 508 2380 et
534 2349 570 2381 vi
597 2353 816 2402 expugnato,
861 2348 1019 2392 captivos
1054 2348 1113 2386 in
1130 2348 1337 2379 servitutem
1364 2346 1510 2390 redegit.
1535 2347 1696 2383 desertor

266 2405 350 2426 vero
375 2405 442 2427 nec
469 2395 545 2438 ipse
578 2394 623 2426 ad
636 2395 894 2448 imperatorem
918 2394 1064 2434 venire,
1097 2380 1163 2425 nec
1185 2393 1290 2425 aliter
1314 2392 1358 2425 de
1382 2405 1470 2438 pace
1504 2395 1696 2439 quicquam

266 2440 391 2473 audire
414 2441 551 2481 voluit,
576 2440 645 2472 nisi
671 2441 862 2484 imperator
889 2439 971 2472 dato
999 2439 1195 2483 diplomate
1221 2438 1370 2471 urbibus
1397 2445 1432 2472 et
1455 2441 1546 2483 agris
1579 2442 1611 2473 ei
1637 2453 1696 2475 ce-

268 2486 370 2519 deret
396 2498 482 2531 quas
507 2491 589 2519 ante
615 2492 841 2530 occupasset,
878 2491 915 2517 et
939 2485 1149 2529 desponsam
1173 2484 1399 2518 Theodoram
1428 2497 1507 2518 cum
1542 2487 1696 2531 impera-

268 2533 372 2566 toriis
398 2533 594 2577 insignibus
617 2533 785 2565 mitteret.
810 2531 1038 2576 pactionibus
1063 2537 1099 2564 et
1122 2531 1352 2564 iureiurando
1377 2533 1435 2565 vix
1471 2532 1613 2566 tandem
1649 2534 1696 2568 de

267 2579 385 2612 Alexii
410 2579 588 2612 sententia
616 2578 806 2618 confectis,
835 2578 1029 2621 imperator
1052 2577 1240 2612 consilium
1265 2578 1333 2610 init
1347 2578 1443 2611 haud
1471 2579 1543 2611 scio
1569 2591 1614 2612 an
1630 2580 1697 2613 (lu-

268 2625 370 2658 cibus
390 2631 426 2658 et
453 2625 727 2671 imperatoribus
757 2624 921 2667 dignum,
950 2622 1081 2667 quibus
1114 2624 1343 2656 iurisiurandi
1383 2626 1591 2669 religionem
1617 2638 1697 2660 cae-

268 2672 354 2704 teris
394 2672 498 2704 rebus
535 2671 698 2704 omnibus
731 2671 970 2714 antiquiorem
1006 2680 1081 2702 esse
1120 2669 1233 2702 decet.
1269 2682 1350 2702 nam
1384 2672 1545 2704 Alexium
1578 2684 1696 2706 sacro-

270 2724 391 2753 sancto
417 2718 601 2764 evangelio
627 2719 734 2752 misso
767 2728 831 2763 per
857 2727 1023 2761 generum
1057 2721 1144 2752 natu
1180 2717 1351 2751 maiorem
1388 2719 1551 2752 Alexium
1582 2719 1626 2753 ad
1658 2729 1695 2752 se
