1838 3210
273 171 371 237 142
685 182 911 225 NICETAE
950 180 1260 225 GHONJATAE

263 287 384 328 τίνων
411 285 541 326 ἐκεῖσε
569 279 862 335 στρατιωτικὸν
887 284 994 334 μέγα
1022 284 1078 337 τῷ
1107 281 1253 336 δόρατι
1281 273 1594 336 ἔγκαυχιόμενον
1619 285 1689 326 καί

265 352 324 407 τῷ
349 348 496 393 τούτου
526 344 690 402 ἐνδεξίῳ
717 347 865 401 φυσῶν
903 347 1180 400 α’γωνίσματι,
1210 348 1381 396 παιδιᾶς
1405 348 1563 402 ἡμέραν
1588 364 1686 391 συν-

224 415 539 470 Βθηματίζεται
565 411 620 451 δι’
648 407 857 464 οἶσιδὴρων
883 411 1159 464 δορατισμιόν.
1214 411 1271 460 ὥς
1298 407 1373 453 οὖν
1399 411 1424 466 ἢ
1455 413 1691 466 προθεσμία

267 475 502 530 ἐνειστήκει,
536 474 778 528 ἀριστίνδην
799 476 883 516 τῶν
904 475 1145 528 Ῥωμαϊκῶν
1170 476 1304 529 ἐξάγει
1333 476 1568 530 καταλόγων
1594 475 1692 526 τούς

266 543 364 597 περὶ
388 540 435 582 τὸ
477 540 714 594 κραδαίνειν
740 538 899 594 δόρατα
927 540 1100 595 εὐφυεῖς
1143 540 1214 581 καί
1237 537 1326 582 ὅσοι
1353 540 1456 595 πρὸς
1485 540 1614 583 αότὸν
1641 540 1728 585 τόδ

267 609 377 661 γένος
404 601 621 660 ἀνέφερον.
678 602 804 654 ἔξεισι
829 605 875 646 δὲ
903 607 975 646 καί
1011 601 1137 654 αὐτὸς
1164 604 1426 660 ὖποσεσηραὶς
1453 605 1593 661 βραχὺ
1623 605 1695 648 καί

267 670 372 727 πρὸς
394 670 439 712 τὸ
462 669 638 724 σύνηθες
678 669 863 721 μεδίαμα
902 668 1224 723 ὑγραινόμενος,
1258 673 1299 718 ἐς
1327 673 1469 712 πεδίον
1496 669 1694 722 ὑπτιάζον

268 738 340 778 καί
364 733 504 777 ἱκανὸν
533 731 745 783 ἀντιτάξαι
777 735 976 787 δισχιδεῖς
1003 733 1223 784 ἱππότιδας
1252 735 1484 791 φάλαγγας,
1517 734 1563 777 τὸ
1593 735 1691 790 δόρυ

267 801 548 855 μετεωρίζων,
589 798 790 853 χλαμύδα
834 800 1067 853 ἠσθημένος
1107 799 1367 855 α’στειοτέραν
1407 800 1504 855 περὶ
1527 800 1598 842 τὸν
1627 803 1693 842 δε·

270 865 358 918 ξιὸν
400 861 512 918 ὦμον
549 866 849 919 περονουμένην
881 863 954 904 καὶ
996 863 1192 919 α’φιεῖσαν
1230 867 1455 919 ἐλευθέραν
1478 864 1552 920 τὴν
1567 872 1694 921 χεῖρα
1714 881 1757 906 ιο

270 928 375 973 κατὰ
401 928 446 972 τὸ
478 927 692 984 πόρπημα.
749 924 853 982 α’)’χει
883 929 930 970 δὲ
957 926 1085 970 αὐτὸν
1112 929 1233 978 ἵππος
1259 930 1572 986 πολεμιστήριος
1597 935 1695 973 καλ-

269 998 408 1050 alapa}
450 996 520 1036 καί
561 993 916 1049 χρυσοφάλαρος,
958 992 1003 1042 ὃς
1030 993 1168 1049 ἠρέμα
1198 995 1416 1048 ὖπογυρῶν
1439 994 1510 1037 τὸν
1535 995 1696 1049 αὐχένα

267 1061 338 1103 καί
361 1059 627 1114 ὖηοσκαίρων
667 1059 724 1100 ταὶ
740 1056 860 1110 πόδε,
889 1057 945 1106 ὥς
973 1059 1139 1113 δρόμων
1167 1060 1357 1114 ἐρωτιῶν,
1387 1056 1472 1102 οἷον
1495 1061 1696 1116 α’νθημιλ-

266 1129 366 1168 λᾶτο
393 1126 443 1182 τῇ
470 1126 546 1166 τοῦ
573 1123 780 1177 οἷναβάτου
800 1122 1070 1178 λαμπρότητι.
1101 1127 1174 1165 καί
1199 1122 1354 1182 ἑκάστῳ
1380 1127 1426 1167 δὲ
1444 1127 1525 1168 τῶν
1553 1141 1697 1180 συγγε-

267 1192 371 1243 ναῖν,
391 1191 463 1231 καί
490 1185 577 1230 ὅσοι
595 1189 915 1240 διαγωνίζεσθαι
944 1183 1062 1229 ἄλλοι
1087 1196 1169 1237 τοῖς
1195 1190 1364 1238 Ἰταλοῖς
1392 1192 1695 1246 ε’πεκρίθησαν,
1715 1194 1760 1233 15

164 1266 256 1311 P.72
270 1259 583 1310 λαμπροφορεῖν
624 1254 812 1304 ἐπέταξεν
852 1253 910 1301 ὥς
954 1253 1062 1307 ἐνῆν.
1121 1256 1269 1308 ἐξῆλθε
1297 1256 1343 1296 δὲ
1374 1257 1446 1296 καί
1471 1253 1493 1295 ὃ
1522 1258 1698 1310 πρίγκιψ

269 1323 309 1363 Γ
308 1317 482 1375 εράρδος
512 1320 739 1376 λευκοτέρῳ
774 1319 914 1373 χιόνος
942 1317 1090 1373 ἔποχος
1120 1321 1255 1376 ἵππῳ,
1285 1318 1594 1373 α’μπισχόμενος
1629 1337 1697 1375 χι-

268 1387 378 1428 τῶνα
408 1382 647 1438 διάσχιστον
674 1386 901 1439 ποδηνεκῆ,
927 1384 999 1425 καί
1035 1389 1153 1426 πῖλον
1184 1383 1292 1438 ἔχων
1319 1387 1389 1427 ε’πί
1415 1387 1597 1441 κεφαλῆς
1624 1402 1700 1428 κα-

270 1451 323 1492 τὰ
355 1449 506 1504 τιάραν
555 1451 762 1504 ἐπικλινῆ,
805 1451 951 1506 χρυσῷ
993 1451 1264 1493 κατάπαστον.
1321 1451 1532 1501 συνεξίασι
1556 1452 1603 1492 δὲ
1629 1451 1703 1493 καί

360 1570 390 1591 a.
415 1557 584 1605 παιδιᾶς]
624 1558 765 1605 ἡμέραν
798 1561 893 1605 μίαν
915 1551 1012 1604 πρὸς
1034 1552 1320 1605 παραβιβασμόν
1346 1561 1505 1602 ποιῆσαι
1529 1562 1699 1594 συντίθε-

361 1618 423 1638 ται
460 1603 553 1650 μετὰ
590 1607 799 1649 κονταρίων
835 1603 1076 1651 α’σιδηριότων
1099 1606 1136 1637 Β.
1233 1608 1262 1639 5.
1289 1604 1456 1653 εὐφυεῖς]
1498 1599 1697 1645 δεξιοῦςΑ.

359 1654 392 1684 6.
417 1654 480 1684 καὶ
504 1649 598 1697 αυτ]
624 1653 687 1684 καῖ
713 1650 884 1694 βασιλεὺς
899 1651 935 1684 Α.
1011 1663 1044 1695 9.
1069 1650 1321 1698 α’στειοτέραν]
1347 1652 1694 1698 περιπόρφυρον-

358 1695 452 1742 μετά
477 1699 671 1731 τεναντίου
700 1697 781 1738 ἤτοι
802 1696 972 1734 ποῦκλας
996 1697 1280 1743 ἠσφαλισμένην
1304 1699 1340 1731 Β.
1441 1709 1489 1731 12.
1513 1699 1694 1746 χρυσοφ.]

358 1745 530 1787 χρυσοῦν
557 1742 783 1788 χαλινάριον
820 1744 953 1788 φορῶν
977 1743 1106 1785 χιότην
1131 1743 1227 1787 ἔχων
1251 1743 1387 1789 ὄρθιον
1428 1747 1490 1778 καὶ
1529 1744 1698 1787 ὑψηλήν,

358 1789 531 1835 γυράζων
556 1782 623 1823 τὸν
651 1789 767 1822 αὐτοῦ
798 1789 1017 1835 σφόνδυλον
1041 1792 1103 1822 καὶ
1125 1790 1272 1834 κρούων
1295 1785 1364 1824 τὸν
1389 1790 1489 1824 πόδα
1513 1791 1548 1823 Β.
1647 1794 1696 1835 ¹4·

359 1835 562 1882 α’ναβάτου]
589 1835 754 1869 ἱππότου
773 1835 814 1868 Α.
913 1837 960 1869 15.
988 1834 1075 1867 ὅσοι
1100 1835 1205 1869 ἄλλοι
1224 1842 1302 1873 τοῖς
1326 1837 1467 1874 ἰταλοῖς
1490 1836 1698 1881 οἷνταγωνί-

361 1883 492 1920 ζεσθαι
515 1883 554 1914 Α.
666 1884 715 1915 ι6.
751 1883 1048 1927 λαμπρειμονεῖν
1070 1883 1108 1913 Α.
1208 1893 1255 1927 ¹7·
1281 1881 1467 1927 γηράλδος
1487 1885 1536 1923 A,
1560 1883 1698 1927 γιριὶρ-

360 1927 424 1964 δος
447 1928 484 1959 Β.
601 1927 818 1974 λευκοτέρῳ]
847 1929 950 1961 ἵππω
976 1926 1195 1973 οἷσπροιέρω
1218 1928 1349 1972 χιόνος
1365 1929 1645 1972 κιιβαλλικεύων
1661 1930 1695 1962 Β.

361 1972 628 2020 ἀμπεχόμενος
651 1977 689 2008 Α.
789 1977 839 2008 ιδ.
865 1976 926 2007 καὶ
942 1975 1004 2007 ἐπὶ
1021 1978 1081 2014 τῆς
1105 1976 1267 2019 κεφαλῆς
1285 1976 1434 2021 τούφαν
1452 1980 1584 2020 φορῶν
1606 1987 1697 2020 χρυι

362 2022 431 2061 σῆν
458 2020 494 2051 Β.

269 2125 433 2158 Italicum
465 2125 616 2157 militem
653 2124 775 2157 hastae
809 2125 931 2158 solerti
965 2126 1179 2158 tractatione
1205 2124 1389 2169 superbire
1415 2125 1573 2167 videret,
1602 2127 1699 2161 ludi-

271 2183 366 2204 crum
392 2177 570 2204 certamen
602 2171 783 2203 hastarum
808 2171 884 2203 sine
923 2171 1016 2203 ferro
1042 2172 1210 2204 instituit.
1235 2183 1314 2203 cum
1338 2171 1504 2204 ludorum
1532 2173 1607 2206 dies
1636 2175 1699 2207 ad-

271 2223 377 2258 esset,
402 2217 544 2250 delectu
575 2222 653 2250 acto
681 2227 699 2249 e
723 2218 888 2249 Romanis
923 2217 1124 2260 legionibus
1148 2218 1378 2261 cognatisque
1402 2219 1475 2250 suis
1503 2219 1699 2254 vibrandae

270 2265 392 2296 hastae
430 2263 665 2307 peritissimos
703 2262 879 2306 producit.
910 2262 1033 2307 prodit
1058 2268 1094 2295 et
1130 2263 1231 2307 ipse,
1256 2274 1319 2307 pro
1346 2265 1606 2298 consuetudine
1633 2278 1697 2300 sua

270 2309 473 2343 subridenti
512 2309 632 2349 vultu,
662 2309 701 2340 in
736 2310 930 2352 spaciosam
953 2309 1163 2353 planitiem,
1190 2310 1229 2342 in
1255 2320 1325 2353 qua
1353 2316 1534 2354 equestres
1557 2317 1696 2346 turmae

270 2355 454 2389 commode
500 2365 708 2387 concurrere
741 2360 904 2398 possent,
932 2354 1033 2388 hasta
1060 2355 1098 2387 in
1123 2355 1233 2388 altum
1258 2356 1373 2396 elata,
1398 2355 1582 2400 chlamyde
1606 2358 1695 2392 insi-

269 2402 392 2446 gniore
431 2400 599 2441 indutus,
633 2411 725 2444 quae
758 2401 797 2432 in
835 2401 958 2434 dextro
987 2401 1134 2433 humero
1161 2401 1421 2434 infibulabatur
1444 2408 1484 2435 ut
1510 2403 1694 2438 brachium

270 2453 364 2481 esset
387 2447 558 2487 liberum,
583 2457 675 2491 equo
700 2446 830 2479 bellico
866 2446 1024 2479 insidens
1048 2447 1188 2491 pulchri
1213 2448 1340 2480 coloris
1367 2453 1403 2480 et
1426 2449 1542 2482 aureis
1570 2450 1695 2494 phale-

270 2495 317 2527 ris
343 2494 534 2538 conspicuo
549 2518 558 2533 ,
583 2493 644 2537 qui
674 2494 808 2526 cervice
832 2493 962 2526 leniter
981 2499 1116 2526 arrecta
1145 2499 1180 2526 et
1203 2493 1349 2526 humum
1374 2494 1526 2537 pedibus
1549 2497 1694 2540 pulsans

270 2552 391 2573 cursus
405 2539 638 2584 cupiditatem
655 2549 740 2583 prae
755 2550 792 2571 se
807 2539 946 2572 ferebat
961 2545 997 2572 et
1012 2551 1089 2572 cum
1105 2539 1295 2584 splendore
1319 2541 1464 2573 sessoris
1488 2541 1600 2575 veluti
1619 2554 1695 2577 cer-

269 2586 380 2620 tabat.
410 2586 515 2619 iussit
538 2591 574 2618 et
601 2591 766 2628 cognatos
786 2596 867 2618 suos
894 2591 930 2618 et
945 2591 1102 2618 caeteros
1127 2586 1189 2630 qui
1215 2596 1294 2618 cum
1318 2586 1417 2619 Italis
1442 2589 1611 2621 certaturi
1639 2600 1695 2622 es-

270 2639 370 2673 sent,
404 2643 510 2677 quam
546 2631 851 2676 splendidissimas
887 2637 1001 2664 vestes
1025 2631 1185 2664 induere.
1213 2643 1371 2676 egressus
1395 2638 1450 2666 est
1472 2638 1508 2666 et
1530 2635 1693 2680 princeps

270 2679 496 2719 Gerhardus,
541 2689 633 2723 equo
668 2678 750 2711 nive
773 2677 972 2710 candidiori
1011 2678 1190 2717 insidens,
1218 2679 1339 2710 tunica
1364 2689 1427 2710 acu
1459 2679 1552 2723 picta
1580 2692 1692 2726 usque

270 2726 315 2758 ad
339 2726 431 2759 talos
458 2724 609 2758 demissa
640 2723 808 2764 indutus,
833 2724 966 2769 pileum
993 2730 1154 2757 auratum
1183 2725 1217 2756 in
1251 2725 1367 2768 capite
1397 2730 1554 2767 gestans,
1579 2727 1692 2760 tiarae
