1838 3210
219 187 236 221 1
253 166 323 222 50
636 184 864 227 NJCETAE
905 184 1216 226 CHONIATAE

211 282 379 340 ἔφησεν,
409 280 434 338 ἢ
462 282 544 337 μὴν
573 278 707 323 ταῦτα
737 279 900 322 τουτονί
924 283 1188 323 καταθέσθαι
1213 280 1270 335 μὴ
1300 282 1554 336 περατοῦντα
1583 283 1634 326 τοὶ

213 351 469 403 ξυγκείμενα.
527 343 583 394 ὥς
613 348 659 387 δὲ
686 345 760 387 τὸν
785 344 904 399 λόγον
933 347 1120 399 α’σμὲνως
1147 345 1170 386 ὅ
1197 345 1301 401 α’νήρ
1333 347 1582 401 ἤνωτίσατο,
1611 348 1638 402 ἦ

214 416 291 465 μὲν
318 415 479 459 λεκανίς
504 406 554 465 ἦν
581 409 832 466 ὖπερχειλής
856 407 1023 464 ὓδατος,
1051 413 1253 465 κεχαδυῖα
1282 412 1379 466 περὶ
1403 411 1510 465 χόας
1538 411 1638 463 δύο,

177 478 240 519 Co‘
266 480 312 519 δὲ
348 475 488 528 κύψας
524 475 570 517 τὸ
607 471 730 530 ἄγγος
771 477 966 518 ἐκένωσεν
1002 474 1079 518 ὅσα
1114 478 1248 530 βοῦς,
1287 472 1398 527 ἅπαξ
1425 475 1641 530 α’νακόψας

213 543 259 584 τὸ
290 541 461 594 συνεχὲς
486 542 562 594 τῆς
589 541 775 593 πόσεως,
803 543 875 583 καί
905 538 994 583 τότε
1021 541 1077 590 ὥς
1107 541 1153 583 τὸ
1184 543 1346 594 πνεῦμα
1372 545 1510 583 πλεῖον
1541 542 1679 583 ava-5

215 609 366 657 λέξειε,
395 606 468 647 καί
494 602 604 658 εἶχεν
620 604 752 655 εὐθυς
769 606 819 648 τοὶ
847 604 891 647 ἐκ
922 604 1150 662 συμφώνου
1181 605 1284 661 πρὸς
1309 608 1511 660 βασιλέως
1541 605 1644 647 ἄπο-

217 669 427 723 ὄιδόμενα.
482 667 619 724 ἥττων
663 672 710 713 δὲ
738 667 796 712 ὢν
821 673 893 726 τῆς
919 673 1001 713 τῶν
1027 672 1201 725 χλωρῶν
1229 669 1400 724 κυάμων
1421 667 1644 718 ἑστιάσεως

216 737 290 776 οὐκ
320 733 402 776 ἀπὸ
452 734 567 789 ῥινός
578 769 591 789 ‚
626 733 649 777 ὅ
680 752 827 792 φασιν,
872 737 961 778 ἀλλ’
989 738 1034 787 ἐξ
1061 734 1239 778 ὀδόντων
1261 739 1315 793 τῷ
1341 738 1460 793 &ai-25
1489 733 1645 778 τούτων

214 801 386 842 εἵλκετο.
443 798 544 849 ὅλας
574 797 648 842 οὖν
673 799 855 856 ἀρούρας
881 799 1146 843 κατεδαπάνα
1174 801 1244 843 καὶ
1269 802 1379 851 θωὸς
1405 801 1645 856 ἄκριβέστε·

214 880 289 920 ρον
316 865 576 920 ἑπεξήρχετο.
618 866 691 907 καί
715 866 807 907 τότε
837 865 952 921 παρὰ
974 864 1046 908 τὸν
1066 865 1246 918 ποταμὸν
1273 863 1644 922 ἑνσκηνησάμενος,
1663 879 1710 905 ιο

222 928 445 985 ἐπειδήπερ
477 932 535 979 εἰς
560 929 634 984 τὴν
665 933 845 986 περαίαν
874 931 1046 983 κυάμων
1072 931 1272 972 θεάσαιτο
1298 931 1462 986 γήδιον,
1496 932 1540 982 ἐξ
1567 927 1646 972 αὖ·-

218 998 291 1048 τῆς
321 997 393 1037 καί
429 994 502 1036 τὸν
543 994 721 1048 ἔσχατον
766 998 927 1049 χιτῶνα
968 994 1281 1048 ἀποδυσάμενος
1309 993 1545 1050 διενήξατο,
1577 999 1648 1038 κατ’

219 1059 264 1101 τὸ
303 1064 442 1102 πλεῖον
474 1059 725 1115 ἄποτραγών
768 1062 860 1102 οὐδ’
887 1058 1019 1109 οὕτως
1048 1062 1272 1114 α’πέσχετο,
1302 1062 1392 1103 ἀλλ’
1420 1063 1463 1109 ἐς
1491 1059 1647 1113 δεσμὰς

218 1126 265 1166 τὸ
294 1124 352 1179 μή
381 1126 705 1179 κατεδηδομὲνον
723 1123 969 1180 ξυνενεγκών
1008 1125 1080 1168 ἐπὶ
1103 1126 1235 1168 νώτου
1261 1142 1306 1167 τε
1335 1124 1538 1181 ἀράμενος
1565 1128 1650 1167 διέ-

221 1194 275 1244 βη
304 1205 347 1231 τε
376 1189 445 1231 τὸν
485 1188 671 1242 ποταμὸν
712 1191 864 1232 αὐτίκα
903 1189 953 1245 δὴ
980 1189 1123 1244 μάλα,
1163 1194 1235 1233 καί
1270 1193 1342 1233 ἑπί
1369 1193 1551 1233 δαπέδου
1578 1193 1648 1245 τῆς
1667 1192 1712 1231 15

176 1257 370 1310 Βσκηνῆς
399 1251 631 1309 καθιζήσας
660 1254 868 1309 ἀνελέγετο
893 1254 991 1305 τούς
1033 1255 1220 1309 κυάμους
1252 1256 1404 1310 ἡδέως,
1436 1256 1493 1305 ὥς
1518 1258 1559 1299 εἰ
1582 1260 1651 1310 νῆ-

221 1336 314 1369 στις
342 1316 393 1375 ἧν
422 1321 494 1362 gni
517 1318 676 1374 μακρὸν
702 1320 775 1362 καί
802 1319 1008 1370 ἀπόσιτος.
1072 1321 1255 1376 ἡρωϊκοῦ
1283 1323 1328 1362 δὲ
1355 1321 1544 1374 σώματος
1572 1337 1649 1374 με-

221 1388 353 1439 τέχων
384 1384 457 1426 καὶ
483 1387 541 1434 εἰς
570 1381 744 1440 ἀρίστην
763 1383 922 1440 ἡλικίας
943 1387 1155 1435 ἀνατείνας
1175 1384 1417 1442 ἀναδρομὴν
1443 1387 1519 1427 ov'x
1546 1382 1651 1428 ἀπό-

220 1466 356 1504 μαχος
386 1445 459 1504 ἦν,
490 1446 578 1492 ἀλλ’
607 1448 753 1503 ἔβλεπε
780 1457 964 1504 γενναῖον
990 1453 1064 1493 καί
1085 1453 1161 1493 τοῦ
1189 1453 1363 1505 αἵματος
1391 1447 1504 1502 ἄξιον
1530 1453 1574 1502 ἑξ
1601 1445 1651 1492 οὗ

221 1515 266 1557 τὸ
310 1515 415 1572 πρὸς
451 1514 607 1571 μητρὸς
635 1517 787 1572 ξέκείνῳ
827 1518 940 1569 γένος
967 1519 1221 1558 καθείλκετο.
1277 1517 1476 1559 τελευτῶν
1507 1518 1554 1558 δὲ
1583 1514 1653 1558 τὸν
1665 1531 1715 1557 ’.ιο

222 1582 341 1633 βίον,
385 1580 459 1622 καί
498 1582 676 1634 πλῆττον
717 1579 826 1634 ἔχων
854 1579 978 1622 αὐτὸν
1006 1581 1052 1622 τὸ
1084 1583 1231 1624 οἰκεῖον
1261 1582 1470 1636 κριτήριον
1499 1582 1566 1637 ἐφ’
1593 1576 1654 1630 οἷς

224 1644 331 1687 κατὰ
377 1648 454 1686 τοῦ
486 1644 775 1687 Στυππειώτου
826 1646 1110 1701 ἐλογοποιήσε,
1154 1645 1440 1699 μετάπεμπτον
1475 1652 1654 1688 ποιεῖται

222 1710 290 1752 τὸν
318 1706 451 1766 ἄνδρα
480 1713 552 1751 καί
577 1710 819 1765 συγγνώμην
845 1710 950 1763 μετὰ
987 1709 1178 1766 δακρύων
1209 1713 1397 1753 αἰτεῖται.
1425 1710 1447 1754 ὁ
1475 1712 1521 1753 δὲ
1548 1715 1653 1766 βρα-

224 1775 362 1829 βεύων
397 1776 683 1831 ἇμνησικάκως
721 1771 872 1831 ἄφεσιν
907 1777 980 1818 καί
1006 1777 1214 1832 σωτηρίαν
1253 1779 1392 1831 ψυχῆς
1420 1774 1655 1833 προσεπηύ-

323 1905 350 1926 1.
375 1892 509 1927 τοῦτον
533 1892 808 1936 καταβαλέσθαι
832 1893 869 1925 Α.
965 1903 996 1924 2.
1021 1885 1131 1939 α’νῆρ]
1164 1886 1375 1938 καματηρὸς
1398 1893 1437 1926 A.
1540 1904 1571 1938 7.
1597 1887 1656 1934 ἦτ-

318 1950 393 1972 των
422 1959 467 1964 —-
493 1949 545 1972 20.
583 1939 801 1972 καθ-είλκετο
828 1950 885 1970 0111
910 1939 945 1970 B.
1070 1950 1120 1972 ιο.
1148 1942 1212 1971 καί
1242 1938 1364 1972 note?
1482 1949 1535 1971 22.
1562 1931 1654 1973 καιᾶ

315 1986 383 2018 τοῦ
408 1987 452 2018 Σ.
469 1984 584 2031 ἐλογ]
613 1986 665 2022 εἰς
695 1982 761 2019 τὸν
787 1984 1047 2026 στυππειιότην
1077 1985 1281 2030 ἐξήμαρτεν
1306 1985 1343 2017 Α.

228 2077 483 2121 ‚‚L0gotheta.”
513 2083 548 2110 et
571 2078 605 2110 ei
630 2079 782 2110 multum
815 2078 933 2110 lineae
959 2077 1069 2110 vestis
1094 2078 1273 2121 pretiosae
1298 2082 1335 2109 et
1359 2076 1558 2121 complures
1580 2078 1658 2110 auri

222 2125 342 2157 minas
366 2124 552 2167 promisit,
595 2124 624 2156 si
652 2124 702 2156 ita
730 2125 897 2157 fecisset:
929 2124 984 2156 sin
1011 2124 1143 2164 minus,
1168 2122 1381 2156 tantundem
1406 2124 1451 2156 ab
1475 2134 1518 2155 eo
1543 2123 1659 2168 stipu-

228 2171 323 2203 latus
359 2175 422 2202 est.
457 2170 590 2214 quibus
613 2169 732 2202 verbis
769 2170 877 2202 homo
910 2170 1110 2202 delectatus
1143 2170 1303 2214 patinam
1342 2180 1436 2214 aqua
1460 2169 1658 2214 repletam,

229 2226 323 2261 quae
347 2215 392 2248 ad
410 2215 499 2248 duos
524 2215 631 2248 choas
659 2216 848 2260 capiebat,
871 2216 984 2249 instar
1005 2215 1106 2248 bovis
1128 2216 1321 2249 inclinatus
1340 2216 1524 2256 exhausit,
1549 2216 1660 2249 semel

228 2267 371 2296 tantum
397 2267 538 2305 recepto
564 2262 658 2294 inter
680 2262 878 2306 potandum
905 2262 1053 2306 spiritu,
1075 2273 1115 2294 ac
1139 2262 1258 2294 statim
1281 2263 1454 2306 promissa
1479 2261 1524 2294 ab
1547 2263 1663 2307 impe-

231 2314 350 2342 ratore
379 2319 526 2340 munera
551 2318 594 2340 ex
619 2314 724 2352 pacto
749 2308 896 2352 accepit.
929 2308 1038 2340 etiam
1059 2307 1235 2340 viridibus
1260 2307 1352 2341 fabis
1378 2309 1538 2353 impense
1562 2308 1662 2341 dele-

232 2354 410 2394 ctabatur,
436 2365 630 2398 earumque
653 2359 729 2387 tota
758 2366 838 2388 arva
867 2354 1109 2394 consumebat.
1125 2353 1320 2398 aliquando
1345 2355 1454 2399 igitur
1479 2356 1516 2387 in
1539 2355 1662 2387 castris

233 2412 314 2434 cum
338 2406 436 2433 trans
460 2399 594 2432 ssumen
620 2400 711 2433 sabis
736 2401 912 2434 consitum
939 2401 1093 2444 agellum
1118 2401 1371 2444 conspexisset,
1400 2401 1519 2434 statim
1546 2401 1663 2434 exutis

232 2447 393 2480 vestibus
421 2447 597 2488 tranavit;
625 2457 691 2479 nec
716 2447 902 2479 maximam
927 2447 1114 2479 devorasse
1138 2452 1274 2490 partem
1298 2452 1488 2480 contentus
1514 2447 1663 2491 reliqui—

233 2505 272 2526 as
295 2495 334 2526 in
357 2493 546 2525 fasciculos
571 2493 740 2525 collectas
765 2499 802 2526 et
838 2493 995 2526 humeris
1019 2493 1204 2536 impositas
1227 2492 1396 2533 abstulit,
1421 2499 1458 2527 et
1481 2494 1518 2526 in
1542 2493 1663 2526 taber-

231 2539 362 2573 naculo
402 2550 465 2572 suo
503 2537 630 2571 sedens
670 2539 770 2572 fabas
805 2539 961 2572 suaviter
1000 2539 1216 2583 absumpsit,
1241 2539 1343 2582 quasi
1367 2539 1474 2584 longo
1502 2545 1663 2584 tempore

185 2598 189 2602 ’
226 2587 438 2619 'ieiunassct.
463 2585 532 2617 suit
555 2584 661 2617 homo
689 2597 857 2629 procerae
881 2590 1038 2618 staturae
1071 2590 1109 2618 et
1132 2585 1269 2618 heroici
1293 2587 1472 2629 corporis,
1498 2597 1571 2619 non
1596 2585 1663 2618 im—

233 2632 343 2665 bellis
367 2631 430 2664 sed
454 2632 568 2671 fortis,
593 2641 706 2676 eaque
726 2631 861 2664 familia
886 2631 1012 2675 dignus
1037 2642 1080 2664 ex
1106 2642 1176 2676 qua
1201 2635 1398 2664 maternam
1418 2633 1565 2676 stirpem
1590 2636 1664 2665 tra-

234 2678 357 2712 hebat.
371 2678 580 2719 moriturus,
604 2690 683 2711 cum
697 2678 852 2712 sauciam
867 2677 1016 2711 haberet
1032 2678 1241 2722 Styppiotae
1266 2678 1454 2711 calumniis
1480 2678 1663 2710 conscien-

237 2725 344 2764 tiam,
383 2724 495 2758 virum
535 2724 683 2758 accersit
721 2731 757 2758 et
794 2725 949 2757 lacrimis
986 2724 1151 2770 oppletus
1179 2725 1318 2757 veniam
1345 2725 1445 2769 petit.
1472 2736 1576 2770 quam
1598 2724 1661 2756 iue
