<?xml version="1.0" encoding="UTF-8"?>
<!DOCTYPE html PUBLIC "-//W3C//DTD XHTML 1.0 Transitional//EN"
    "http://www.w3.org/TR/xhtml1/DTD/xhtml1-transitional.dtd">
<html xmlns="http://www.w3.org/1999/xhtml" xml:lang="en" lang="en">
 <head>
  <title>
</title>
<meta http-equiv="Content-Type" content="text/html;charset=utf-8" />
  <meta name='ocr-system' content='tesseract 3.04.00' />
  <meta name='ocr-capabilities' content='ocr_page ocr_carea ocr_par ocr_line ocrx_word'/>
</head>
<body>
  <div class='ocr_page' id='page_1' title='image "./corpusscriptorum41niebuoft/corpusscriptorum41niebuoft_0753.png"; bbox 0 0 1878 3230; ppageno 0'>
   <div class='ocr_carea' id='block_1_1' title="bbox 271 186 1575 256">
    <p class='ocr_par' dir='ltr' id='par_1_1' title="bbox 271 186 1575 256">
     <span class='ocr_line' id='line_1_1' title="bbox 271 186 1575 256; baseline -0.002 -13"><span class='ocrx_word' id='word_1_1' title='bbox 271 203 342 243; x_wconf 84' lang='lat' dir='ltr'><em>DE</em></span> <span class='ocrx_word' id='word_1_2' title='bbox 379 201 577 244; x_wconf 73' lang='lat' dir='ltr'>ALExm</span> <span class='ocrx_word' id='word_1_3' title='bbox 607 199 804 243; x_wconf 75' lang='lat' dir='ltr'>isAAcn</span> <span class='ocrx_word' id='word_1_4' title='bbox 844 199 1042 242; x_wconf 73' lang='lat' dir='ltr'>ANGEm</span> <span class='ocrx_word' id='word_1_5' title='bbox 1067 197 1152 240; x_wconf 75' lang='lat' dir='ltr'><em>m.</em></span> <span class='ocrx_word' id='word_1_6' title='bbox 1181 200 1277 240; x_wconf 80' lang='lat' dir='ltr'>Lm.</span> <span class='ocrx_word' id='word_1_7' title='bbox 1306 201 1381 241; x_wconf 91' lang='lat'>111.</span> <span class='ocrx_word' id='word_1_8' title='bbox 1466 186 1575 256; x_wconf 83' lang='lat'><em>723</em></span> 
     </span>
    </p>
   </div>
   <div class='ocr_carea' id='block_1_2' title="bbox 75 297 1715 1864">
    <p class='ocr_par' dir='ltr' id='par_1_2' title="bbox 75 297 1715 1864">
     <span class='ocr_line' id='line_1_2' title="bbox 141 297 1579 358; baseline -0.001 -14"><span class='ocrx_word' id='word_1_9' title='bbox 141 303 268 352; x_wconf 80' lang='grc' dir='ltr'><em>πότας</em></span> <span class='ocrx_word' id='word_1_10' title='bbox 298 300 516 351; x_wconf 86' lang='grc' dir='ltr'><em>πλείστους</em></span> <span class='ocrx_word' id='word_1_11' title='bbox 542 301 648 356; x_wconf 82' lang='grc' dir='ltr'><em>πρὸς</em></span> <span class='ocrx_word' id='word_1_12' title='bbox 679 297 830 342; x_wconf 76' lang='grc' dir='ltr'><em>ἑαυτὸν</em></span> <span class='ocrx_word' id='word_1_13' title='bbox 864 299 1147 351; x_wconf 77' lang='grc' dir='ltr'><em>ἐπεσπάσατο,</em></span> <span class='ocrx_word' id='word_1_14' title='bbox 1174 300 1248 341; x_wconf 82' lang='grc' dir='ltr'>καί</span> <span class='ocrx_word' id='word_1_15' title='bbox 1273 299 1374 354; x_wconf 80' lang='grc' dir='ltr'><em>πεζή</em></span> <span class='ocrx_word' id='word_1_16' title='bbox 1405 317 1466 350; x_wconf 86' lang='grc' dir='ltr'><em>τις</em></span> <span class='ocrx_word' id='word_1_17' title='bbox 1495 300 1579 358; x_wconf 81' lang='grc' dir='ltr'><em>φά-</em></span> 
     </span>
     <span class='ocr_line' id='line_1_3' title="bbox 142 363 1579 422; baseline -0.001 -13"><span class='ocrx_word' id='word_1_18' title='bbox 142 371 243 422; x_wconf 80' lang='grc' dir='ltr'><em>λαγξ</em></span> <span class='ocrx_word' id='word_1_19' title='bbox 276 363 352 408; x_wconf 75' lang='grc' dir='ltr'><em>οὖκ</em></span> <span class='ocrx_word' id='word_1_20' title='bbox 380 367 552 422; x_wconf 78' lang='grc' dir='ltr'><em>α’γεννὴς</em></span> <span class='ocrx_word' id='word_1_21' title='bbox 584 366 923 421; x_wconf 69' lang='grc' dir='ltr'><em>συνδεδράμηκεν</em></span> <span class='ocrx_word' id='word_1_22' title='bbox 955 367 1002 407; x_wconf 80' lang='grc' dir='ltr'><em>ἐκ</em></span> <span class='ocrx_word' id='word_1_23' title='bbox 1030 366 1104 420; x_wconf 80' lang='grc' dir='ltr'><em>τῆς</em></span> <span class='ocrx_word' id='word_1_24' title='bbox 1133 364 1271 420; x_wconf 79' lang='grc' dir='ltr'><em>α’κμῆς</em></span> <span class='ocrx_word' id='word_1_25' title='bbox 1298 368 1371 421; x_wconf 79' lang='grc' dir='ltr'><em>τῆς</em></span> <span class='ocrx_word' id='word_1_26' title='bbox 1397 367 1579 420; x_wconf 84' lang='grc' dir='ltr'><em>πόλεως,</em></span> 
     </span>
     <span class='ocr_line' id='line_1_4' title="bbox 143 429 1583 490; baseline 0 -16"><span class='ocrx_word' id='word_1_27' title='bbox 143 430 247 475; x_wconf 75' lang='grc' dir='ltr'><em>ὥστε</em></span> <span class='ocrx_word' id='word_1_28' title='bbox 295 431 368 474; x_wconf 82' lang='grc' dir='ltr'><strong><em>καί</em></strong></span> <span class='ocrx_word' id='word_1_29' title='bbox 398 435 457 490; x_wconf 72' lang='grc' dir='ltr'><em>τῷ</em></span> <span class='ocrx_word' id='word_1_30' title='bbox 499 429 604 474; x_wconf 73' lang='grc' dir='ltr'><em>κατὰ</em></span> <span class='ocrx_word' id='word_1_31' title='bbox 635 433 788 486; x_wconf 78' lang='grc' dir='ltr'><strong><em>χέρσον</em></strong></span> <span class='ocrx_word' id='word_1_32' title='bbox 817 430 999 487; x_wconf 81' lang='grc' dir='ltr'><em>πολεμίῳ</em></span> <span class='ocrx_word' id='word_1_33' title='bbox 1029 432 1309 486; x_wconf 73' lang='grc' dir='ltr'><strong><em>στρατεύματι</em></strong></span> <span class='ocrx_word' id='word_1_34' title='bbox 1343 431 1583 488; x_wconf 82' lang='grc' dir='ltr'><em>φρικασμὸς</em></span> 
     </span>
     <span class='ocr_line' id='line_1_5' title="bbox 142 493 1584 555; baseline 0 -15"><span class='ocrx_word' id='word_1_35' title='bbox 142 500 352 553; x_wconf 77' lang='grc' dir='ltr'><em>ἐπεγένετο</em></span> <span class='ocrx_word' id='word_1_36' title='bbox 390 498 604 550; x_wconf 76' lang='grc' dir='ltr'><em>σώματος,</em></span> <span class='ocrx_word' id='word_1_37' title='bbox 648 498 844 550; x_wconf 77' lang='grc' dir='ltr'><em>μεγίστην</em></span> <span class='ocrx_word' id='word_1_38' title='bbox 880 493 1090 551; x_wconf 81' lang='grc' dir='ltr'><em>αἶφνηδὸν</em></span> <span class='ocrx_word' id='word_1_39' title='bbox 1118 497 1365 555; x_wconf 73' lang='grc' dir='ltr'><em>θεασαμένῳ</em></span> <span class='ocrx_word' id='word_1_40' title='bbox 1394 496 1584 554; x_wconf 81' lang='grc' dir='ltr'><em>παράτα-</em></span> 
     </span>
     <span class='ocr_line' id='line_1_6' title="bbox 106 558 1585 617; baseline 0 -12"><span class='ocrx_word' id='word_1_41' title='bbox 106 567 218 615; x_wconf 81' lang='grc' dir='ltr'><em>5ξιν.</em></span> <span class='ocrx_word' id='word_1_42' title='bbox 276 563 387 617; x_wconf 79' lang='grc' dir='ltr'><em>τάχα</em></span> <span class='ocrx_word' id='word_1_43' title='bbox 415 562 452 604; x_wconf 87' lang='grc' dir='ltr'><em>δ’</em></span> <span class='ocrx_word' id='word_1_44' title='bbox 481 560 532 605; x_wconf 75' lang='grc' dir='ltr'><em>ἂν</em></span> <span class='ocrx_word' id='word_1_45' title='bbox 573 564 646 604; x_wconf 83' lang='grc' dir='ltr'>καί</span> <span class='ocrx_word' id='word_1_46' title='bbox 669 559 876 616; x_wconf 81' lang='grc' dir='ltr'><em>σωτήριον</em></span> <span class='ocrx_word' id='word_1_47' title='bbox 900 558 1022 615; x_wconf 79' lang='grc' dir='ltr'><em>ἔργον</em></span> <span class='ocrx_word' id='word_1_48' title='bbox 1050 561 1266 616; x_wconf 73' lang='grc' dir='ltr'><em>διήνυστο,</em></span> <span class='ocrx_word' id='word_1_49' title='bbox 1294 564 1335 604; x_wconf 79' lang='grc' dir='ltr'><em>εἰ</em></span> <span class='ocrx_word' id='word_1_50' title='bbox 1361 560 1489 616; x_wconf 78' lang='grc' dir='ltr'><em>ὁμόσε</em></span> <span class='ocrx_word' id='word_1_51' title='bbox 1517 579 1585 605; x_wconf 85' lang='grc' dir='ltr'><em>κε-</em></span> 
     </span>
     <span class='ocr_line' id='line_1_7' title="bbox 140 622 1588 686; baseline 0.001 -15"><span class='ocrx_word' id='word_1_52' title='bbox 140 630 327 686; x_wconf 80' lang='grc' dir='ltr'><em>χωρήκει</em></span> <span class='ocrx_word' id='word_1_53' title='bbox 372 635 459 677; x_wconf 82' lang='grc' dir='ltr'><em>τοῖς</em></span> <span class='ocrx_word' id='word_1_54' title='bbox 502 627 743 676; x_wconf 85' lang='grc' dir='ltr'><em>α’ντιπάλοις</em></span> <span class='ocrx_word' id='word_1_55' title='bbox 777 622 805 681; x_wconf 82' lang='grc' dir='ltr'><strong><em>ἢ</em></strong></span> <span class='ocrx_word' id='word_1_56' title='bbox 832 627 891 683; x_wconf 71' lang='grc' dir='ltr'><em>τῷ</em></span> <span class='ocrx_word' id='word_1_57' title='bbox 917 629 1100 683; x_wconf 82' lang='grc' dir='ltr'><em>κηδεστῇ</em></span> <span class='ocrx_word' id='word_1_58' title='bbox 1135 628 1337 682; x_wconf 83' lang='grc' dir='ltr'><em>Λάσκαρι</em></span> <span class='ocrx_word' id='word_1_59' title='bbox 1374 627 1452 684; x_wconf 75' lang='grc' dir='ltr'><em>τὴν</em></span> <span class='ocrx_word' id='word_1_60' title='bbox 1478 647 1588 683; x_wconf 71' lang='grc' dir='ltr'><em>συμ-</em></span> 
     </span>
     <span class='ocr_line' id='line_1_8' title="bbox 143 691 1586 750; baseline -0.001 -14"><span class='ocrx_word' id='word_1_61' title='bbox 143 693 299 749; x_wconf 74' lang='grc' dir='ltr'><em>πλοκήν</em></span> <span class='ocrx_word' id='word_1_62' title='bbox 344 691 683 748; x_wconf 78' lang='grc' dir='ltr'><em>συγκεχώρηκεν,</em></span> <span class='ocrx_word' id='word_1_63' title='bbox 717 697 930 746; x_wconf 68' lang='grc' dir='ltr'><em>συμμῖξαι</em></span> <span class='ocrx_word' id='word_1_64' title='bbox 963 698 1052 742; x_wconf 82' lang='grc' dir='ltr'><em>τοῖς</em></span> <span class='ocrx_word' id='word_1_65' title='bbox 1077 694 1278 742; x_wconf 75' lang='grc' dir='ltr'><em>Λατίνοις</em></span> <span class='ocrx_word' id='word_1_66' title='bbox 1314 694 1586 750; x_wconf 78' lang='grc' dir='ltr'><em>σφαδάζοντι.</em></span> 
     </span>
     <span class='ocr_line' id='line_1_9' title="bbox 143 756 1588 815; baseline 0 -13"><span class='ocrx_word' id='word_1_67' title='bbox 143 762 219 802; x_wconf 78' lang='grc' dir='ltr'><em>νῦν</em></span> <span class='ocrx_word' id='word_1_68' title='bbox 248 761 294 802; x_wconf 82' lang='grc' dir='ltr'><em>δὲ</em></span> <span class='ocrx_word' id='word_1_69' title='bbox 327 759 353 814; x_wconf 88' lang='grc' dir='ltr'><em>ἧ</em></span> <span class='ocrx_word' id='word_1_70' title='bbox 380 757 598 813; x_wconf 73' lang='grc' dir='ltr'><em>ἐνδελεχὴς</em></span> <span class='ocrx_word' id='word_1_71' title='bbox 626 760 701 813; x_wconf 82' lang='grc' dir='ltr'><em>τῆς</em></span> <span class='ocrx_word' id='word_1_72' title='bbox 730 761 867 814; x_wconf 75' lang='grc' dir='ltr'><em>φυγῆς</em></span> <span class='ocrx_word' id='word_1_73' title='bbox 894 756 1034 800; x_wconf 80' lang='grc' dir='ltr'><em>ἔννοια</em></span> <span class='ocrx_word' id='word_1_74' title='bbox 1059 756 1195 800; x_wconf 79' lang='grc' dir='ltr'><em>καὶτὸ</em></span> <span class='ocrx_word' id='word_1_75' title='bbox 1224 761 1307 800; x_wconf 78' lang='grc' dir='ltr'><em>τῶν</em></span> <span class='ocrx_word' id='word_1_76' title='bbox 1335 761 1434 815; x_wconf 73' lang='grc' dir='ltr'><em>περὶ</em></span> <span class='ocrx_word' id='word_1_77' title='bbox 1462 757 1588 803; x_wconf 70' lang='grc' dir='ltr'><em>αὐτὸν</em></span> 
     </span>
     <span class='ocr_line' id='line_1_10' title="bbox 142 819 1589 880; baseline 0.001 -14"><span class='ocrx_word' id='word_1_78' title='bbox 142 823 371 880; x_wconf 76' lang='grc' dir='ltr'><em>εὖπτόητον</em></span> <span class='ocrx_word' id='word_1_79' title='bbox 396 826 472 866; x_wconf 79' lang='grc' dir='ltr'><em>τοῦ</em></span> <span class='ocrx_word' id='word_1_80' title='bbox 498 826 543 866; x_wconf 85' lang='grc' dir='ltr'><em>τί</em></span> <span class='ocrx_word' id='word_1_81' title='bbox 565 826 636 866; x_wconf 87' lang='grc' dir='ltr'><em>δεῖ</em></span> <span class='ocrx_word' id='word_1_82' title='bbox 657 829 793 866; x_wconf 86' lang='grc' dir='ltr'><em>ποιεῖν</em></span> <span class='ocrx_word' id='word_1_83' title='bbox 812 825 1028 879; x_wconf 77' lang='grc' dir='ltr'><em>ἐξέκρουσε</em></span> <span class='ocrx_word' id='word_1_84' title='bbox 1045 822 1117 866; x_wconf 82' lang='grc' dir='ltr'><em>τὸν</em></span> <span class='ocrx_word' id='word_1_85' title='bbox 1138 819 1338 874; x_wconf 71' lang='grc' dir='ltr'><em>Ἀλέξων.</em></span> <span class='ocrx_word' id='word_1_86' title='bbox 1360 829 1432 867; x_wconf 74' lang='grc' dir='ltr'><em>και·</em></span> <span class='ocrx_word' id='word_1_87' title='bbox 1451 843 1589 880; x_wconf 86' lang='grc' dir='ltr'><em>παρα-</em></span> 
     </span>
     <span class='ocr_line' id='line_1_11' title="bbox 75 886 1715 947; baseline -0.002 -10"><span class='ocrx_word' id='word_1_88' title='bbox 75 910 132 938; x_wconf 82' lang='grc' dir='ltr'><em>,ιο</em></span> <span class='ocrx_word' id='word_1_89' title='bbox 143 889 368 944; x_wconf 81' lang='grc' dir='ltr'><em>ταξάμενος</em></span> <span class='ocrx_word' id='word_1_90' title='bbox 390 889 534 943; x_wconf 85' lang='grc' dir='ltr'><em>μόνον,</em></span> <span class='ocrx_word' id='word_1_91' title='bbox 553 886 654 932; x_wconf 77' lang='grc' dir='ltr'><em>ὅθεν</em></span> <span class='ocrx_word' id='word_1_92' title='bbox 669 891 819 945; x_wconf 79' lang='grc' dir='ltr'><em>ἐξῆλθε</em></span> <span class='ocrx_word' id='word_1_93' title='bbox 831 889 1054 943; x_wconf 84' lang='grc' dir='ltr'><em>Ῥωμαίοις</em></span> <span class='ocrx_word' id='word_1_94' title='bbox 1073 888 1278 940; x_wconf 84' lang='grc' dir='ltr'><em>α’σποὶσιος</em></span> <span class='ocrx_word' id='word_1_95' title='bbox 1296 890 1354 940; x_wconf 75' lang='grc' dir='ltr'><em>ὥς</em></span> <span class='ocrx_word' id='word_1_96' title='bbox 1369 892 1498 947; x_wconf 81' lang='grc' dir='ltr'><em>δῆθεν</em></span> <span class='ocrx_word' id='word_1_97' title='bbox 1515 894 1589 934; x_wconf 81' lang='grc' dir='ltr'><em>α’ν-</em></span> <span class='ocrx_word' id='word_1_98' title='bbox 1603 903 1636 937; x_wconf 83' lang='grc' dir='ltr'><em>Ρ.</em></span> <span class='ocrx_word' id='word_1_99' title='bbox 1648 904 1715 937; x_wconf 75' lang='lat'><em>352</em></span> 
     </span>
     <span class='ocr_line' id='line_1_12' title="bbox 142 953 1584 1013; baseline -0.001 -14"><span class='ocrx_word' id='word_1_100' title='bbox 142 957 402 1010; x_wconf 77' lang='grc' dir='ltr'><em>τιταξόμενος</em></span> <span class='ocrx_word' id='word_1_101' title='bbox 419 961 504 1005; x_wconf 77' lang='grc' dir='ltr'><em>τοῖς</em></span> <span class='ocrx_word' id='word_1_102' title='bbox 515 957 733 1008; x_wconf 88' lang='grc' dir='ltr'><em>Λατίνοις,</em></span> <span class='ocrx_word' id='word_1_103' title='bbox 761 957 956 1011; x_wconf 80' lang='grc' dir='ltr'><em>εἰσῆλθεν</em></span> <span class='ocrx_word' id='word_1_104' title='bbox 977 953 1191 1010; x_wconf 80' lang='grc' dir='ltr'><em>αἴσχιστος</em></span> <span class='ocrx_word' id='word_1_105' title='bbox 1218 954 1292 998; x_wconf 83' lang='grc' dir='ltr'><strong><em>καί</em></strong></span> <span class='ocrx_word' id='word_1_106' title='bbox 1315 954 1584 1013; x_wconf 76' lang='grc' dir='ltr'><em>έφύβριστος,</em></span> 
     </span>
     <span class='ocr_line' id='line_1_13' title="bbox 143 1020 1590 1078; baseline -0.001 -14"><span class='ocrx_word' id='word_1_107' title='bbox 143 1023 436 1078; x_wconf 77' lang='grc' dir='ltr'><em>σοβαρώτερον</em></span> <span class='ocrx_word' id='word_1_108' title='bbox 470 1023 631 1075; x_wconf 80' lang='grc' dir='ltr'><em>μᾶλλον</em></span> <span class='ocrx_word' id='word_1_109' title='bbox 668 1020 742 1064; x_wconf 80' lang='grc' dir='ltr'>καί</span> <span class='ocrx_word' id='word_1_110' title='bbox 774 1021 1036 1078; x_wconf 73' lang='grc' dir='ltr'><em>θρασύτερον</em></span> <span class='ocrx_word' id='word_1_111' title='bbox 1062 1020 1297 1076; x_wconf 73' lang='grc' dir='ltr'><em>πεποιηκώς</em></span> <span class='ocrx_word' id='word_1_112' title='bbox 1335 1021 1382 1065; x_wconf 79' lang='grc' dir='ltr'><em>τὸ</em></span> <span class='ocrx_word' id='word_1_113' title='bbox 1412 1023 1590 1077; x_wconf 65' lang='grc' dir='ltr'><em>α’ντιζιια-</em></span> 
     </span>
     <span class='ocr_line' id='line_1_14' title="bbox 142 1086 1592 1143; baseline 0.002 -15"><span class='ocrx_word' id='word_1_114' title='bbox 142 1102 250 1142; x_wconf 77' lang='grc' dir='ltr'><em>χον,</em></span> <span class='ocrx_word' id='word_1_115' title='bbox 279 1089 374 1130; x_wconf 70' lang='grc' dir='ltr'><em>ἐπεὶ</em></span> <span class='ocrx_word' id='word_1_116' title='bbox 407 1088 481 1130; x_wconf 81' lang='grc' dir='ltr'><em>καί</em></span> <span class='ocrx_word' id='word_1_117' title='bbox 506 1089 773 1143; x_wconf 79' lang='grc' dir='ltr'><em>κατεπαρθὲν</em></span> <span class='ocrx_word' id='word_1_118' title='bbox 820 1087 904 1128; x_wconf 80' lang='grc' dir='ltr'><em>τοόν</em></span> <span class='ocrx_word' id='word_1_119' title='bbox 926 1086 1155 1140; x_wconf 83' lang='grc' dir='ltr'><em>Ῥωμαίων</em></span> <span class='ocrx_word' id='word_1_120' title='bbox 1183 1086 1317 1129; x_wconf 85' lang='grc' dir='ltr'><em>ὄπίσω</em></span> <span class='ocrx_word' id='word_1_121' title='bbox 1344 1089 1505 1130; x_wconf 83' lang='grc' dir='ltr'><em>τούτων</em></span> <span class='ocrx_word' id='word_1_122' title='bbox 1533 1089 1592 1131; x_wconf 76' lang='grc' dir='ltr'><em>εἵ-</em></span> 
     </span>
     <span class='ocr_line' id='line_1_15' title="bbox 144 1150 1593 1210; baseline 0 -15"><span class='ocrx_word' id='word_1_123' title='bbox 144 1169 242 1195; x_wconf 88' lang='grc' dir='ltr'><em>πετο</em></span> <span class='ocrx_word' id='word_1_124' title='bbox 266 1155 535 1208; x_wconf 82' lang='grc' dir='ltr'><em>τραπομένων</em></span> <span class='ocrx_word' id='word_1_125' title='bbox 566 1150 672 1208; x_wconf 82' lang='grc' dir='ltr'><em>πρὸς</em></span> <span class='ocrx_word' id='word_1_126' title='bbox 701 1151 995 1207; x_wconf 77' lang='grc' dir='ltr'><em>ὑπονόστησιν,</em></span> <span class='ocrx_word' id='word_1_127' title='bbox 1036 1154 1112 1193; x_wconf 83' lang='grc' dir='ltr'><strong><em>καί</em></strong></span> <span class='ocrx_word' id='word_1_128' title='bbox 1137 1150 1189 1194; x_wconf 74' lang='grc' dir='ltr'><em>τὰ</em></span> <span class='ocrx_word' id='word_1_129' title='bbox 1224 1150 1382 1207; x_wconf 86' lang='grc' dir='ltr'><em>δόρατα</em></span> <span class='ocrx_word' id='word_1_130' title='bbox 1416 1155 1593 1210; x_wconf 78' lang='grc' dir='ltr'><em>ἐπεκρά-</em></span> 
     </span>
     <span class='ocr_line' id='line_1_16' title="bbox 87 1213 1594 1274; baseline -0.001 -11"><span class='ocrx_word' id='word_1_131' title='bbox 87 1223 134 1263; x_wconf 81' lang='lat'><em>15</em></span> <span class='ocrx_word' id='word_1_132' title='bbox 149 1219 302 1260; x_wconf 88' lang='grc' dir='ltr'><em>δαινον.</em></span> <span class='ocrx_word' id='word_1_133' title='bbox 370 1217 516 1260; x_wconf 79' lang='grc' dir='ltr'><em>εἰσιών</em></span> <span class='ocrx_word' id='word_1_134' title='bbox 553 1213 630 1259; x_wconf 74' lang='grc' dir='ltr'><em>οὖν</em></span> <span class='ocrx_word' id='word_1_135' title='bbox 670 1217 853 1267; x_wconf 80' lang='grc' dir='ltr'><em>Ἀλέξιος</em></span> <span class='ocrx_word' id='word_1_136' title='bbox 895 1215 950 1259; x_wconf 77' lang='grc' dir='ltr'><em>τὰ</em></span> <span class='ocrx_word' id='word_1_137' title='bbox 995 1218 1191 1270; x_wconf 86' lang='grc' dir='ltr'><em>βασίλεια</em></span> <span class='ocrx_word' id='word_1_138' title='bbox 1227 1218 1331 1271; x_wconf 87' lang='grc' dir='ltr'><em>πρὸς</em></span> <span class='ocrx_word' id='word_1_139' title='bbox 1360 1214 1594 1274; x_wconf 75' lang='grc' dir='ltr'><em>ἀπόδρασιν</em></span> 
     </span>
     <span class='ocr_line' id='line_1_17' title="bbox 146 1281 1593 1339; baseline 0.001 -13"><span class='ocrx_word' id='word_1_140' title='bbox 146 1281 455 1337; x_wconf 77' lang='grc' dir='ltr'><em>ἐνσκευάζεται,</em></span> <span class='ocrx_word' id='word_1_141' title='bbox 485 1282 542 1332; x_wconf 78' lang='grc' dir='ltr'><em>ὥς</em></span> <span class='ocrx_word' id='word_1_142' title='bbox 569 1281 685 1338; x_wconf 84' lang='grc' dir='ltr'><em>εἴπερ</em></span> <span class='ocrx_word' id='word_1_143' title='bbox 703 1285 938 1339; x_wconf 80' lang='grc' dir='ltr'><em>φερομένην</em></span> <span class='ocrx_word' id='word_1_144' title='bbox 963 1281 1039 1337; x_wconf 86' lang='grc' dir='ltr'><em>τὴν</em></span> <span class='ocrx_word' id='word_1_145' title='bbox 1067 1282 1189 1324; x_wconf 84' lang='grc' dir='ltr'><em>πόλιν</em></span> <span class='ocrx_word' id='word_1_146' title='bbox 1215 1285 1276 1332; x_wconf 82' lang='grc' dir='ltr'><em>εἰς</em></span> <span class='ocrx_word' id='word_1_147' title='bbox 1304 1283 1457 1338; x_wconf 79' lang='grc' dir='ltr'><em>ιῖτυχὲς</em></span> <span class='ocrx_word' id='word_1_148' title='bbox 1484 1287 1593 1327; x_wconf 76' lang='grc' dir='ltr'><em>πτῶ-</em></span> 
     </span>
     <span class='ocr_line' id='line_1_18' title="bbox 144 1346 1596 1406; baseline 0.001 -15"><span class='ocrx_word' id='word_1_149' title='bbox 144 1364 207 1402; x_wconf 90' lang='grc' dir='ltr'><em>μα</em></span> <span class='ocrx_word' id='word_1_150' title='bbox 232 1350 306 1391; x_wconf 86' lang='grc' dir='ltr'><strong><em>καί</em></strong></span> <span class='ocrx_word' id='word_1_151' title='bbox 342 1349 449 1405; x_wconf 73' lang='grc' dir='ltr'><em>ὑπὲρ</em></span> <span class='ocrx_word' id='word_1_152' title='bbox 493 1346 620 1391; x_wconf 81' lang='grc' dir='ltr'><em>αἶσαν</em></span> <span class='ocrx_word' id='word_1_153' title='bbox 662 1350 915 1405; x_wconf 76' lang='grc' dir='ltr'><em>οἷφαντῶσαι</em></span> <span class='ocrx_word' id='word_1_154' title='bbox 957 1349 1207 1402; x_wconf 79' lang='grc' dir='ltr'><em>διεπονεῖτο,</em></span> <span class='ocrx_word' id='word_1_155' title='bbox 1245 1347 1416 1391; x_wconf 79' lang='grc' dir='ltr'><em>καὶτὸν</em></span> <span class='ocrx_word' id='word_1_156' title='bbox 1440 1350 1596 1406; x_wconf 78' lang='grc' dir='ltr'><em>ταύτης</em></span> 
     </span>
     <span class='ocr_line' id='line_1_19' title="bbox 146 1408 1596 1468; baseline 0.001 -12"><span class='ocrx_word' id='word_1_157' title='bbox 146 1415 454 1467; x_wconf 81' lang='grc' dir='ltr'><em>α’ποτεταμένον</em></span> <span class='ocrx_word' id='word_1_158' title='bbox 493 1416 717 1468; x_wconf 84' lang='grc' dir='ltr'><em>συνέτεμεν</em></span> <span class='ocrx_word' id='word_1_159' title='bbox 740 1408 930 1468; x_wconf 76' lang='grc' dir='ltr'><em>ὄλεθρον.</em></span> <span class='ocrx_word' id='word_1_160' title='bbox 984 1412 1036 1455; x_wconf 83' lang='grc' dir='ltr'><em>τὰ</em></span> <span class='ocrx_word' id='word_1_161' title='bbox 1063 1416 1140 1454; x_wconf 78' lang='grc' dir='ltr'><em>τοῦ</em></span> <span class='ocrx_word' id='word_1_162' title='bbox 1166 1415 1324 1455; x_wconf 79' lang='grc' dir='ltr'><em>σκοποῦ</em></span> <span class='ocrx_word' id='word_1_163' title='bbox 1349 1415 1485 1457; x_wconf 85' lang='grc' dir='ltr'><em>τοίνυν</em></span> <span class='ocrx_word' id='word_1_164' title='bbox 1511 1431 1596 1456; x_wconf 84' lang='grc' dir='ltr'><em>κοι-</em></span> 
     </span>
     <span class='ocr_line' id='line_1_20' title="bbox 149 1478 1599 1537; baseline 0.001 -16"><span class='ocrx_word' id='word_1_165' title='bbox 149 1481 390 1533; x_wconf 81' lang='grc' dir='ltr'><em>νωσάμενος</em></span> <span class='ocrx_word' id='word_1_166' title='bbox 414 1480 596 1535; x_wconf 82' lang='grc' dir='ltr'><em>μετρίοις</em></span> <span class='ocrx_word' id='word_1_167' title='bbox 621 1481 705 1522; x_wconf 73' lang='grc' dir='ltr'><em>τῶν</em></span> <span class='ocrx_word' id='word_1_168' title='bbox 732 1480 1064 1533; x_wconf 75' lang='grc' dir='ltr'><em>κατευναστριαῖν</em></span> <span class='ocrx_word' id='word_1_169' title='bbox 1092 1478 1234 1537; x_wconf 76' lang='grc' dir='ltr'><em>ἐκείνῳ</em></span> <span class='ocrx_word' id='word_1_170' title='bbox 1265 1481 1340 1522; x_wconf 81' lang='grc' dir='ltr'><em>καί</em></span> <span class='ocrx_word' id='word_1_171' title='bbox 1363 1482 1572 1535; x_wconf 78' lang='grc' dir='ltr'><em>συγγενῶν</em></span> <span class='ocrx_word' id='word_1_172' title='bbox 1587 1515 1599 1534; x_wconf 83' lang='grc'><em>,</em></span> 
     </span>
     <span class='ocr_line' id='line_1_21' title="bbox 88 1544 1601 1601; baseline -0.002 -11"><span class='ocrx_word' id='word_1_173' title='bbox 88 1563 138 1592; x_wconf 75' lang='lat'><em>20</em></span> <span class='ocrx_word' id='word_1_174' title='bbox 149 1546 229 1588; x_wconf 76' lang='grc' dir='ltr'><em>κάκ</em></span> <span class='ocrx_word' id='word_1_175' title='bbox 257 1547 341 1587; x_wconf 74' lang='grc' dir='ltr'><em>τῶν</em></span> <span class='ocrx_word' id='word_1_176' title='bbox 363 1548 610 1601; x_wconf 77' lang='grc' dir='ltr'><em>θυγατέρων</em></span> <span class='ocrx_word' id='word_1_177' title='bbox 636 1544 907 1601; x_wconf 81' lang='grc' dir='ltr'><em>τὴνΕἰρήνην</em></span> <span class='ocrx_word' id='word_1_178' title='bbox 929 1546 1003 1586; x_wconf 79' lang='grc' dir='ltr'><em>καί</em></span> <span class='ocrx_word' id='word_1_179' title='bbox 1028 1544 1128 1586; x_wconf 87' lang='grc' dir='ltr'><em>δέκα</em></span> <span class='ocrx_word' id='word_1_180' title='bbox 1163 1546 1346 1600; x_wconf 83' lang='grc' dir='ltr'><em>χρυσίου</em></span> <span class='ocrx_word' id='word_1_181' title='bbox 1378 1548 1601 1599; x_wconf 80' lang='grc' dir='ltr'><em>ἐνθέμενος</em></span> 
     </span>
     <span class='ocr_line' id='line_1_22' title="bbox 150 1607 1637 1668; baseline 0.001 -15"><span class='ocrx_word' id='word_1_182' title='bbox 150 1611 398 1668; x_wconf 79' lang='grc' dir='ltr'><em>κεντηνάρια</em></span> <span class='ocrx_word' id='word_1_183' title='bbox 436 1610 509 1652; x_wconf 81' lang='grc' dir='ltr'><em>καὶ</em></span> <span class='ocrx_word' id='word_1_184' title='bbox 545 1609 724 1664; x_wconf 85' lang='grc' dir='ltr'><em>κόσμους</em></span> <span class='ocrx_word' id='word_1_185' title='bbox 763 1607 915 1659; x_wconf 75' lang='grc' dir='ltr'><em>ἄλλους</em></span> <span class='ocrx_word' id='word_1_186' title='bbox 941 1608 1188 1663; x_wconf 71' lang='grc' dir='ltr'><em>βασιλικούς</em></span> <span class='ocrx_word' id='word_1_187' title='bbox 1219 1612 1266 1652; x_wconf 80' lang='grc' dir='ltr'><em>ἐκ</em></span> <span class='ocrx_word' id='word_1_188' title='bbox 1294 1613 1427 1652; x_wconf 84' lang='grc' dir='ltr'><em>λίθων</em></span> <span class='ocrx_word' id='word_1_189' title='bbox 1452 1616 1637 1664; x_wconf 59' lang='lat' dir='ltr'>renai—B</span> 
     </span>
     <span class='ocr_line' id='line_1_23' title="bbox 143 1674 1598 1733; baseline 0.003 -18"><span class='ocrx_word' id='word_1_190' title='bbox 143 1678 246 1733; x_wconf 67' lang='lat' dir='ltr'>qmin</span> <span class='ocrx_word' id='word_1_191' title='bbox 271 1679 567 1731; x_wconf 80' lang='grc' dir='ltr'><em>συγκειμένους</em></span> <span class='ocrx_word' id='word_1_192' title='bbox 591 1676 663 1719; x_wconf 80' lang='grc' dir='ltr'><em>καί</em></span> <span class='ocrx_word' id='word_1_193' title='bbox 689 1674 919 1732; x_wconf 80' lang='grc' dir='ltr'><em>μαργοὶρων</em></span> <span class='ocrx_word' id='word_1_194' title='bbox 945 1677 1179 1731; x_wconf 78' lang='grc' dir='ltr'><em>διαφανῶν,</em></span> <span class='ocrx_word' id='word_1_195' title='bbox 1203 1678 1303 1731; x_wconf 79' lang='grc' dir='ltr'><em>περί</em></span> <span class='ocrx_word' id='word_1_196' title='bbox 1329 1675 1406 1731; x_wconf 66' lang='grc' dir='ltr'><em>τὴν</em></span> <span class='ocrx_word' id='word_1_197' title='bbox 1434 1677 1598 1732; x_wconf 84' lang='grc' dir='ltr'><em>πρώτην</em></span> 
     </span>
     <span class='ocr_line' id='line_1_24' title="bbox 151 1737 1600 1799; baseline 0 -15"><span class='ocrx_word' id='word_1_198' title='bbox 151 1738 258 1796; x_wconf 79' lang='grc' dir='ltr'><em>ἄρας</em></span> <span class='ocrx_word' id='word_1_199' title='bbox 286 1741 478 1799; x_wconf 68' lang='grc' dir='ltr'><em>φυλακήν</em></span> <span class='ocrx_word' id='word_1_200' title='bbox 505 1745 579 1798; x_wconf 80' lang='grc' dir='ltr'><em>τῆς</em></span> <span class='ocrx_word' id='word_1_201' title='bbox 603 1741 753 1791; x_wconf 84' lang='grc' dir='ltr'><em>νυκτὸς</em></span> <span class='ocrx_word' id='word_1_202' title='bbox 781 1737 958 1797; x_wconf 81' lang='grc' dir='ltr'><em>ἤλαυνεν</em></span> <span class='ocrx_word' id='word_1_203' title='bbox 983 1741 1044 1790; x_wconf 79' lang='grc' dir='ltr'><em>εἰς</em></span> <span class='ocrx_word' id='word_1_204' title='bbox 1070 1739 1116 1783; x_wconf 79' lang='grc' dir='ltr'><em>τὸ</em></span> <span class='ocrx_word' id='word_1_205' title='bbox 1133 1740 1363 1795; x_wconf 81' lang='grc' dir='ltr'><em>Δεβελτόν,</em></span> <span class='ocrx_word' id='word_1_206' title='bbox 1393 1740 1498 1784; x_wconf 83' lang='grc' dir='ltr'><em>ἔνθα</em></span> <span class='ocrx_word' id='word_1_207' title='bbox 1526 1742 1600 1798; x_wconf 71' lang='grc' dir='ltr'><em>την</em></span> 
     </span>
     <span class='ocr_line' id='line_1_25' title="bbox 154 1803 1598 1864; baseline 0.001 -15"><span class='ocrx_word' id='word_1_208' title='bbox 154 1810 307 1852; x_wconf 83' lang='grc' dir='ltr'><em>οἰκείαν</em></span> <span class='ocrx_word' id='word_1_209' title='bbox 334 1808 639 1863; x_wconf 82' lang='grc' dir='ltr'><em>προητοίμασεν</em></span> <span class='ocrx_word' id='word_1_210' title='bbox 667 1803 826 1864; x_wconf 70' lang='grc' dir='ltr'><em>ἄφιξιν,</em></span> <span class='ocrx_word' id='word_1_211' title='bbox 858 1808 1040 1855; x_wconf 86' lang='grc' dir='ltr'><em>δείλαιος</em></span> <span class='ocrx_word' id='word_1_212' title='bbox 1066 1807 1112 1849; x_wconf 76' lang='grc' dir='ltr'><em>ἐν</em></span> <span class='ocrx_word' id='word_1_213' title='bbox 1131 1806 1385 1864; x_wconf 73' lang='grc' dir='ltr'><em>ἀνθρώποις,</em></span> <span class='ocrx_word' id='word_1_214' title='bbox 1410 1806 1471 1864; x_wconf 77' lang='grc' dir='ltr'><em>μη</em></span> <span class='ocrx_word' id='word_1_215' title='bbox 1502 1809 1598 1864; x_wconf 77' lang='grc' dir='ltr'><em>φίλ-</em></span> 
     </span>
    </p>
   </div>
   <div class='ocr_carea' id='block_1_3' title="bbox 155 1974 1601 2814">
    <p class='ocr_par' dir='ltr' id='par_1_3' title="bbox 155 1974 1601 2814">
     <span class='ocr_line' id='line_1_26' title="bbox 155 1974 1596 2020; baseline 0 -13"><span class='ocrx_word' id='word_1_216' title='bbox 155 1984 221 2020; x_wconf 81' lang='lat' dir='ltr'>pus</span> <span class='ocrx_word' id='word_1_217' title='bbox 262 1976 358 2020; x_wconf 80' lang='lat' dir='ltr'>gravi</span> <span class='ocrx_word' id='word_1_218' title='bbox 397 1974 607 2008; x_wconf 85' lang='lat' dir='ltr'>valetudine</span> <span class='ocrx_word' id='word_1_219' title='bbox 638 1979 674 2008; x_wconf 83' lang='lat' dir='ltr'><em>et</em></span> <span class='ocrx_word' id='word_1_220' title='bbox 710 1985 850 2008; x_wconf 86' lang='lat' dir='ltr'>omnem</span> <span class='ocrx_word' id='word_1_221' title='bbox 892 1976 1107 2009; x_wconf 80' lang='lat' dir='ltr'>medicinam</span> <span class='ocrx_word' id='word_1_222' title='bbox 1146 1978 1338 2019; x_wconf 79' lang='lat' dir='ltr'>respuente</span> <span class='ocrx_word' id='word_1_223' title='bbox 1378 1984 1596 2018; x_wconf 86' lang='lat' dir='ltr'>oppressum.</span> 
     </span>
     <span class='ocr_line' id='line_1_27' title="bbox 155 2020 1600 2068; baseline 0 -14"><span class='ocrx_word' id='word_1_224' title='bbox 155 2023 263 2066; x_wconf 80' lang='lat' dir='ltr'>igitur</span> <span class='ocrx_word' id='word_1_225' title='bbox 286 2022 421 2068; x_wconf 81' lang='lat' dir='ltr'>palatio</span> <span class='ocrx_word' id='word_1_226' title='bbox 445 2032 605 2065; x_wconf 84' lang='lat' dir='ltr'>egressus</span> <span class='ocrx_word' id='word_1_227' title='bbox 631 2022 806 2066; x_wconf 84' lang='lat' dir='ltr'>plurimos</span> <span class='ocrx_word' id='word_1_228' title='bbox 833 2024 973 2067; x_wconf 81' lang='lat' dir='ltr'><strong>equites</strong></span> <span class='ocrx_word' id='word_1_229' title='bbox 998 2023 1148 2066; x_wconf 80' lang='lat' dir='ltr'>ascivit3</span> <span class='ocrx_word' id='word_1_230' title='bbox 1177 2027 1214 2054; x_wconf 86' lang='lat' dir='ltr'><em>et</em></span> <span class='ocrx_word' id='word_1_231' title='bbox 1237 2020 1417 2066; x_wconf 79' lang='lat' dir='ltr'>pedestris</span> <span class='ocrx_word' id='word_1_232' title='bbox 1444 2020 1600 2066; x_wconf 70' lang='lat' dir='ltr'>phalanx</span> 
     </span>
     <span class='ocr_line' id='line_1_28' title="bbox 155 2067 1599 2112; baseline 0 -11"><span class='ocrx_word' id='word_1_233' title='bbox 155 2081 229 2102; x_wconf 84' lang='lat' dir='ltr'><em>non</em></span> <span class='ocrx_word' id='word_1_234' title='bbox 267 2068 530 2103; x_wconf 78' lang='lat' dir='ltr'>contemnenda</span> <span class='ocrx_word' id='word_1_235' title='bbox 560 2079 603 2101; x_wconf 80' lang='lat' dir='ltr'><em>ex</em></span> <span class='ocrx_word' id='word_1_236' title='bbox 629 2068 718 2101; x_wconf 89' lang='lat' dir='ltr'>ssore</span> <span class='ocrx_word' id='word_1_237' title='bbox 755 2069 912 2102; x_wconf 80' lang='lat' dir='ltr'>civitatis</span> <span class='ocrx_word' id='word_1_238' title='bbox 938 2077 992 2103; x_wconf 83' lang='lat' dir='ltr'><em>est</em></span> <span class='ocrx_word' id='word_1_239' title='bbox 1018 2073 1220 2109; x_wconf 79' lang='lat' dir='ltr'>contracta,</span> <span class='ocrx_word' id='word_1_240' title='bbox 1255 2074 1296 2101; x_wconf 88' lang='lat' dir='ltr'><em>ut</em></span> <span class='ocrx_word' id='word_1_241' title='bbox 1321 2067 1443 2100; x_wconf 80' lang='lat' dir='ltr'>hostes</span> <span class='ocrx_word' id='word_1_242' title='bbox 1471 2069 1534 2112; x_wconf 87' lang='lat' dir='ltr'>qui</span> <span class='ocrx_word' id='word_1_243' title='bbox 1562 2070 1599 2101; x_wconf 89' lang='lat' dir='ltr'>in</span> 
     </span>
     <span class='ocr_line' id='line_1_29' title="bbox 155 2114 1601 2161; baseline 0 -13"><span class='ocrx_word' id='word_1_244' title='bbox 155 2121 249 2148; x_wconf 83' lang='lat' dir='ltr'>terra</span> <span class='ocrx_word' id='word_1_245' title='bbox 276 2121 398 2157; x_wconf 86' lang='lat' dir='ltr'>erant,</span> <span class='ocrx_word' id='word_1_246' title='bbox 420 2115 573 2148; x_wconf 75' lang='lat' dir='ltr'>maximo</span> <span class='ocrx_word' id='word_1_247' title='bbox 598 2115 757 2148; x_wconf 79' lang='lat' dir='ltr'>exercitu</span> <span class='ocrx_word' id='word_1_248' title='bbox 783 2126 828 2148; x_wconf 78' lang='lat' dir='ltr'><em>ex</em></span> <span class='ocrx_word' id='word_1_249' title='bbox 851 2116 1042 2161; x_wconf 77' lang='lat' dir='ltr'>improviso</span> <span class='ocrx_word' id='word_1_250' title='bbox 1068 2120 1282 2159; x_wconf 85' lang='lat' dir='ltr'>conspecto,</span> <span class='ocrx_word' id='word_1_251' title='bbox 1308 2114 1456 2147; x_wconf 88' lang='lat' dir='ltr'>horrore</span> <span class='ocrx_word' id='word_1_252' title='bbox 1482 2114 1601 2148; x_wconf 83' lang='lat' dir='ltr'>affice-</span> 
     </span>
     <span class='ocr_line' id='line_1_30' title="bbox 156 2161 1599 2206; baseline 0 -12"><span class='ocrx_word' id='word_1_253' title='bbox 156 2168 288 2196; x_wconf 84' lang='lat' dir='ltr'>rentur.</span> <span class='ocrx_word' id='word_1_254' title='bbox 320 2174 360 2195; x_wconf 88' lang='lat' dir='ltr'><em>ac</em></span> <span class='ocrx_word' id='word_1_255' title='bbox 401 2161 551 2195; x_wconf 79' lang='lat' dir='ltr'>forsitan</span> <span class='ocrx_word' id='word_1_256' title='bbox 581 2169 635 2194; x_wconf 86' lang='lat' dir='ltr'><em>res</em></span> <span class='ocrx_word' id='word_1_257' title='bbox 658 2162 753 2195; x_wconf 90' lang='lat' dir='ltr'>hene</span> <span class='ocrx_word' id='word_1_258' title='bbox 778 2168 875 2206; x_wconf 84' lang='lat' dir='ltr'>gesta</span> <span class='ocrx_word' id='word_1_259' title='bbox 901 2169 1014 2203; x_wconf 80' lang='lat' dir='ltr'>esset,</span> <span class='ocrx_word' id='word_1_260' title='bbox 1043 2164 1074 2196; x_wconf 76' lang='lat' dir='ltr'>si</span> <span class='ocrx_word' id='word_1_261' title='bbox 1096 2162 1154 2196; x_wconf 89' lang='lat' dir='ltr'><em>vel</em></span> <span class='ocrx_word' id='word_1_262' title='bbox 1174 2162 1252 2206; x_wconf 83' lang='lat' dir='ltr'>ipse</span> <span class='ocrx_word' id='word_1_263' title='bbox 1276 2172 1428 2206; x_wconf 83' lang='lat' dir='ltr'>pugnam</span> <span class='ocrx_word' id='word_1_264' title='bbox 1455 2163 1599 2194; x_wconf 80' lang='lat' dir='ltr'>comini-</span> 
     </span>
     <span class='ocr_line' id='line_1_31' title="bbox 155 2207 1598 2254; baseline 0 -13"><span class='ocrx_word' id='word_1_265' title='bbox 155 2209 261 2242; x_wconf 78' lang='lat' dir='ltr'>sisset</span> <span class='ocrx_word' id='word_1_266' title='bbox 294 2209 351 2243; x_wconf 87' lang='lat' dir='ltr'><em>vel</em></span> <span class='ocrx_word' id='word_1_267' title='bbox 376 2208 414 2242; x_wconf 83' lang='lat' dir='ltr'>id</span> <span class='ocrx_word' id='word_1_268' title='bbox 442 2207 584 2242; x_wconf 86' lang='lat' dir='ltr'>Lascari</span> <span class='ocrx_word' id='word_1_269' title='bbox 605 2219 735 2252; x_wconf 83' lang='lat' dir='ltr'>genero</span> <span class='ocrx_word' id='word_1_270' title='bbox 763 2210 994 2254; x_wconf 76' lang='lat' dir='ltr'>permisisset,</span> <span class='ocrx_word' id='word_1_271' title='bbox 1018 2209 1058 2242; x_wconf 85' lang='lat' dir='ltr'>in</span> <span class='ocrx_word' id='word_1_272' title='bbox 1087 2208 1232 2242; x_wconf 83' lang='lat' dir='ltr'>Latinos</span> <span class='ocrx_word' id='word_1_273' title='bbox 1263 2208 1399 2241; x_wconf 89' lang='lat' dir='ltr'>irruere</span> <span class='ocrx_word' id='word_1_274' title='bbox 1426 2209 1598 2254; x_wconf 81' lang='lat' dir='ltr'>cupienti.</span> 
     </span>
     <span class='ocr_line' id='line_1_32' title="bbox 155 2254 1600 2301; baseline 0.001 -14"><span class='ocrx_word' id='word_1_275' title='bbox 155 2267 250 2288; x_wconf 84' lang='lat' dir='ltr'>nunc</span> <span class='ocrx_word' id='word_1_276' title='bbox 268 2262 442 2301; x_wconf 84' lang='lat' dir='ltr'>perpetua</span> <span class='ocrx_word' id='word_1_277' title='bbox 458 2255 562 2300; x_wconf 85' lang='lat' dir='ltr'>fugae</span> <span class='ocrx_word' id='word_1_278' title='bbox 580 2255 749 2299; x_wconf 81' lang='lat' dir='ltr'>cogitatio</span> <span class='ocrx_word' id='word_1_279' title='bbox 776 2261 813 2288; x_wconf 85' lang='lat' dir='ltr'><em>et</em></span> <span class='ocrx_word' id='word_1_280' title='bbox 827 2256 1057 2289; x_wconf 84' lang='lat' dir='ltr'>familiarium</span> <span class='ocrx_word' id='word_1_281' title='bbox 1082 2254 1383 2299; x_wconf 82' lang='lat' dir='ltr'>eiustrepidatio</span> <span class='ocrx_word' id='word_1_282' title='bbox 1409 2265 1489 2288; x_wconf 86' lang='lat' dir='ltr'><em>eum</em></span> <span class='ocrx_word' id='word_1_283' title='bbox 1515 2267 1600 2289; x_wconf 83' lang='lat' dir='ltr'>cou-</span> 
     </span>
     <span class='ocr_line' id='line_1_33' title="bbox 156 2302 1599 2347; baseline 0 -13"><span class='ocrx_word' id='word_1_284' title='bbox 156 2302 229 2334; x_wconf 82' lang='lat' dir='ltr'>silii</span> <span class='ocrx_word' id='word_1_285' title='bbox 255 2303 399 2347; x_wconf 86' lang='lat' dir='ltr'>inopem</span> <span class='ocrx_word' id='word_1_286' title='bbox 422 2302 529 2343; x_wconf 83' lang='lat' dir='ltr'>fecit,</span> <span class='ocrx_word' id='word_1_287' title='bbox 564 2307 604 2335; x_wconf 86' lang='lat' dir='ltr'><em>ut</em></span> <span class='ocrx_word' id='word_1_288' title='bbox 626 2308 766 2335; x_wconf 82' lang='lat' dir='ltr'>tantum</span> <span class='ocrx_word' id='word_1_289' title='bbox 789 2303 866 2335; x_wconf 79' lang='lat' dir='ltr'>acie</span> <span class='ocrx_word' id='word_1_290' title='bbox 896 2303 1092 2344; x_wconf 80' lang='lat' dir='ltr'>instructa,</span> <span class='ocrx_word' id='word_1_291' title='bbox 1122 2313 1192 2347; x_wconf 82' lang='lat' dir='ltr'>qua</span> <span class='ocrx_word' id='word_1_292' title='bbox 1219 2302 1386 2334; x_wconf 80' lang='lat' dir='ltr'>Romanis</span> <span class='ocrx_word' id='word_1_293' title='bbox 1423 2312 1523 2334; x_wconf 83' lang='lat' dir='ltr'>carus</span> <span class='ocrx_word' id='word_1_294' title='bbox 1563 2308 1599 2335; x_wconf 88' lang='lat' dir='ltr'><em>et</em></span> 
     </span>
     <span class='ocr_line' id='line_1_34' title="bbox 158 2348 1597 2394; baseline 0 -14"><span class='ocrx_word' id='word_1_295' title='bbox 158 2354 275 2391; x_wconf 82' lang='lat' dir='ltr'>gratus</span> <span class='ocrx_word' id='word_1_296' title='bbox 303 2353 344 2382; x_wconf 86' lang='lat' dir='ltr'><em>ut</em></span> <span class='ocrx_word' id='word_1_297' title='bbox 368 2349 513 2382; x_wconf 82' lang='lat' dir='ltr'>Latinos</span> <span class='ocrx_word' id='word_1_298' title='bbox 527 2360 764 2393; x_wconf 68' lang='lat' dir='ltr'>aggressurus</span> <span class='ocrx_word' id='word_1_299' title='bbox 780 2350 926 2390; x_wconf 84' lang='lat' dir='ltr'>exierat,</span> <span class='ocrx_word' id='word_1_300' title='bbox 944 2349 1069 2383; x_wconf 82' lang='lat' dir='ltr'>eadem</span> <span class='ocrx_word' id='word_1_301' title='bbox 1094 2348 1299 2394; x_wconf 84' lang='lat' dir='ltr'>turpissime</span> <span class='ocrx_word' id='word_1_302' title='bbox 1314 2354 1351 2382; x_wconf 87' lang='lat' dir='ltr'><em>et</em></span> <span class='ocrx_word' id='word_1_303' title='bbox 1366 2358 1501 2381; x_wconf 86' lang='lat' dir='ltr'>summo</span> <span class='ocrx_word' id='word_1_304' title='bbox 1518 2361 1597 2381; x_wconf 88' lang='lat' dir='ltr'><em>cum</em></span> 
     </span>
     <span class='ocr_line' id='line_1_35' title="bbox 160 2393 1595 2440; baseline 0.001 -14"><span class='ocrx_word' id='word_1_305' title='bbox 160 2393 334 2428; x_wconf 82' lang='lat' dir='ltr'>dedecore</span> <span class='ocrx_word' id='word_1_306' title='bbox 362 2395 514 2436; x_wconf 85' lang='lat' dir='ltr'>rediret,</span> <span class='ocrx_word' id='word_1_307' title='bbox 538 2401 641 2428; x_wconf 79' lang='lat' dir='ltr'>aucta</span> <span class='ocrx_word' id='word_1_308' title='bbox 670 2401 707 2428; x_wconf 87' lang='lat' dir='ltr'><em>et</em></span> <span class='ocrx_word' id='word_1_309' title='bbox 733 2396 940 2429; x_wconf 81' lang='lat' dir='ltr'>confirmata</span> <span class='ocrx_word' id='word_1_310' title='bbox 966 2397 1123 2429; x_wconf 82' lang='lat' dir='ltr'>hostium</span> <span class='ocrx_word' id='word_1_311' title='bbox 1152 2395 1308 2436; x_wconf 82' lang='lat' dir='ltr'>ferocia,</span> <span class='ocrx_word' id='word_1_312' title='bbox 1333 2396 1395 2440; x_wconf 88' lang='lat' dir='ltr'><em>qui</em></span> <span class='ocrx_word' id='word_1_313' title='bbox 1421 2396 1595 2428; x_wconf 83' lang='lat' dir='ltr'>Romano-</span> 
     </span>
     <span class='ocr_line' id='line_1_36' title="bbox 160 2437 1594 2486; baseline 0.001 -13"><span class='ocrx_word' id='word_1_314' title='bbox 160 2452 237 2473; x_wconf 89' lang='lat' dir='ltr'><em>rum</em></span> <span class='ocrx_word' id='word_1_315' title='bbox 261 2441 526 2475; x_wconf 85' lang='lat' dir='ltr'>discedentium</span> <span class='ocrx_word' id='word_1_316' title='bbox 563 2442 672 2486; x_wconf 83' lang='lat' dir='ltr'>tergis</span> <span class='ocrx_word' id='word_1_317' title='bbox 708 2437 949 2477; x_wconf 75' lang='lat' dir='ltr'>inhaerebant</span> <span class='ocrx_word' id='word_1_318' title='bbox 974 2449 1010 2476; x_wconf 82' lang='lat' dir='ltr'><em>et</em></span> <span class='ocrx_word' id='word_1_319' title='bbox 1033 2442 1152 2475; x_wconf 82' lang='lat' dir='ltr'>hastas</span> <span class='ocrx_word' id='word_1_320' title='bbox 1178 2442 1215 2474; x_wconf 89' lang='lat' dir='ltr'>in</span> <span class='ocrx_word' id='word_1_321' title='bbox 1242 2453 1302 2474; x_wconf 83' lang='lat' dir='ltr'><em>eos</em></span> <span class='ocrx_word' id='word_1_322' title='bbox 1327 2441 1528 2475; x_wconf 77' lang='lat' dir='ltr'>vibrabant.</span> <span class='ocrx_word' id='word_1_323' title='bbox 1557 2442 1594 2474; x_wconf 88' lang='lat' dir='ltr'>in</span> 
     </span>
     <span class='ocr_line' id='line_1_37' title="bbox 159 2487 1593 2535; baseline 0.001 -17"><span class='ocrx_word' id='word_1_324' title='bbox 159 2487 335 2532; x_wconf 80' lang='lat' dir='ltr'>palatium</span> <span class='ocrx_word' id='word_1_325' title='bbox 360 2498 518 2522; x_wconf 81' lang='lat' dir='ltr'>reversus</span> <span class='ocrx_word' id='word_1_326' title='bbox 544 2488 591 2522; x_wconf 84' lang='lat' dir='ltr'>ad</span> <span class='ocrx_word' id='word_1_327' title='bbox 618 2490 734 2533; x_wconf 81' lang='lat' dir='ltr'>fugam</span> <span class='ocrx_word' id='word_1_328' title='bbox 762 2500 800 2522; x_wconf 84' lang='lat' dir='ltr'><em>se</em></span> <span class='ocrx_word' id='word_1_329' title='bbox 834 2495 956 2535; x_wconf 81' lang='lat' dir='ltr'>parat,</span> <span class='ocrx_word' id='word_1_330' title='bbox 982 2490 1083 2535; x_wconf 84' lang='lat' dir='ltr'>quasi</span> <span class='ocrx_word' id='word_1_331' title='bbox 1108 2489 1152 2522; x_wconf 85' lang='lat' dir='ltr'><em>(le</em></span> <span class='ocrx_word' id='word_1_332' title='bbox 1180 2488 1357 2522; x_wconf 82' lang='lat' dir='ltr'>industria</span> <span class='ocrx_word' id='word_1_333' title='bbox 1384 2488 1508 2520; x_wconf 86' lang='lat' dir='ltr'>urbem</span> <span class='ocrx_word' id='word_1_334' title='bbox 1541 2488 1593 2519; x_wconf 82' lang='lat' dir='ltr'><em>af-</em></span> 
     </span>
     <span class='ocr_line' id='line_1_38' title="bbox 161 2534 1589 2580; baseline -0.001 -14"><span class='ocrx_word' id='word_1_335' title='bbox 161 2534 296 2566; x_wconf 75' lang='lat' dir='ltr'>flictam</span> <span class='ocrx_word' id='word_1_336' title='bbox 328 2539 365 2567; x_wconf 84' lang='lat' dir='ltr'><em>et</em></span> <span class='ocrx_word' id='word_1_337' title='bbox 387 2541 509 2568; x_wconf 82' lang='lat' dir='ltr'>contra</span> <span class='ocrx_word' id='word_1_338' title='bbox 535 2536 645 2569; x_wconf 81' lang='lat' dir='ltr'>fatum</span> <span class='ocrx_word' id='word_1_339' title='bbox 683 2536 862 2580; x_wconf 81' lang='lat' dir='ltr'>perditam</span> <span class='ocrx_word' id='word_1_340' title='bbox 885 2543 922 2570; x_wconf 84' lang='lat' dir='ltr'><em>et</em></span> <span class='ocrx_word' id='word_1_341' title='bbox 947 2536 1116 2569; x_wconf 82' lang='lat' dir='ltr'>remotius</span> <span class='ocrx_word' id='word_1_342' title='bbox 1142 2537 1217 2568; x_wconf 84' lang='lat' dir='ltr'>eius</span> <span class='ocrx_word' id='word_1_343' title='bbox 1243 2536 1392 2568; x_wconf 73' lang='lat' dir='ltr'>exitium</span> <span class='ocrx_word' id='word_1_344' title='bbox 1415 2535 1589 2566; x_wconf 49' lang='lat' dir='ltr'>acceleraa</span> 
     </span>
     <span class='ocr_line' id='line_1_39' title="bbox 161 2580 1594 2628; baseline 0 -16"><span class='ocrx_word' id='word_1_345' title='bbox 161 2586 235 2613; x_wconf 86' lang='lat' dir='ltr'><em>tum</em></span> <span class='ocrx_word' id='word_1_346' title='bbox 258 2580 379 2614; x_wconf 86' lang='lat' dir='ltr'>vellet.</span> <span class='ocrx_word' id='word_1_347' title='bbox 416 2592 530 2626; x_wconf 87' lang='lat' dir='ltr'>eoque</span> <span class='ocrx_word' id='word_1_348' title='bbox 565 2582 716 2615; x_wconf 88' lang='lat' dir='ltr'>consilio</span> <span class='ocrx_word' id='word_1_349' title='bbox 741 2594 821 2615; x_wconf 89' lang='lat' dir='ltr'><em>cum</em></span> <span class='ocrx_word' id='word_1_350' title='bbox 858 2584 980 2628; x_wconf 79' lang='lat' dir='ltr'>paucis</span> <span class='ocrx_word' id='word_1_351' title='bbox 1009 2582 1229 2616; x_wconf 86' lang='lat' dir='ltr'>mulierculis</span> <span class='ocrx_word' id='word_1_352' title='bbox 1256 2587 1292 2615; x_wconf 83' lang='lat' dir='ltr'><em>et</em></span> <span class='ocrx_word' id='word_1_353' title='bbox 1316 2581 1474 2624; x_wconf 78' lang='lat' dir='ltr'>cognatis</span> <span class='ocrx_word' id='word_1_354' title='bbox 1499 2592 1594 2613; x_wconf 88' lang='lat' dir='ltr'>com-</span> 
     </span>
     <span class='ocr_line' id='line_1_40' title="bbox 161 2627 1594 2668; baseline -0.001 -7"><span class='ocrx_word' id='word_1_355' title='bbox 161 2628 355 2668; x_wconf 72' lang='lat' dir='ltr'>muniente,</span> <span class='ocrx_word' id='word_1_356' title='bbox 374 2632 410 2660; x_wconf 88' lang='lat' dir='ltr'><em>et</em></span> <span class='ocrx_word' id='word_1_357' title='bbox 422 2628 524 2660; x_wconf 86' lang='lat' dir='ltr'>Irene</span> <span class='ocrx_word' id='word_1_358' title='bbox 549 2628 624 2661; x_wconf 78' lang='lat' dir='ltr'>filia</span> <span class='ocrx_word' id='word_1_359' title='bbox 638 2635 675 2662; x_wconf 76' lang='lat' dir='ltr'><em>et</em></span> <span class='ocrx_word' id='word_1_360' title='bbox 699 2628 822 2662; x_wconf 88' lang='lat' dir='ltr'>decem</span> <span class='ocrx_word' id='word_1_361' title='bbox 836 2631 913 2663; x_wconf 81' lang='lat' dir='ltr'>auri</span> <span class='ocrx_word' id='word_1_362' title='bbox 939 2630 1153 2663; x_wconf 77' lang='lat' dir='ltr'>centenariis</span> <span class='ocrx_word' id='word_1_363' title='bbox 1179 2641 1257 2662; x_wconf 89' lang='lat' dir='ltr'><em>cum</em></span> <span class='ocrx_word' id='word_1_364' title='bbox 1284 2628 1354 2660; x_wconf 83' lang='lat' dir='ltr'>alio</span> <span class='ocrx_word' id='word_1_365' title='bbox 1379 2632 1505 2660; x_wconf 81' lang='lat' dir='ltr'>ornatu</span> <span class='ocrx_word' id='word_1_366' title='bbox 1529 2627 1594 2659; x_wconf 89' lang='lat' dir='ltr'><em>im-</em></span> 
     </span>
     <span class='ocr_line' id='line_1_41' title="bbox 162 2674 1595 2721; baseline 0 -15"><span class='ocrx_word' id='word_1_367' title='bbox 162 2674 343 2719; x_wconf 84' lang='lat' dir='ltr'>peratorio</span> <span class='ocrx_word' id='word_1_368' title='bbox 370 2684 414 2706; x_wconf 77' lang='lat' dir='ltr'><em>ex</em></span> <span class='ocrx_word' id='word_1_369' title='bbox 436 2674 601 2717; x_wconf 75' lang='lat' dir='ltr'>pretiosis</span> <span class='ocrx_word' id='word_1_370' title='bbox 628 2677 773 2719; x_wconf 83' lang='lat' dir='ltr'>gemmis</span> <span class='ocrx_word' id='word_1_371' title='bbox 799 2682 835 2709; x_wconf 87' lang='lat' dir='ltr'><em>et</em></span> <span class='ocrx_word' id='word_1_372' title='bbox 856 2677 1056 2721; x_wconf 84' lang='lat' dir='ltr'>perspicuis</span> <span class='ocrx_word' id='word_1_373' title='bbox 1080 2675 1278 2720; x_wconf 78' lang='lat' dir='ltr'>margaritis</span> <span class='ocrx_word' id='word_1_374' title='bbox 1310 2675 1347 2705; x_wconf 86' lang='lat' dir='ltr'>in</span> <span class='ocrx_word' id='word_1_375' title='bbox 1375 2685 1499 2706; x_wconf 84' lang='lat' dir='ltr'>navem</span> <span class='ocrx_word' id='word_1_376' title='bbox 1528 2674 1595 2706; x_wconf 78' lang='lat' dir='ltr'>im·-</span> 
     </span>
     <span class='ocr_line' id='line_1_42' title="bbox 162 2719 1595 2766; baseline 0 -13"><span class='ocrx_word' id='word_1_377' title='bbox 162 2721 310 2765; x_wconf 83' lang='lat' dir='ltr'>positis,</span> <span class='ocrx_word' id='word_1_378' title='bbox 340 2719 406 2752; x_wconf 87' lang='lat' dir='ltr'>sub</span> <span class='ocrx_word' id='word_1_379' title='bbox 440 2720 588 2764; x_wconf 81' lang='lat' dir='ltr'>primam</span> <span class='ocrx_word' id='word_1_380' title='bbox 616 2723 731 2755; x_wconf 81' lang='lat' dir='ltr'>noctis</span> <span class='ocrx_word' id='word_1_381' title='bbox 757 2723 914 2766; x_wconf 83' lang='lat' dir='ltr'>vigiliam</span> <span class='ocrx_word' id='word_1_382' title='bbox 938 2723 1132 2757; x_wconf 81' lang='lat' dir='ltr'>Debeltum</span> <span class='ocrx_word' id='word_1_383' title='bbox 1168 2720 1375 2759; x_wconf 81' lang='lat' dir='ltr'>contendit,</span> <span class='ocrx_word' id='word_1_384' title='bbox 1407 2720 1470 2752; x_wconf 84' lang='lat' dir='ltr'>ubi</span> <span class='ocrx_word' id='word_1_385' title='bbox 1494 2732 1595 2753; x_wconf 84' lang='lat' dir='ltr'>suum</span> 
     </span>
     <span class='ocr_line' id='line_1_43' title="bbox 165 2764 1594 2814; baseline 0.001 -15"><span class='ocrx_word' id='word_1_386' title='bbox 165 2767 357 2801; x_wconf 71' lang='lat' dir='ltr'>adventum</span> <span class='ocrx_word' id='word_1_387' title='bbox 385 2772 632 2812; x_wconf 78' lang='lat' dir='ltr'>praepararat,</span> <span class='ocrx_word' id='word_1_388' title='bbox 658 2764 762 2802; x_wconf 76' lang='lat' dir='ltr'>homo</span> <span class='ocrx_word' id='word_1_389' title='bbox 787 2769 1031 2803; x_wconf 77' lang='lat' dir='ltr'>timidissimus</span> <span class='ocrx_word' id='word_1_390' title='bbox 1047 2795 1055 2810; x_wconf 88' lang='lat'>‚</span> <span class='ocrx_word' id='word_1_391' title='bbox 1082 2770 1143 2814; x_wconf 89' lang='lat' dir='ltr'><em>qui</em></span> <span class='ocrx_word' id='word_1_392' title='bbox 1171 2778 1242 2800; x_wconf 84' lang='lat' dir='ltr'><em>non</em></span> <span class='ocrx_word' id='word_1_393' title='bbox 1268 2767 1415 2800; x_wconf 76' lang='lat' dir='ltr'>caritate</span> <span class='ocrx_word' id='word_1_394' title='bbox 1442 2767 1594 2801; x_wconf 80' lang='lat' dir='ltr'>liberum</span> 
     </span>
    </p>
   </div>
  </div>
 </body>
</html>
